1850 3109
258 138 370 180 1822
685 150 721 180 J.
754 149 893 178 ciust
943 150 1295 181 connENTARu

256 249 370 286 armis
400 248 639 294 abscederet,
660 256 777 300 atque
797 249 844 286 ad
868 263 1018 298 :equam
1053 249 1272 287 civilitatem
1305 250 1447 299 pariter
1478 257 1713 293 remearent;

253 315 304 351 ita
325 313 478 351 demum
494 326 666 350 securam
683 313 921 361 liberamque
936 313 1215 361 rempublicam
1237 313 1336 357 forc;
1359 313 1475 362 idque
1493 327 1567 350 non
1589 313 1711 351 solum

255 378 448 427 pollicitus
470 378 535 414 sed
556 376 790 414 contentiose
808 376 907 411 visus
926 383 983 412 est
1000 376 1161 420 efficere,
1179 385 1307 413 certus
1328 377 1376 414 de
1398 377 1557 414 Caesaris
1580 377 1714 414 volun·

255 449 344 486 tate,
367 443 432 491 qui
453 441 487 477 id
510 442 633 490 ipsum
654 452 675 476 a
696 440 839 476 Senatu
863 439 994 476 litteris
1015 440 1138 488 petiit,
1162 447 1202 476 ut
1222 441 1371 478 scilicet
1391 448 1458 478 aut
1487 441 1556 478 sibi
1578 440 1712 490 populi

255 506 417 544 Romani
457 502 688 540 beneficium
718 503 904 546 integrum
940 510 1165 547 servaretur,
1192 504 1264 540 lioc
1301 511 1357 541 est
1390 505 1592 553 imperium
1621 517 1710 541 cuni

254 569 492 618 lcgi‹›iiilnis;
524 573 589 603 aut
619 565 747 603 caeteri
777 566 911 603 saltem
933 566 1054 604 duces
1082 566 1117 603 in
1141 566 1223 603 '⁵ea
1245 567 1465 604 conditione
1485 574 1624 611 essent,
1646 580 1711 604 ex-

254 633 473 680 ercitusque
498 630 758 667 dimitterent:
790 630 893 680 quod
928 644 974 668 eo
1009 630 1188 668 fidentius
1219 632 1454 680 postulabat,
1479 638 1518 668 ut
1553 630 1711 681 quidam

254 695 539 745 opinabantur:
575 694 666 743 quia
697 708 749 737 se,
771 694 884 744 [177]
904 708 991 732 cum
1022 695 1148 740 vellet,
1168 696 1363 745 aliquanto
1384 695 1533 733 facilius
1565 702 1711 733 vetera-

252 772 402 802 norum,
420 770 535 807 quam
557 757 782 806 l’ompejum
803 763 992 807 tyronum,
1013 759 1220 796 exercituin
1250 759 1297 796 ad
1330 760 1514 809 obsequia
1533 758 1713 796 reductu-

252 836 336 862 rum
370 835 446 860 non
476 821 698 871 ambigeret,
711 821 864 858 'tantam
885 835 974 858 cuin
997 823 1182 859 veteranis
1210 823 1414 860 amicitiam
1447 824 1577 861 Caesar
1596 823 1710 872 longo

255 900 337 931 usu,
378 893 604 936 tantamque
643 884 937 922 familiaritatem
973 886 1203 923 contraxisse
1237 886 1449 930 videbatur,
1483 893 1603 935 utque
1630 892 1712 924 erat

253 951 415 989 affabilis
436 961 473 988 et
494 950 705 987 animorum
723 962 852 999 rapax,
876 950 954 986 sine
986 950 1061 987 ulla
1081 950 1321 987 dubitatione
1342 957 1582 988 contraxerat
1602 963 1610 986 :
1644 951 1708 988 sed

253 1028 376 1065 neque
397 1028 466 1064 per
485 1027 524 1051 se
546 1027 671 1063 neque
693 1026 760 1063 per
782 1013 956 1050 tribunos
977 1014 1079 1064 quod
1102 1013 1450 1063 petebatobtinuit‚
1467 1013 1710 1051 obstantibus

254 1078 468 1116 fautoribus
483 1077 601 1126 partis
612 1076 799 1121 adversae,
818 1077 883 1126 qui
900 1078 1045 1115 nullum
1064 1078 1253 1128 Pompejo
1273 1091 1402 1128 parem
1425 1078 1502 1127 pati
1520 1084 1710 1127 poterant.

254 1141 431 1180 ¹⁶lndicit
443 1141 478 1178 in
495 1141 569 1178 hoc
586 1149 737 1190 tempus
765 1141 1155 1186 senatusconsultum,
1171 1143 1292 1191 prima
1309 1155 1459 1191 aequum
1477 1142 1610 1187 fronte,
1626 1155 1711 1180 vere

253 1213 380 1244 autem
396 1206 634 1255 iniquuni‚ut
648 1205 736 1242 duae
750 1205 919 1254 quidem,
933 1218 1005 1242 una
1022 1206 1169 1243 scilicet
1183 1221 1227 1244 ex
1243 1207 1433 1256 Pompeji,
1446 1207 1562 1244 altera
1577 1220 1621 1243 ex
1632 1207 1716 1244 Cae-

252 1271 341 1308 saris
353 1270 568 1319 legionibus
585 1268 634 1307 ad
657 1268 798 1306 bellum
814 1269 1034 1306 Parthicum
1051 1270 1313 1307 mitterentur:
1330 1285 1375 1307 en
1395 1272 1429 1307 in
1446 1270 1569 1308 verbis
1585 1282 1712 1319 aequa-

250 1335 354 1372 litas:
375 1347 466 1371 ecce
480 1340 607 1371 autem
629 1332 665 1369 in
688 1333 801 1370 rebus
820 1333 1016 1381 iniquitas:
1049 1333 1235 1381 siquidem
1255 1346 1343 1370 cum
1369 1334 1572 1383 pompejus
1595 1348 1708 1372 unam

251 1412 272 1435 e
304 1398 379 1436 suis
408 1397 549 1447 quibus
579 1397 660 1445 ipse
690 1403 867 1446 praeerat,
898 1395 1079 1434 amicitiae
1107 1396 1199 1445 jure
1221 1395 1415 1434 ¹⁷Caesaris
1445 1398 1708 1444 concessisset,

251 1462 354 1499 illam
376 1461 478 1498 bello
510 1460 690 1498 Parthico
712 1459 917 1498 destinavit
952 1460 1071 1497 verbo
1091 1474 1166 1497 non
1188 1461 1328 1505 animo,
1349 1474 1511 1511 eamque
1532 1462 1708 1511 repetiit:

250 1539 334 1563 eam
357 1526 483 1563 Cacsar
502 1523 658 1568 remisit,
679 1530 717 1561 et
751 1538 771 1561 e
809 1524 886 1561 suis
921 1524 1024 1562 misit
1056 1538 1191 1562 unam:
1231 1526 1283 1563 ita
1322 1526 1551 1576 Pompejum
1590 1527 1707 1573 nulla,

251 1589 440 1627 Caesarem
463 1601 553 1625 vero
573 1587 726 1624 duabus
747 1588 964 1637 legionibus
986 1588 1190 1633 minutum,
1211 1602 1323 1626 nemo
1354 1589 1426 1626 fuit
1456 1590 1521 1640 qui
1545 1602 1621 1627 non
1654 1590 1709 1627 in-

252 1652 459 1702 telligeret;
497 1651 584 1688 tulit
605 1658 748 1697 tamen,
770 1652 996 1701 quinetiam
1035 1665 1124 1689 cnm
1151 1653 1375 1690 adversariis
1401 1653 1542 1702 pacisci
1573 1654 1706 1699 voluit,

254 1724 295 1755 ut
332 1716 564 1766 transalpina
595 1716 727 1754 Gallia
759 1723 795 1754 et
829 1716 1011 1754 illiricum
1032 1730 1117 1754 cum
1140 1719 1290 1755 duabus
1311 1725 1457 1755 tantum
1477 1718 1706 1767 legionibus,

250 1787 289 1818 et
308 1793 445 1818 nomen
477 1779 623 1830 imperii
647 1779 905 1817 ¹²³remaneret.
966 1780 1144 1830 Denique
1175 1795 1344 1831 eousque
1375 1781 1553 1818 submisit
1582 1781 1708 1819 excel-

252 1858 334 1882 sum
363 1844 543 1889 animum,
565 1850 607 1880 ut
645 1843 710 1893 qui
740 1844 930 1881 Caesarem
952 1856 1028 1880 non
1059 1850 1197 1888 nosset,
1239 1844 1424 1894 suspicari
1460 1858 1546 1881 eum
1578 1850 1709 1893 posset

252 1908 342 1945 belli
364 1915 466 1945 metu
486 1908 534 1944 ad
568 1907 639 1944 ista
658 1906 916 1944 descendere:
938 1920 1015 1956 quo
1037 1908 1128 1944 niliil
1148 1915 1229 1945 erat
1249 1908 1298 1945 ab
1327 1909 1424 1945 illius
1448 1908 1515 1945 viri
1537 1908 1706 1946 moribus

252 1983 297 2008 ac
331 1977 458 2007 mente
491 1971 688 2007 remotius:
720 1970 786 2007 sed
827 1977 973 2007 tantum
996 1970 1048 2006 illi
1079 1970 1244 2008 studium
1281 1971 1366 2015 suit,
1393 1971 1449 2007 vel
1481 1970 1706 2008 exerccndae

251 2035 308 2072 vel
330 2033 557 2072 simulandae
579 2033 800 2078 modestiam
826 2041 866 2070 ut
890 2033 1018 2082 ¹⁹quid
1035 2034 1102 2081 jus
1124 2034 1232 2070 vider
1250 2054 1253 2063 .
1274 2035 1375 2071 otius
1399 2034 1565 2083 eligeret,
1587 2047 1704 2083 quam

251 2098 417 2148 publicae
437 2097 720 2147 tranquillitatis
746 2110 910 2133 eversor.
967 2098 1019 2134 At
1039 2109 1127 2133 cuni
1160 2097 1373 2134 obstinatos
1407 2098 1454 2134 ad
1491 2098 1705 2147 negandum

252 2163 286 2181 ²0
307 2175 472 2206 cerm-rc,
494 2167 668 2198 senatum
690 2160 761 2196 sibi
781 2160 997 2204 adversum,
1020 2167 1057 2197 et
1078 2173 1098 2196 e
1115 2160 1191 2196 suis
1214 2160 1373 2197 inimicis
1389 2160 1707 2210 desigiiatosjam

251 2226 430 2263 consules
463 2225 638 2268 au‹liret;
672 2224 844 2261 tribunos
880 2225 945 2272 qui
980 2224 1052 2261 sibi
1073 2224 1231 2261 aderant
1254 2225 1346 2261 nibil
1375 2238 1502 2274 posse,
1524 2225 1599 2262 imo
1621 2225 1706 2274 qui-

250 2289 339 2326 dem
361 2298 519 2338 propter
539 2302 578 2325 se
600 2289 772 2338 periculo
792 2295 909 2337 atque
939 2288 1031 2325 odio
1061 2289 1280 2338 expositos:
1303 2288 1413 2338 [178]
1436 2301 1511 2325 non
1540 2289 1705 2338 amplius

251 2353 504 2390 differendum
527 2361 644 2397 ratus,
678 2367 724 2390 ne
745 2360 812 2390 aut
839 2353 895 2390 sui
926 2354 1240 2401 periclitarentur,
1262 2360 1327 2389 aut
1349 2354 1427 2401 ipse
1458 2354 1704 2392 cunctatione

250 2416 467 2459 vilescer‹·t.;
504 2417 699 2466 dispositis
732 2430 834 2454 more
871 2417 984 2453 solito
1020 2430 1088 2465 per
1121 2417 1279 2453 hiberna
1308 2417 1537 2464 legionibus,
1569 2418 1702 2455 ultimo

251 2480 412 2518 transitu
432 2494 476 2517 ex
499 2481 639 2517 Galliis
655 2480 689 2516 in
713 2479 859 2517 ltaliam
883 2479 1016 2516 rediit:
1049 2494 1127 2529 quo
1148 2494 1237 2516 cum
1257 2481 1417 2517 venisset
1441 2481 1581 2519 invenit
1608 2482 1702 2520 duas

249 2543 331 2581 illas
351 2544 518 2594 legiones
539 2544 610 2581 sub
631 2545 793 2580 obtentu
816 2543 905 2580 belli
930 2543 1093 2580 Partliici
1114 2544 1183 2581 sibi
1204 2552 1369 2593 ereptas,
1402 2559 1525 2595 neque
1556 2546 1602 2582 ad
1626 2546 1704 2584 bel-

294 2653 332 2680 15
358 2650 473 2689 Forte,
489 2652 691 2682 eudemufflm
716 2652 817 2691 Lege,
831 2651 1081 2682 Indicilur.—17
1110 2652 1212 2692 Lege,
1231 2651 1447 2682 camara—18
1464 2650 1575 2692 Adde,
1589 2650 1704 2682 sibi.—

253 2706 293 2735 19
316 2704 422 2745 Lege,
436 2704 556 2744 quidvis
569 2704 766 2736 t·ideri.—20
791 2705 894 2745 Lege,
915 2708 1062 2735 cerneret.
