1850 3109
450 188 881 229 cAP.47.1AB.nss
917 197 1071 226 nunno
1105 198 1265 228 Arana

135 293 300 325 ratissimo
341 292 479 332 scripsit
515 291 575 321 Vir
612 289 828 320 doctissimus

133 344 210 374 Car.
243 342 410 373 Aslitonus
443 340 527 371 Bibl.
568 340 690 371 Littcr.
727 340 828 371 Num.

134 401 212 424 uu.
228 392 334 422 Artic.
351 394 382 421 3.
406 391 515 422 Davi-1.
533 400 603 421 cnr.
620 401 688 421 sec.
742 391 828 429 Vigi-

129 443 240 473 liarum
266 442 368 473 ctiam
397 441 620 472 recentissimi
657 442 762 471 Dorv.
793 446 828 471 et

132 492 287 522 Leidens.
315 500 383 521 sec.
415 491 504 531 qnod
535 490 742 531 ineptissime
771 490 827 520 dc-

131 541 238 572 l'endit
268 541 456 579 Goduinus,
486 545 521 571 et
549 541 631 572 satis
664 541 829 572 refellitur

129 592 297 632 adjunctis
323 592 448 622 circiter
474 592 537 631 rig.
568 602 628 622 sec.
683 592 828 629 Confecta

130 652 190 683 pro
203 642 325 684 finita:
353 644 401 673 ita
416 643 456 674 B.
470 644 514 674 G.
532 652 580 673 vr.
595 646 625 674 3.
649 644 657 660 ‘
672 642 829 673 confecta

128 692 270 723 bieme!
296 702 358 724 vn.
375 696 406 723 3.
429 692 606 724 ‘confecta
632 693 746 733 vigilia
763 693 828 733 pri-

129 753 183 775 ma
196 743 216 774 ι’
263 744 351 775 infra
371 746 381 762 ⁴
396 743 553 775 confecto
569 744 647 784 die‚'
671 755 700 776 c.
719 748 770 776 83.
794 750 829 776 et

128 794 262 834 passim.

170 847 192 875 6
215 845 254 876 In
268 846 361 876 tertio
375 849 540 885 quartoque
554 846 604 876 die
624 846 827 886 procedendo]

130 893 207 926 Pet.
235 894 434 926 Ciacconius
468 896 651 936 legendum
681 897 829 937 conjecit

129 946 220 975 tertio
235 949 288 976 aut
304 950 412 986 quarto
425 957 539 987 quoque
554 947 604 977 die
624 949 828 987 procedendo,-

130 996 190 1027 sed
215 997 316 1027 nimia
341 1004 394 1028 est
418 998 489 1029 liaec
518 999 684 1029 mutatio:
711 999 828 1029 lubens

130 1051 242 1077 tamen
274 1057 474 1087 reponerem
502 1049 534 1078 in
562 1049 656 1080 tertio
683 1054 829 1089 quartove

127 1097 178 1128 die
188 1099 391 1136 procedendo,
408 1099 688 1138 quemadmodum
706 1100 829 1140 legitur

129 1147 160 1177 in
177 1147 277 1179 editt.
303 1148 400 1178 Rom.
418 1149 503 1178 Ven.
522 1149 680 1179 Beroald.
716 1151 828 1181 Daris.

129 1197 213 1228 Cum
228 1197 315 1229 Edd.
330 1198 424 1229 Vett.
448 1197 531 1229 facit
554 1199 621 1230 Ms.
647 1200 772 1239 Regius
796 1201 829 1230 in

128 1248 224 1279 terlio
249 1255 414 1289 quartove
440 1249 501 1280 die.
547 1249 648 1279 Forte
674 1249 706 1279 in
735 1250 830 1280 tertio

128 1301 273 1337 quartove
288 1308 403 1338 quoque
418 1298 479 1330 die.
518 1299 625 1330 Clark.
673 1300 829 1334 Quarta-e

127 1348 229 1380 etiarn
247 1349 311 1380 Ed.
329 1349 471 1381 Mediol.

172 1402 211 1430 13
236 1399 275 1430 In
289 1399 431 1438 Africam
456 1403 559 1431 autem
579 1411 638 1432 non
659 1403 748 1432 modo
771 1401 830 1432 sibi

128 1449 307 1490 quidquam]
341 1449 406 1480 ΜΒ.
436 1450 542 1481 Norv.
572 1451 606 1481 in
634 1451 762 1491 Africa,
789 1462 828 1483 ac

126 1499 175 1529 ita
200 1507 280 1529 sane
298 1508 340 1529 ex
363 1498 448 1530 Cod.
464 1500 636 1531 Thuauaeo
653 1501 829 1542 rescripsit

125 1548 226 1581 Joan.
245 1549 419 1581 Goduinus
435 1561 443 1587 ;
461 1551 700 1582 emendatione
714 1556 829 1583 tamen

127 1599 210 1630 nihil
226 1604 278 1631 est
294 1610 391 1640 opus,
403 1610 480 1631 nam
496 1607 633 1633 constat
645 1603 732 1633 hanc
746 1612 830 1644 prae-

128 1649 344 1690 positionem,
357 1651 459 1681 etiam
470 1661 546 1682 cum
561 1653 708 1692 quietem
722 1658 830 1693 notet,

127 1697 487 1740 accusativojuncta'rn
501 1701 657 1741 reperiri.
693 1703 830 1733 Curtius

127 1757 184 1780 ιιι.
204 1751 255 1779 10.
280 1750 439 1789 ‘Quippe
463 1750 608 1781 Darium
633 1751 750 1792 quinto
774 1752 829 1783 dic

127 1799 160 1829 in
192 1799 337 1830 Ciciliam
367 1799 440 1831 fore
471 1801 717 1833 nunciabatur!
773 1803 829 1834 Sic

127 1850 243 1887 Caesar
266 1849 308 1880 de
335 1850 374 1881 B.
392 1851 466 1882 Civ.
485 1854 575 1883 1.25.
601 1853 654 1882 ‘in
680 1857 830 1893 potesta-

128 1904 197 1930 tem
220 1899 358 1930 habere'
386 1900 485 1932 dixit.
532 1901 619 1933 Vide
636 1902 679 1933 G.
694 1903 728 1935 J.
747 1904 829 1934 Vos-

124 1949 209 1981 sium
247 1950 290 1981 de
325 1951 522 1982 Construct.
554 1962 583 1982 c.
618 1955 671 1983 65.
718 1954 828 1985 Daris.

124 1999 248 2037 Africa,
301 2000 355 2032 Ila
385 2007 478 2032 recte
510 2002 618 2033 edidit
648 2003 827 2035 Goduinus

125 2060 168 2081 ex
196 2051 263 2082 Ms.
289 2051 430 2082 Thnani.
476 2052 552 2084 Quo
578 2063 655 2084 cum
687 2064 827 2085 consen-

127 2100 216 2132 tiunt
247 2101 331 2132 Mss.
363 2103 446 2141 Reg.
478 2103 605 2134 Eliens.
638 2109 672 2135 et
702 2105 827 2145 Vossii,

126 2151 362 2192 sententiaque
400 2152 472 2192 ipsa
503 2154 664 2192 postulat.
711 2156 829 2196 Oppo-

125 2201 220 2232 nitur
235 2202 324 2232 enim
343 2203 565 2243 praecedenti,
582 2214 620 2234 ea:
636 2204 761 2245 Sicilia,
776 2208 828 2245 ‹⁹5⁶-

127 2253 175 2283 Ut
190 2253 313 2283 mirum
335 2254 379 2284 sit
401 2254 612 2294 Scaligerum
639 2260 674 2286 et
700 2257 830 2287 Recen-

127 2303 231 2334 tiores
248 2303 409 2343 edidisse,
422 2304 454 2335 in
468 2304 613 2342 Africam
628 2315 638 2340 ,-
653 2306 829 2348 multoque

126 2352 236 2385 adhuc
261 2354 365 2394 magis
393 2354 526 2394 mirum,
553 2355 728 2386 Davisium
757 2366 830 2387 cor-

125 2408 260 2443 ruptam
278 2403 376 2434 istam
393 2403 573 2435 lectionem
598 2414 827 2446 propugnare.

127 2453 228 2486 Quod
243 2454 332 2485 euim
349 2455 396 2484 ait
413 2459 569 2486 constare
586 2456 672 2486 hanc
697 2466 829 2497 praepo-

126 2504 294 2544 sitionem,
319 2505 420 2536 etiam
448 2515 524 2536 cum
550 2506 700 2546 quietem
721 2512 828 2546 notet,

127 2553 334 2586 Accusativo
351 2555 506 2595 junctam
531 2555 699 2595 1·eperiri;
726 2556 761 2586 in
788 2566 828 2588 eo

128 2604 366 2635 Grammaticis
386 2605 542 2643 credens,
565 2605 665 2636 valde
688 2605 827 2639 fallitur.

128 2651 264 2684 Etenim
305 2664 381 2695 quae
418 2653 566 2686 afferunt
605 2656 830 2689 Grammatici

130 2702 318 2734 istiusmodi
356 2705 617 2736 constructionis
655 2715 696 2736 ex
733 2706 829 2738 bonis

131 2751 341 2800 Auctoribus
362 2756 531 2796 exempla,
552 2765 593 2788 ea
616 2757 695 2789 loca
719 2759 832 2790 omnia

1468 186 1580 232 1611

879 289 988 319 minus
1021 295 1114 320 recto
1144 295 1223 320 sunt
1253 290 1296 320 ab
1325 290 1363 320 iis
1394 292 1581 324 intellecta.

879 340 978 371 Quod
1004 339 1111 370 refert
1139 341 1290 376 Curtius,
1317 341 1449 371 Durium
1472 344 1579 381 quinto

878 391 927 420 die
943 391 974 420 in
993 391 1148 421 Ciliciam
1164 391 1259 428 sore,-
1283 400 1346 421 non
1366 393 1482 431 ntique
1498 393 1582 432 quies

880 445 944 477 en,
973 442 1031 471 scd
1062 446 1179 472 motus:
1211 442 1358 472 ostendit
1387 443 1475 472 enini
1503 452 1579 473 eum

880 501 946 521 non
979 492 1010 521 in
1041 492 1154 522 silicia
1177 502 1264 529 esse,
1293 492 1350 522 sed
1380 492 1498 533 quinto
1525 492 1582 523 de-

880 551 968 571 mum
1010 541 1062 571 die
1103 552 1135 571 no
1178 546 1408 582 perventurum.
1480 542 1581 575 Quod

881 592 965 622 dixit
983 594 1107 629 Caesar,
1130 593 1161 621 in
1183 597 1366 632 potestatem
1391 593 1521 630 luthera·
1547 594 1581 624 in

879 651 919 672 eo
943 642 1225 683 subintelligitur,
1248 646 1416 682 reductum,
1441 645 1494 675 vel
1519 649 1582 675 tra-

880 692 991 731 ditum,
1005 693 1057 723 vel
1073 697 1256 734 susceptum,
1267 696 1320 733 25⁶.
1368 696 1411 725 Et
1428 695 1583 727 similiter

880 744 912 774 in
935 744 1081 775 caeteris.
1125 745 1180 775 De
1210 746 1380 775 contraria
1411 750 1583 777 construc-

878 795 983 833 tione,
1002 795 1058 825 ubi
1075 795 1194 825 eadem
1212 795 1421 835 praepositio,
1433 805 1507 826 cum
1523 796 1581 826 ab·

879 845 997 882 lativo,
1007 850 1133 876 motum
1142 845 1332 885 significare
1342 846 1488 885 diritnr3
1502 847 1582 878 vide

880 906 984 936 supra
999 896 1039 926 ad
1057 906 1104 927 ιν.
1124 900 1173 927 12.
1202 898 1309 927 Clark.
1357 898 1445 928 Dele
1467 903 1584 929 notam

880 956 1001 985 meam,
1013 957 1074 987 pro
1088 957 1152 988 qua
1167 948 1316 978 rescribe
1332 959 1339 978 ε
1363 948 1444 979 Msti
1456 949 1584 980 Thuan·

883 997 1024 1029 Norvic.
1049 998 1173 1038 aliique
1197 999 1349 1028 nonnulli
1373 999 1455 1029 dant
1480 999 1514 1029 in
1538 999 1584 1030 A·

874 1046 983 1085 fria-cu
1006 1052 1042 1078 et
1066 1053 1159 1078 recte
1177 1047 1326 1088 quidem,
1345 1054 1445 1089 prout
1466 1048 1584 1079 videre

882 1097 1059 1128 Goduinns
1083 1104 1119 1128 et
1145 1098 1313 1129 Clarkius.
1370 1099 1506 1130 Curtius
1537 1103 1585 1130 ta-

881 1156 957 1176 men
994 1157 1049 1178 ιιι.
1090 1153 1121 1178 5.
1161 1152 1210 1179 10.
1241 1151 1249 1165 ‘
1265 1150 1402 1189 Quippe
1440 1150 1585 1181 Darium

883 1197 999 1237 quinta
1015 1198 1071 1228 die
1086 1199 1119 1228 in
1137 1199 1283 1229 Ciliciam
1306 1199 1379 1230 sure
1408 1201 1586 1232 nuntiaba-

883 1246 959 1276 tur.’
1004 1247 1058 1278 Ibi
1072 1257 1152 1278 vero
1177 1249 1270 1288 legas
1288 1254 1426 1288 oportet
1451 1251 1484 1280 in
1509 1251 1586 1281 Cili-

880 1297 941 1336 cia,
974 1297 1076 1338 idque
1105 1298 1456 1338 praestantissimorum
1485 1300 1586 1332 Codi-

881 1357 957 1378 cum
984 1347 1064 1378 fide.
1099 1349 1211 1379 Daris.
1239 1359 1310 1379 cur.
1334 1359 1403 1380 sec.
1450 1351 1586 1382 Nollem

881 1397 1061 1427 Davisium
1093 1403 1241 1428 mutasse
1273 1399 1487 1430 sententiam.
1547 1400 1588 1431 In

880 1453 979 1480 notat
1009 1450 1095 1480 iutra
1126 1450 1159 1480 in
1190 1450 1328 1481 talibus.
1390 1451 1476 1483 Vide
1511 1461 1587 1493 quae

881 1500 1035 1540 congessi
1051 1501 1095 1531 ad
1112 1501 1268 1531 Frontin.
1287 1511 1310 1532 1.
1329 1505 1359 1533 3.
1376 1506 1405 1533 5.
1429 1502 1437 1518 ‘
1452 1502 1492 1533 In
1509 1503 1586 1534 His-

881 1551 1016 1590 paniam
1034 1551 1144 1582 victus
1158 1551 1350 1592 exercitus‚’
1374 1558 1409 1583 et
1424 1563 1528 1594 supra
1543 1554 1586 1584 ad

881 1611 914 1631 v.
933 1604 985 1632 24.
1033 1601 1078 1632 Et
1104 1611 1183 1632 sane
1213 1602 1245 1632 in
1272 1602 1415 1639 Africam
1442 1603 1495 1634 hic
1519 1613 1587 1635 ser-

882 1656 965 1682 vant
980 1651 1099 1682 Petav.
1119 1652 1206 1683 scal.
1226 1652 1424 1691 Leidenses,
1440 1654 1585 1685 Dorvill.

882 1705 917 1731 et
935 1701 1021 1731 Edd.
1034 1702 1275 1742 antiquissimae
1289 1713 1365 1734 cum
1380 1703 1483 1743 Aldo,
1495 1704 1585 1745 Gry—

882 1751 974 1790 phio,
1002 1751 1117 1782 Plant.
1147 1753 1298 1793 aliisque.
1345 1753 1398 1784 Ab
1426 1755 1586 1786 vetustis·

882 1800 972 1831 simis
990 1801 1073 1832 Mss.
1091 1802 1162 1832 hoec
1181 1803 1388 1842 dependent.
1436 1804 1525 1835 Nam
1543 1814 1586 1835 ex

882 1861 948 1881 uno
965 1852 1139 1893 alteroque
1154 1853 1280 1885 Codice
1295 1864 1357 1895 ego
1371 1864 1586 1896 nequaquam

880 1901 1097 1935 inculcarem.

925 1952 998 1982 Non
1023 1953 1109 1983 modo
1134 1953 1194 1983 sibi
1223 1964 1294 1993 non,
1320 1956 1388 1996 gv]
1419 1956 1584 1988 Ultimum

882 2012 941 2033 non
971 2003 1059 2034 hand
1091 2009 1268 2044 comparet
1296 2005 1330 2035 in
1361 2006 1584 2038 Leidensibus

882 2053 965 2083 Mss.
1012 2052 1061 2084 At
1078 2054 1232 2095 sequitur
1256 2056 1309 2086 sed
1324 2057 1428 2087 etium.
1473 2056 1585 2089 Adeo-

881 2112 946 2143 que
969 2113 1030 2134 uon
1053 2103 1157 2135 debet
1179 2106 1326 2136 secundo
1352 2107 1428 2137 loco
1452 2107 1584 2148 adesse,

881 2158 918 2184 nt
944 2153 1061 2185 docuit
1089 2156 1161 2186 Cel.
1191 2156 1301 2186 Periz.
1331 2162 1452 2188 contra
1481 2159 1585 2190 Sanc-

882 2204 978 2243 tium‚
995 2205 1123 2236 Muret.
1141 2206 1289 2247 aliosque
1307 2208 1349 2237 ad
1365 2207 1480 2239 Sanct.
1495 2208 1583 2239 Min.

880 2262 930 2284 lv.
954 2256 987 2284 7.
1015 2255 1030 2293 §
1055 2258 1087 2284 5.
1142 2255 1271 2285 Eadem
1303 2256 1443 2287 variatio
1473 2266 1501 2287 c.
1530 2260 1585 2290 87.-

880 2302 960 2333 Alia
976 2303 1063 2334 ratio
1079 2307 1132 2334 est
1148 2304 1175 2334 si
1190 2310 1351 2345 sequatur
1365 2307 1418 2337 sed
1434 2316 1482 2337 ue.

880 2363 946 2395 qua
963 2353 1040 2385 vide
1054 2354 1096 2385 ad
1113 2355 1154 2386 Β.
1168 2355 1212 2386 G.
1230 2364 1271 2386 11.
1286 2359 1335 2387 17.

923 2406 963 2435 17
1001 2404 1221 2436 Arundinibus
1243 2406 1398 2446 scopisque
1417 2408 1586 2448 contextis]

881 2453 992 2485 Nullae
1006 2456 1210 2496 conjecturae
1235 2457 1395 2489 Salmasio
1412 2459 1586 2491 satisfece-

880 2508 971 2535 runt.
1016 2505 1077 2535 Vir
1102 2505 1218 2547 itaque
1242 2516 1390 2538 summus
1415 2508 1456 2539 ad
1484 2509 1585 2549 Spar-

880 2554 963 2585 tiani
988 2555 1199 2587 Hadrianum
1226 2567 1253 2587 c.
1281 2560 1331 2588 10.
1362 2568 1393 2598 p.
1420 2561 1473 2588 88.
1498 2559 1584 2599 legit

879 2609 973 2646 atque
995 2607 1182 2636 arundinum
1208 2607 1301 2646 topiis
1327 2608 1502 2638 contextis.-
1529 2610 1585 2639 vel

879 2659 969 2696 atque
982 2657 1132 2687 arundine
1145 2657 1238 2696 topiis
1251 2659 1412 2688 contextis.
1459 2657 1514 2689 Ad
1530 2668 1586 2690 me

1526 2308 1585 2339 De

880 2706 971 2746 quod
986 2711 1124 2745 attinet,
1138 2707 1211 2737 haec
1231 2706 1399 2746 Lipsianis
1415 2716 1479 2737 non
1496 2717 1584 2748 prae-

880 2756 1026 2788 tulerim.
1070 2757 1181 2789 Dat-is.
1208 2765 1281 2787 cur.
1308 2766 1381 2788 sec.
1405 2757 1584 2802 Scopisque.
