1850 3109
378 188 555 219 istu-lh
587 175 889 216 cAP.23.nss
923 185 1078 215 nunno
1110 187 1278 217 cuuLL

101 281 246 312 sti-adae.

105 336 210 362 terus.

147 384 186 413 12
210 381 468 419 Munumentaque
482 388 550 419 quae
561 389 601 410 ea:
615 377 694 416 fano
718 378 800 409 Her-

99 431 191 471 culis]
218 431 325 470 Supra
351 433 529 461 ornamenta
561 433 681 460 vocat:
706 430 715 446 ‘
734 439 800 460 om-

101 482 223 522 niaque
250 485 446 511 ornamenta
470 490 514 511 cx
531 480 622 511 Fano
641 479 800 511 Herculis

101 532 135 564 in
147 531 308 572 oppidum
322 530 434 562 Gades
451 529 623 561 contulit.'
668 530 736 561 Per
751 539 802 560 or-

101 585 257 613 namenta
273 585 383 613 autem
400 582 486 612 haud
515 581 617 612 dubie
644 581 801 621 intelligit

100 631 300 664 simulachra
315 637 350 663 et
373 631 474 672 dona,
488 642 564 673 quae
593 631 743 672 pretiosa
767 631 800 661 in

101 683 230 724 templo
279 683 440 715 Herculis
490 683 639 724 reposita
691 686 799 713 erant.

101 733 214 765 Graeci
236 738 360 765 vocant
382 732 573 772 ἀναθήματα.
619 732 800 763 Monumen-

101 787 168 816 tum
179 785 325 823 μνημεῖον
350 789 413 823 est,
439 789 478 815 ut
503 789 597 815 recte
621 783 653 814 in
670 783 801 814 Glossis

102 833 236 865 Pbilox.
267 834 467 874 exponitur:
495 833 589 874 origo
619 837 730 863 tamen
758 832 800 863 ab

101 884 301 926 sepulchris,
316 883 406 916 unde
424 885 543 915 Festus
565 884 634 915 ait:
658 885 667 900 ‘
681 884 802 914 Monu-

100 938 251 966 mentum
268 939 331 974 est,
347 935 436 976 quod
452 934 574 965 mortui
591 943 710 964 caussa
723 933 802 964 aedi-

101 982 239 1015 ficatum
268 987 342 1015 est.’
397 984 487 1017 Quia
517 984 670 1014 nimirum
691 982 803 1014 admo-

102 1033 231 1065 nebant
251 1043 299 1065 eae
317 1034 555 1074 inscriptiones
571 1033 803 1072 mortalitatis,

104 1085 143 1114 ut
156 1083 266 1114 Varro
283 1083 340 1114 ait.
377 1083 506 1113 Vossius.

146 1135 187 1163 19
211 1133 402 1168 Quibusdam
415 1132 608 1172 civitatibus]
626 1133 667 1163 V.
685 1143 714 1163 c.
728 1142 802 1162 nos-

103 1186 158 1213 ter
173 1186 210 1214 et
234 1182 442 1214 Petavianus
473 1182 601 1214 babent
623 1182 802 1223 quibusque.

107 1233 238 1265 Vossius.
285 1232 462 1273 Quibusque
484 1232 636 1264 Grutero
658 1233 804 1273 mihique

104 1283 207 1324 magis
236 1283 363 1324 placet.
411 1282 658 1324 Quibusqueilom
688 1288 739 1314 est
770 1283 805 1313 in

103 1334 203 1365 Voss.
218 1332 381 1373 quibusque
398 1333 430 1363 iu
444 1333 569 1373 Scalig.

147 1386 189 1415 20
213 1383 420 1423 Pedibusque]
446 1382 522 1413 Hoc
550 1386 614 1422 est,
635 1391 700 1413 non
716 1382 802 1413 nat-i-

103 1433 170 1474 bus,
185 1433 243 1464 sed
257 1433 398 1464 terrestri
414 1433 524 1463 itinere
533 1443 544 1468 ;
571 1433 639 1463 sive
653 1431 686 1462 id
701 1433 805 1472 pedes,

103 1484 176 1515 sive
192 1484 223 1515 in
239 1493 325 1524 equo.
370 1483 418 1513 Ut
432 1487 524 1514 recte
540 1482 719 1514 adnotavit
735 1481 806 1513 Ho-

106 1538 294 1565 tomannus.
339 1532 429 1564 Vide
460 1532 562 1572 infra,
585 1533 629 1564 de
654 1533 742 1564 bello
760 1531 806 1563 A·

104 1584 314 1624 lexandrino‚
336 1583 378 1614 ad
392 1593 423 1616 c.
439 1585 491 1614 26.
509 1588 545 1615 et
561 1593 591 1615 c.
608 1586 659 1615 33.
686 1584 794 1615 Clark.

149 1643 242 1666 xxu.
270 1639 289 1667 4
309 1635 425 1666 Punico
451 1635 533 1666 enim
562 1636 678 1676 vetere]
708 1634 810 1668 Quod

106 1695 173 1717 non
187 1685 329 1716 multum
353 1685 553 1716 nutrimenti
576 1685 730 1725 praebet:
756 1693 812 1715 eo-

109 1745 173 1776 que
189 1735 306 1766 durior
333 1744 405 1766 sors
428 1735 700 1766 Massiliensium.
747 1734 812 1766 Pa-

106 1786 221 1817 nicum
252 1785 382 1817 Graecis
415 1784 537 1824 ἔλυμος,
561 1790 597 1816 et
625 1785 736 1823 μελίνη
772 1794 812 1816 ac

108 1834 234 1873 μέλινος
257 1835 343 1865 aliis.
389 1835 476 1866 Usos
492 1845 532 1865 eo
550 1835 680 1875 Gallos,
697 1840 733 1867 et
753 1835 812 1866 im-

108 1885 226 1927 primis
237 1883 438 1926 Aquitanos,
449 1894 490 1916 ex
506 1885 620 1917 Plinio
637 1885 811 1916 discimus.

111 1935 208 1968 Idem
224 1935 340 1976 prodit
357 1944 451 1967 xxu.
474 1938 526 1968 24.
571 1936 730 1967 Dioclem
746 1945 814 1966 me-

111 1985 223 2018 dicum
240 1985 397 2027 panicum
414 1986 637 2027 appellavisse
661 1987 728 2018 mel
748 1985 813 2016 fru-

111 2046 205 2078 gum:
238 2035 326 2077 quod
356 2035 470 2075 miror,
501 2046 578 2067 cum
610 2046 653 2067 ex
682 2036 814 2067 Galeno

112 2086 251 2118 tradant
288 2085 467 2117 herbarum
507 2086 648 2126 curiosi,
685 2086 814 2118 siceum

110 2145 196 2175 esse,
223 2144 286 2166 nec
314 2136 413 2166 multi
439 2136 603 2167 alimenti.
648 2136 717 2167 Sed
741 2144 813 2167 cre-

114 2184 196 2216 dere
232 2184 345 2215 malim
383 2190 578 2226 corruptum
614 2187 738 2224 locum,
779 2191 815 2217 et

112 2233 268 2265 fortassis
303 2233 429 2265 rectius
467 2235 672 2275 emendabat
712 2236 816 2267 Daie-

111 2286 262 2326 campius
286 2284 397 2324 μέλιαν
416 2285 561 2326 frugem,
592 2297 612 2317 a
639 2288 737 2327 nigro
763 2297 818 2318 co·

111 2336 197 2367 lore.
241 2336 405 2376 Panicum,
421 2341 460 2368 ut
478 2337 552 2367 vult
567 2336 733 2377 Isidorus,
749 2337 818 2368 dic-

112 2390 197 2426 tum,
213 2385 292 2427 quia
308 2386 408 2417 multi
423 2386 573 2418 homines
596 2397 636 2419 eo
660 2388 757 2429 panis
769 2388 818 2418 lo-

113 2445 155 2468 co
171 2440 314 2468 utuntur
332 2436 423 2478 quasi
442 2438 644 2478 panivicium.
690 2438 817 2469 Barba-

115 2495 190 2517 rum
217 2486 420 2517 vocabulum
447 2496 489 2517 ex
520 2486 652 2519 duobus
675 2487 818 2528 integris

118 2543 209 2567 more
236 2537 350 2567 saeculi
374 2537 424 2567 sui
439 2536 533 2568 fecit.
577 2537 634 2568 Sic
647 2537 682 2568 in
698 2538 818 2578 glossis

116 2585 189 2624 ejus
204 2585 297 2626 legas
327 2586 539 2627 Togipurium,
562 2597 622 2628 pro
639 2590 714 2628 toga
725 2597 818 2628 pura.

117 2634 187 2666 Sed
213 2646 326 2668 veram
354 2638 460 2678 panici
486 2639 650 2679 originem
677 2639 820 2671 deducit

120 2684 250 2716 Plinius
265 2697 285 2718 a
307 2688 478 2726 paniculis.-
513 2688 556 2720 de
582 2689 703 2731 quibus
727 2689 819 2729 vide,

121 2743 195 2775 quae
218 2736 364 2767 omnium
387 2737 598 2778 diligentiam
625 2748 821 2782 supergres-

206 2787 320 2828 Delph.
335 2791 365 2819 et
386 2788 459 2821 Var.
484 2790 567 2822 ctas.

292 280 387 311 Idem
402 277 553 310 advertit
563 287 694 319 quoqne
712 277 799 309 Gru-

796 2791 904 2823 Gaesur

1435 170 1552 218 1425

850 287 904 308 sus
920 277 1050 308 notavit
1065 277 1097 308 in
1108 277 1257 308 Solinum
1273 287 1413 319 maguus
1425 278 1551 310 Salina-

849 327 916 358 sius
933 337 966 367 p.
985 330 1057 358 125.
1104 328 1238 359 Vossius.

887 380 927 409 14
942 378 1037 408 Jussu
1053 378 1164 418 Bruti]
1175 378 1306 418 Optimi
1320 378 1441 408 Petav.
1453 377 1551 409 Leia.

851 436 904 467 pr.
946 431 981 458 et
1015 428 1084 467 alii,
1126 438 1202 459 cuin
1234 428 1321 459 Edd.
1354 427 1433 459 Ald.
1464 428 1550 460 Veu.

851 477 983 517 Gryph.
1002 478 1104 509 Basil.
1122 478 1236 509 Missa.
1281 478 1321 510 Id
1340 478 1426 519 quod
1444 479 1550 520 magis

851 527 986 558 adridet
1013 528 1174 560 Grutcro.
1220 529 1346 559 Verum
1371 529 1442 568 ipsc
1466 528 1554 559 Bru-

851 582 903 608 tus
922 587 997 608 cum
1016 583 1086 609 tota
1103 579 1210 609 classe
1228 588 1292 609 non
1309 579 1406 619 longe
1422 578 1554 618 aberat,

850 636 888 659 ac
907 631 926 658 2
943 628 992 659 hae
1010 637 1113 659 naves
1135 628 1177 659 ad
1202 629 1274 669 ojus
1291 629 1433 659 classem
1451 627 1556 668 perti·

850 679 999 718 nebant3
1024 679 1082 710 sed
1095 679 1201 719 jussae
1218 684 1317 710 erant
1329 679 1467 720 propius
1479 688 1555 720 por-

850 736 922 762 tum
959 731 1140 762 excubare.
1201 731 1333 761 Passim
1370 731 1421 761 11ae
1452 739 1553 761 voces

850 786 1098 822 permutantur.
1144 780 1239 812 Alibi
1262 782 1270 797 ‘
1285 781 1385 811 missu
1409 780 1554 812 Caesaris

851 831 988 863 venire!
1033 831 1119 862 Vide
1136 831 1177 862 ad
1195 831 1236 862 Β.
1255 831 1345 862 Gall.
1362 840 1396 862 v.
1414 834 1467 862 27.

894 885 932 913 21
959 880 1120 921 Educunt]
1154 881 1315 913 Brantius
1342 881 1484 922 conjicit
1508 881 1554 912 le-

852 932 998 973 gendum
1013 933 1165 963 deducunt
1186 932 1263 974 quia
1289 933 1414 972 passim
1438 941 1555 963 occur.

853 983 897 1013 rit
926 984 1072 1014 deducere
1101 993 1203 1015 nuces.
1249 983 1297 1014 At
1324 993 1403 1014 vero
1430 993 1470 1014 ea
1501 988 1554 1015 est

854 1031 999 1063 formula
1018 1037 1186 1073 perpetua
1212 1033 1422 1064 detrahendo
1451 1042 1555 1064 naves

855 1093 873 1113 e
890 1083 978 1114 sicco
996 1083 1049 1113 vel
1073 1084 1247 1115 navalibus
1277 1084 1310 1114 in
1339 1093 1482 1125 aquam;
1517 1088 1557 1114 ut

854 1136 970 1162 notum
985 1137 1047 1163 est.
1088 1133 1156 1163 Hic
1174 1143 1252 1164 vero
1268 1135 1398 1164 educunt
1415 1139 1467 1164 est
1480 1143 1557 1175 pro-

856 1180 986 1221 ferunt,
1023 1186 1062 1212 ut
1093 1182 1293 1213 Caesarianis
1322 1182 1459 1213 tradant
1488 1192 1557 1223 (335,

855 1236 922 1262 tam
941 1231 973 1262 iu
990 1236 1092 1272 portu
1104 1232 1274 1272 jacentes,
1295 1242 1394 1274 quam
1409 1232 1442 1263 in
1458 1241 1558 1263 nava-

855 1281 942 1313 libus
969 1287 1118 1321 stantes3
1154 1282 1213 1314 sed
1236 1287 1272 1313 et
1286 1293 1315 1313 c.
1332 1285 1386 1314 23.
1419 1282 1427 1298 ‘
1444 1282 1558 1314 Naves

855 1332 1013 1373 praesidio
1031 1333 1195 1364 onerariis
1220 1333 1364 1364 navibus
1385 1342 1427 1363 ex
1442 1332 1559 1364 Sicilia

855 1383 1022 1413 eduxerat
1035 1383 1053 1413 :’
1077 1387 1112 1413 et
1126 1393 1153 1414 c.
1166 1386 1218 1414 26.
1243 1384 1251 1399 ‘
1269 1383 1383 1413 Nares
1401 1391 1442 1412 ex
1454 1387 1559 1422 portu

856 1433 995 1464 educit!
1038 1433 1129 1464 Dein
1149 1442 1206 1472 pro
1223 1433 1343 1463 nomine
1359 1435 1389 1463 et
1405 1435 1559 1463 vetustate

856 1486 954 1524 patet
979 1492 1052 1514 esse
1080 1482 1112 1513 ἓν
1138 1482 1187 1513 διὰ
1213 1483 1303 1512 δυοῖν.
1353 1482 1429 1514 Qua
1450 1480 1560 1521 figura

856 1534 966 1564 utitur
980 1538 1096 1565 noster
1110 1532 1319 1574 frequenter.
1364 1532 1444 1563 Non
1467 1531 1559 1562 audi-

858 1586 937 1617 endi
958 1596 1053 1627 ergo,
1084 1586 1138 1627 qui
1159 1596 1218 1627 pro
1241 1585 1372 1616 nominis
1394 1587 1559 1623 telumue,

860 1636 929 1677 aut}
941 1646 997 1676 pro
1027 1636 1147 1667 nomine
1176 1635 1340 1667 vetustatis
1367 1643 1444 1665 cum
1468 1632 1558 1664 Edd.

859 1686 958 1716 Rom.
985 1686 1072 1717 Ven.
1100 1685 1245 1717 Mediol.
1273 1695 1314 1716 ac
1344 1683 1429 1716 cod.
1461 1684 1560 1715 Carr.

861 1735 1043 1766 restituere
1060 1739 1238 1767 conentur.

905 1794 1013 1816 xxn1.
1037 1788 1054 1816 3
1079 1786 1168 1816 Dzms
1190 1784 1324 1824 legiones
1338 1794 1378 1815 ex
1394 1782 1448 1823 lv]
1473 1781 1561 1813 Haec

862 1845 944 1866 vera
961 1840 1013 1866 est
1029 1836 1144 1875 lectio,
1159 1840 1197 1865 ut
1213 1844 1254 1865 ex
1271 1844 1310 1865 eo
1327 1838 1437 1874 patet,
1458 1831 1561 1873 quod,

862 1890 900 1917 ut
922 1890 1039 1916 narrat
1068 1885 1181 1916 Caesar
1206 1885 1344 1925 hujusce
1368 1883 1446 1914 libri
1462 1892 1491 1913 c.
1510 1884 1562 1912 37.

863 1936 872 1953 ‘
892 1936 992 1967 Curio
1014 1936 1049 1966 in
1072 1934 1222 1966 Siciliam
1250 1933 1393 1972 miserit,
1425 1937 1464 1964 ut
1487 1932 1561 1962 dnae

862 1986 1012 2026 legiones
1037 1985 1250 2026 reliquusque
1275 1983 1446 2024 equitatus
1469 1981 1511 2013 ad
1529 1990 1565 2012 se

862 2034 1080 2067 mitteretur!
1126 2035 1210 2066 Cum
1227 2034 1330 2075 igitur
1345 2034 1387 2065 B.
1405 2034 1443 2065 C.
1468 2042 1491 2064 1.
1510 2036 1563 2064 30.

864 2087 998 2118 dicatur
1015 2086 1185 2117 Caesarem
1197 2084 1326 2115 misisse
1340 2085 1349 2101 ‘
1364 2083 1399 2114 in
1413 2083 1564 2115 Siciliam

864 2137 1044 2169 Curionem
1069 2136 1239 2176 Propraet.
1270 2143 1347 2165 cum
1375 2133 1565 2174 legionibus

863 2187 934 2227 111‚'
957 2186 1189 2228 reponendum
1212 2184 1380 2225 legionibus
1403 2193 1452 2215 lv.
1499 2184 1567 2216 Da-

864 2238 972 2269 visitis.

908 2291 929 2319 4
951 2288 1112 2327 Biduoque
1126 2289 1157 2317 et
1172 2285 1309 2317 noctibus
1321 2283 1438 2324 tribus]
1461 2282 1568 2315 Nimi-

868 2348 926 2371 um
950 2336 1110 2378 profecto
1146 2340 1323 2377 argutatur
1354 2334 1568 2373 Ciacconius,

868 2397 946 2419 cum
963 2388 1010 2418 ait
1026 2393 1223 2428 corruptum
1239 2385 1324 2416 hunc
1342 2385 1466 2424 locum,
1489 2382 1568 2424 quia

869 2438 941 2469 dies
970 2441 1104 2468 noctem
1144 2436 1246 2467 etiarn
1286 2434 1442 2466 includit.
1499 2432 1568 2464 Sed

869 2488 955 2519 scire
996 2487 1156 2526 debebat,
1192 2486 1282 2517 diem
1323 2485 1471 2527 quidem,
1505 2483 1569 2514 etsi

869 2542 1005 2570 noctem
1036 2537 1202 2578 includat,
1237 2541 1271 2568 et
1298 2540 1397 2567 notet
1424 2534 1569 2575 spatium

869 2588 955 2619 illud
970 2596 1062 2619 xxiv
1079 2587 1250 2627 horarum,
1267 2585 1449 2625 constringi
1467 2584 1570 2615 etiam

872 2638 964 2668 intra
1005 2636 1240 2678 crepusculum
1288 2640 1324 2666 et
1374 2633 1569 2665 diluculum.

878 2687 1025 2721 Quando
1041 2688 1101 2727 ais,
1113 2687 1185 2726 jam
1207 2687 1273 2718 dies
1296 2688 1354 2724 est,
1375 2683 1458 2713 nihil
1480 2680 1571 2713 aliud

875 2738 940 2776 vis,
974 2747 1074 2780 quam
1100 2738 1226 2768 lucete.
1275 2735 1397 2775 Itaque
1421 2731 1488 2763 dies
1509 2740 1571 2773 pro

1417 2787 1437 2816 4
1452 2785 1485 2816 X
