1850 3109
243 168 357 212 1836
675 181 712 212 J.
743 182 880 212 CELSI
914 183 1265 214 COMMRN'I'ARH

244 279 492 319 invehantur:
513 281 650 319 decere
666 290 871 332 utrumque
891 283 1098 331 pertinacia
1118 284 1257 321 omissa
1276 285 1323 321 ab
1343 284 1455 323 armis
1473 284 1695 332 abscedere,

244 355 370 394 neque
391 345 580 383 fortunam
602 346 741 395 saepius
762 345 938 394 experiri,
962 345 990 381 si
1012 348 1302 395 rempublicam,
1325 348 1353 384 si
1375 349 1518 398 seipsos
1537 356 1691 389 ament:

246 420 362 446 unum
384 410 474 447 illud
498 409 724 447 tractatibus
745 409 848 457 pacis
881 408 1060 445 idoneum
1081 416 1231 459 tempus
1251 413 1446 462 arripiant,
1480 413 1573 450 dum
1595 412 1696 451 scili-

243 480 303 510 cet
341 474 505 522 partium
547 479 667 509 status
706 484 860 520 anceps,
895 472 1016 521 ecquis
1054 485 1174 522 prope
1213 475 1388 513 lancibus
1405 475 1598 526 ⁶pandet:
1630 477 1695 515 ubi

240 536 534 585 praeponderare
555 536 673 585 coepit
704 549 792 585 pars
812 535 931 573 altera
953 566 962 580 ‚
984 549 1070 573 eum
1094 537 1159 586 qui
1181 538 1353 587 superior
1371 540 1543 584 evaserit,
1575 541 1696 590 aequis

241 598 527 636 conditionibus
560 613 634 636 non
663 607 873 637 staturum:
906 613 992 637 nam
1016 601 1100 650 quis
1132 602 1168 638 in
1203 602 1454 651 prosperitate
1487 603 1542 639 uti
1575 603 1697 641 soleat

239 661 451 710 aequitate?
478 670 515 700 et
547 677 666 713 quum
688 663 735 700 de
757 664 1042 701 conditionibus
1061 665 1169 714 pacis
1191 665 1463 715 ambigeretur,
1498 679 1560 703 eas
1591 679 1612 703 a
1643 679 1698 704 se-

240 731 333 762 natu
353 733 391 763 et
411 727 555 776 populo
577 730 752 765 Romano
772 727 849 776 peti
882 735 1073 777 oportere.
1131 729 1192 765 ⁷Si
1226 729 1326 766 enim
1348 742 1393 766 ex
1428 729 1522 778 ipsis
1544 729 1695 768 civilem

241 788 406 826 animum
429 797 464 826 et
486 791 708 840 reipublicae
729 790 971 839 majestatem
993 791 1190 840 pristinam
1213 793 1425 830 restitutam
1447 806 1540 837 esse,
1575 793 1696 831 visum

242 851 302 890 iri.
359 853 512 891 Interim
535 854 763 904 principium
785 853 891 904 pacis
911 867 1005 900 esse,
1028 854 1059 891 si
1081 861 1241 905 uterque
1262 855 1463 893 confestim
1485 857 1520 892 in
1538 857 1698 894 concio-

243 928 290 953 ne
315 916 515 965 juraverit‚
553 932 592 955 se
613 919 748 955 eodem
771 919 851 968 ipso
870 918 1000 956 triduo
1034 920 1243 956 exercitum
1263 919 1524 957 dimissurum:
1556 926 1594 956 et
1614 920 1698 958 haec

245 985 288 1016 ut
308 979 410 1016 bona
441 979 519 1017 fide
553 981 613 1030 agi
647 982 855 1032 Pompejus
889 982 1052 1027 noverit,
1092 996 1130 1020 se
1158 983 1320 1032 priorem
1340 996 1472 1021 onmes
1493 983 1624 1033 copias
1643 982 1701 1020 di-

246 1043 396 1080 mittere
418 1050 591 1093 paratum
609 1059 617 1083 :
651 1046 757 1095 quod
779 1060 868 1083 cum
888 1046 1023 1084 feeerit
1043 1053 1215 1097 uterque,
1243 1048 1458 1085 necessario
1479 1053 1633 1085 senatus
1651 1059 1698 1086 ac

244 1107 379 1157 populi
406 1107 559 1156 judicio
594 1109 771 1147 standum
806 1110 912 1148 fore!
968 1112 1065 1149 Haec
1087 1124 1175 1148 cum
1204 1111 1347 1148 Vibulo
1378 1111 1425 1148 ad
1448 1111 1700 1156 ⁸Corciicam,

245 1170 311 1208 ubi
327 1184 414 1208 eum
434 1172 533 1209 forte
555 1180 764 1223 comperat,
782 1189 869 1213 cum
890 1176 1040 1224 egisset,
1057 1182 1095 1213 et
1110 1175 1272 1213 Vibulus
1289 1175 1337 1212 ad
1360 1174 1587 1224 Pompejum
1608 1175 1699 1212 ivit:

245 1240 283 1272 et
304 1235 435 1272 Caesar
466 1242 672 1275 tractatore
699 1239 806 1288 pacis
828 1239 1034 1288 praemisso,
1070 1246 1226 1288 paratus
1261 1240 1308 1276 ad
1341 1239 1481 1275 bellum
1499 1252 1519 1275 e
1540 1238 1701 1289 vestigio

247 1298 475 1336 subsecutus
496 1301 629 1350 positis
651 1302 697 1339 ad
720 1303 881 1340 Oricum
903 1303 1037 1339 castris
1059 1309 1194 1340 contra
1216 1303 1363 1340 hostem
1387 1302 1576 1340 constitit:
1599 1315 1703 1353 mag-

246 1373 318 1398 nus
339 1361 375 1398 in
395 1364 566 1400 exercitu
587 1365 764 1414 Pompeji
799 1366 953 1415 inopino
975 1366 1137 1404 Caesaris
1158 1366 1323 1403 adventu
1346 1366 1531 1404 tumultus
1552 1379 1702 1404 exarse-

246 1430 319 1469 rat,
340 1438 418 1475 quo
440 1440 678 1477 compresso,
701 1429 769 1466 ubi
790 1430 954 1479 primum
975 1430 1091 1467 animi
1112 1430 1380 1480 conquievere,
1406 1429 1569 1467 Vibulus
1590 1430 1703 1467 adhi-

246 1487 337 1525 bitis
356 1490 504 1539 aliquot
518 1504 562 1528 ex
579 1492 635 1536 iis,
653 1506 750 1542 quos
761 1493 950 1543 Pompejo
966 1507 1073 1531 caros
1089 1493 1267 1543 fidosque
1282 1493 1585 1543 cognoverat,de
1598 1506 1705 1531 man-

245 1550 348 1589 datis
364 1553 526 1591 Caesaris
542 1555 649 1605 loqui
669 1556 807 1606 coepit:
830 1556 942 1606 [196]
970 1557 1109 1607 vixque
1130 1557 1223 1594 dum
1238 1557 1483 1607 incipientem
1500 1557 1705 1607 Pompejus

247 1614 452 1666 interrupit
472 1619 704 1657 exclamans.
760 1624 768 1640 ‘
793 1621 841 1657 Et
863 1620 985 1670 quid‚'
1010 1621 1147 1670 inquit,
1169 1626 1179 1641 ‘
1202 1620 1292 1657 mihi
1313 1620 1372 1657 vel
1392 1620 1468 1657 vita
1488 1619 1546 1657 vel
1567 1620 1702 1658 civitas

248 1679 451 1729 profutura
470 1688 540 1729 est,
561 1695 676 1732 quam
693 1682 882 1721 beneficio
903 1685 1065 1722 Caesaris
1084 1691 1281 1722 assecutus
1301 1684 1458 1721 videm-t
1477 1684 1591 1733 cujus
1612 1696 1705 1721 con-

248 1743 405 1782 trarium
427 1745 546 1783 videri
565 1747 734 1797 ⁹nequit,
757 1747 829 1784 nisi
849 1747 950 1785 bello
970 1755 1130 1798 peracto
1151 1748 1187 1785 in
1208 1748 1373 1792 Italiam,
1394 1746 1495 1784 unde
1515 1746 1704 1785 discesse-

248 1806 333 1852 rim,
363 1808 433 1845 sim
464 1812 665 1848 reversuS.'
719 1811 964 1861 Responsum
985 1812 1060 1848 hoc
1083 1812 1238 1856 Caesari,
1260 1824 1328 1861 per
1346 1824 1411 1848 eos
1432 1811 1534 1860 ipsos
1554 1810 1620 1860 qui
1641 1823 1706 1848 au-

250 1870 400 1908 dierant
420 1871 529 1918 illud,
560 1879 694 1910 notum
723 1873 821 1913 fuit:
854 1875 1045 1924 potuisset
1065 1875 1270 1912 mediocris
1289 1875 1404 1911 etiam
1426 1874 1482 1911 vir
1498 1873 1704 1911 fortissime

250 1935 451 1978 subirasci,
473 1937 677 1986 indignari,
711 1951 864 1976 omnem
886 1939 992 1989 pacis
1012 1940 1187 1976 omittere
1207 1938 1451 1975 mentionem.
1508 1938 1595 1986 Ipse
1616 1949 1705 1974 vero

249 2010 326 2035 non
344 1998 502 2043 destitit,
524 1999 590 2036 sed
613 2000 713 2037 aliud
735 2001 806 2038 iter
825 2002 932 2050 pacis
954 2002 1147 2051 ingressus
1167 2008 1356 2038 retentare
1376 2000 1509 2045 voluit,
1530 2012 1577 2037 an
1598 1999 1704 2050 quod

251 2067 400 2099 secreto
429 2075 504 2099 nou
525 2069 705 2112 potuerat
729 2065 853 2114 palam
875 2074 1018 2114 posset.
1077 2066 1168 2102 Erat
1196 2065 1293 2101 inter
1313 2070 1438 2101 castra
1458 2063 1601 2100 ducum
1621 2075 1705 2101 am-

250 2125 306 2162 nis
332 2138 429 2162 unus
461 2126 618 2176 exiguus
639 2128 833 2177 ¹0Tapsus
867 2128 1044 2171 nomine3
1075 2128 1129 2165 ibi
1163 2128 1300 2165 milites
1321 2127 1502 2176 ¹¹ereptis
1538 2126 1638 2164 inter
1666 2139 1707 2164 se

252 2189 475 2239 quotidiana
496 2191 692 2241 colloquia
713 2205 835 2229 serere
856 2193 957 2230 soliti
976 2198 1096 2236 erant,
1124 2192 1202 2229 sine
1222 2191 1300 2228 ullo
1319 2191 1481 2228 telorum
1511 2189 1706 2239 periculo:

252 2254 414 2304 ¹²quum
446 2254 543 2291 inter
575 2263 701 2305 partes
722 2256 959 2294 convenisset
988 2255 1234 2306 colloquendi
1267 2254 1385 2292 credo
1418 2253 1606 2290 desiderio
1627 2258 1709 2290 tan-

253 2317 372 2366 tisper
400 2317 473 2354 iras
505 2319 733 2357 cohibente:
765 2320 843 2357 illic
875 2321 1008 2358 Caesar
1044 2321 1086 2357 P.
1106 2319 1302 2357 Vatinium
1335 2331 1381 2355 ex
1414 2317 1544 2366 legatis
1561 2316 1636 2354 suis
1656 2317 1707 2354 ire

248 2380 375 2429 jubet,
410 2388 448 2418 et
468 2395 727 2432 quaecumque
763 2384 880 2434 magis
902 2384 1103 2421 extimaret
1132 2382 1182 2419 ad
1215 2394 1348 2431 pacem
1379 2386 1531 2417 motura
1549 2380 1707 2425 animos,

252 2455 343 2481 cum
364 2444 512 2481 civibus
533 2445 757 2496 eisdemque
779 2446 954 2484 hostibus
974 2459 1101 2496 agere,
1132 2451 1171 2483 et
1189 2457 1290 2495 soepe
1311 2445 1388 2481 alta
1410 2455 1503 2480 voce
1524 2455 1707 2492 quaerere,

297 2603 318 2629 6
341 2599 446 2640 Lege,
467 2601 654 2641 pendet—7
680 2605 794 2644 Forte,
820 2605 874 2636 Sic
897 2606 979 2636 enim
1002 2605 1079 2646 ipsis
1100 2604 1297 2634 civilem—8
1322 2600 1438 2638 Forte,
1466 2597 1637 2635 Corciram,
1657 2596 1711 2627 nbc·

248 2651 336 2689 sffl'le
351 2661 420 2683 eum
439 2658 672 2693 ¹¹01n‘r·erat.-9
697 2657 810 2699 Forte,
826 2661 1051 2699 nequeat.—10
1074 2659 1178 2698 Lege,
1192 2656 1389 2697 Apsus.—11
1416 2652 1531 2692 Forte,
1546 2650 1708 2682 crebro.—

259 2707 299 2736 12
323 2704 439 2745 Forte,
454 2706 542 2747 quasi
557 2707 639 2740 inter
651 2712 771 2750 partes.
