1850 3109
405 196 928 238 1Ass.u1.cAP.18.DE
962 208 1118 238 nunno
1151 211 1322 242 cnvnn

139 299 338 341 particulam
363 299 541 331 delendam
565 298 719 337 censuim
745 299 833 339 quod

137 351 260 382 miror:
295 353 410 380 noster
447 349 534 379 enim
572 349 711 389 hujusce
755 349 833 380 libri

136 411 166 431 c.
185 404 235 432 18.
251 400 338 430 dixit
353 403 478 429 conatus
494 404 604 429 tamen
623 399 833 430 nihilominus

133 455 202 482 est:
227 455 261 481 et
276 451 396 481 Cicero
412 450 454 480 ad
473 451 562 481 Fam.
589 451 698 489 Epist.
716 460 761 481 ιν.
780 454 831 482 13.

133 501 257 532 Tamen
282 501 494 531 nihilominus
518 501 561 531 eis
582 501 724 542 conficior
738 502 829 532 curis.

131 551 219 582 Aliae
254 551 355 581 etiam
393 550 544 590 ejusdem
576 551 830 589 significationis

130 600 306 642 particulae
343 600 548 640 conjunctim
588 601 756 641 leguntur,
793 606 829 631 ut

129 651 281 682 ostendit
308 651 362 681 Fr.
394 651 550 682 Sanctius
579 651 664 681 Min.
694 660 750 681 ιιι.
778 654 828 683 14.

128 711 163 742 p.
180 704 255 733 572.
272 711 368 742 seqq.
388 702 501 732 Daris.
545 702 671 732 Merito
694 702 746 732 hic
769 702 827 732 mi-

127 756 225 784 ratur
240 753 401 783 Davisius
417 752 581 783 inscitiam
607 753 827 793 Hotomanni‚

127 802 184 842 qui
199 812 314 833 vocem
331 806 431 833 tumen
446 805 565 833 contra
581 803 726 833 omnium
741 804 824 835 Mss.

125 852 224 883 fidem
248 853 427 883 delendam
452 852 603 890 censuit3
628 863 702 884 cum
728 854 826 893 phra-

124 903 169 933 sis
186 903 248 934 ista
263 903 460 933 nihilominus
473 906 577 933 tumen
591 904 641 933 vel
659 903 755 934 nihilo
777 907 824 934 ta-

123 963 191 984 men
214 954 313 984 minus
335 959 370 984 ct
397 953 532 993 optimis
557 953 600 984 sit
627 954 823 984 auctoribus

124 1008 159 1035 et
188 1003 315 1034 Caesari
336 1003 398 1043 ipsi
421 1013 487 1034 non
505 1003 677 1035 inusitata.
715 1004 822 1034 Clark.

123 1053 231 1084 Abest
247 1054 332 1083 male
350 1054 391 1083 ab
409 1053 496 1084 Edd.
515 1053 612 1084 Rom.
627 1053 821 1085 Me‹1.Ven.

119 1107 184 1135 occ.
232 1104 319 1134 Vide
336 1103 472 1134 Lexica.

164 1157 201 1184 ll
227 1154 321 1185 Hunc
340 1164 404 1185 rem
426 1162 489 1182 esse
511 1153 722 1193 impedimenti
743 1154 822 1194 Ioco]

118 1203 188 1236 ΜΞ.
206 1204 313 1235 Norv.
331 1204 414 1235 edit.
443 1203 543 1234 Rom,
558 1204 643 1234 Ven.
661 1204 818 1235 Beroald.

116 1254 247 1286 habent
271 1255 349 1285 hanc
364 1264 429 1285 rem
444 1254 506 1284 illis
521 1264 584 1284 esse
605 1254 819 1294 impedimenti

117 1306 188 1337 loco.
234 1305 429 1346 Legendnm
446 1305 523 1335 lianc
537 1314 602 1336 rem
618 1305 663 1335 illi
679 1314 752 1345 esse,
766 1307 818 1345 &a

115 1355 274 1387 nimirum
304 1355 552 1396 compositioni,
582 1355 624 1385 dc
652 1366 718 1396 qua
743 1365 818 1395 age-

116 1406 225 1438 batur.
251 1406 362 1437 Daris.
407 1407 493 1437 Cum
521 1406 554 1435 in
583 1406 648 1436 Ms.
677 1405 816 1445 Eliensi,

114 1465 180 1487 nec
207 1465 273 1486 non
301 1456 334 1486 in
365 1456 430 1486 Ms.
462 1455 547 1493 Reg.
577 1459 612 1485 et
642 1455 675 1484 in
706 1455 816 1487 Editt.

114 1506 211 1537 Vett.
254 1506 418 1546 scriptum
448 1506 492 1536 sit
524 1515 618 1546 neque
645 1506 724 1536 hanc
750 1516 816 1537 rem

112 1556 179 1587 illis
195 1566 268 1595 ess-e,
283 1557 334 1595 35⁶·
358 1557 538 1597 legendum
557 1556 731 1588 existimat
749 1559 816 1588 Da-

112 1605 213 1636 visius
255 1607 441 1647 (quomodo
473 1611 507 1637 et
536 1607 569 1637 in
603 1607 668 1637 Ms.
700 1608 812 1639 Vossii

113 1655 279 1696 scriptum
296 1656 422 1697 reperi)
446 1667 541 1696 neque
563 1657 640 1687 hanc
664 1668 727 1688 rem
752 1658 813 1697 illi,

113 1706 186 1738 scil.
203 1706 428 1746 compositioni,
440 1716 501 1737 esse
515 1707 726 1746 impedimenti
741 1709 812 1739 loco.

112 1756 180 1788 Qui
205 1756 340 1796 quidem
363 1766 479 1787 sensus
509 1757 591 1788 satis
618 1762 670 1788 est
697 1758 812 1789 bonus.

112 1806 283 1837 Caeterum
308 1807 474 1838 attentius
497 1807 599 1838 libros
620 1808 813 1848 inspicienti

110 1856 283 1894 occurrit3
310 1856 432 1897 quibus
449 1857 481 1886 in
506 1857 689 1888 Codicibus
706 1859 810 1898 scrip-

109 1909 181 1936 tum
200 1911 252 1937 est
267 1916 332 1938 rem
351 1907 414 1937 illis
431 1917 506 1946 esse,
524 1908 574 1938 vel
591 1917 655 1938 rem
671 1908 718 1938 illi
735 1918 810 1946 esse,

106 1956 142 1988 in
165 1958 214 1988 eis
237 1958 390 1988 omnibus
417 1958 544 1997 statim,
570 1964 646 1998 post
671 1959 736 1998 ᾡιο
760 1970 809 1989 sv-

107 2008 249 2050 quentia
264 2008 444 2046 vocabula,
461 2008 579 2039 deesse
601 2019 718 2040 vocem
743 2010 808 2048 Illi,

105 2066 125 2090 a
151 2068 218 2100 qua
244 2059 398 2099 proxima
423 2059 592 2090 sententia
619 2061 806 2091 exorditur.

103 2109 147 2141 In
161 2109 235 2140 istis
251 2109 352 2149 igitur
366 2109 461 2140 libris
478 2119 518 2140 ea
531 2118 594 2139 vox
609 2110 687 2140 inde
703 2115 808 2141 trans-

104 2158 216 2199 posita
232 2159 439 2190 solummodo
455 2159 610 2190 videtur:
637 2164 672 2191 et
695 2161 807 2200 proin-

103 2207 148 2239 de
177 2210 281 2249 quaeri
313 2214 439 2249 potest,
471 2218 579 2240 annon
609 2211 709 2241 lectio
737 2202 805 2241 vul-

103 2262 185 2299 gata
200 2259 313 2299 potius
329 2260 374 2291 sit
389 2260 576 2291 retinenda.
612 2261 717 2292 Clark.
764 2262 807 2292 Il-

102 2309 144 2340 lis
158 2319 184 2340 e.
200 2310 265 2351 inp.
283 2311 304 2340 l.
323 2310 430 2350 Neque
454 2315 507 2341 est
530 2310 562 2340 in
592 2311 676 2342 Mss.
701 2313 805 2343 omni-

99 2358 164 2391 bus
177 2364 213 2391 et
225 2360 309 2391 Edd.
325 2361 439 2400 primis
455 2371 462 2391 :
480 2362 542 2392 loco
555 2363 686 2393 exsulat
700 2363 803 2394 etiam

101 2419 124 2441 a
138 2411 246 2452 Bong.
266 2416 300 2443 et
322 2413 426 2442 Dorv.
474 2411 574 2442 Aliud
593 2413 671 2453 qnid
696 2414 802 2445 latere

101 2460 262 2493 videtur:
294 2462 346 2492 ille
371 2472 450 2493 vero
478 2472 541 2503 pro
569 2463 617 2494 illi
646 2464 801 2495 exhihuit

98 2510 304 2553 Stephanus,
327 2518 361 2544 et
377 2513 479 2545 scribi
495 2514 598 2545 etiam
623 2515 726 2547 voluit
748 2516 801 2547 Ci-

101 2563 272 2602 noconius,
292 2565 371 2604 quia
387 2565 475 2596 solus
490 2565 577 2596 Libo
594 2572 667 2597 erat
686 2567 715 2597 iu
733 2568 800 2598 col-

100 2609 234 2651 loqni03
267 2620 299 2643 et
327 2614 443 2645 statim
475 2625 536 2656 pro
564 2626 637 2656 quos
662 2617 800 2648 Ciacco-

103 2659 179 2691 nius
192 2664 340 2703 conjecit
368 2664 476 2699 Quod.-
503 2671 541 2697 ut
560 2667 602 2697 de
622 2668 660 2698 B.
678 2668 720 2698 G.
745 2677 799 2698 111.

101 2711 156 2741 23.
191 2712 200 2729 ‘
217 2714 318 2746 Quod
347 2715 406 2746 ubi
432 2716 684 2757 animadvertit,
722 2727 799 2748 suas

102 2760 216 2800 copias
245 2771 312 2794 non
340 2764 482 2798 diduci.’
523 2777 553 2799 c.
582 2770 635 2800 68.
667 2768 679 2786 ‘
697 2767 797 2800 Quod

1476 202 1587 244 1461

887 309 988 340 quum
1013 305 1102 332 esset
1127 302 1410 342 animadversum,
1428 307 1589 345 conjunc.

887 354 957 380 tuni
983 361 1055 382 csse
1083 351 1231 383 flumini!
1279 354 1317 384 B.
1345 354 1452 384 Asi-ie.
1480 367 1508 386 c.
1533 360 1586 389 63.

884 399 1004 431 ‘Quod
1036 407 1213 442 postquam
1242 403 1494 443 animmlwnit,
1517 407 1586 437 ani-

884 449 946 479 mis
964 459 1026 479 nou
1045 451 1155 481 resisti
1175 455 1294 491 posse!
1318 453 1416 484 Adde
1430 455 1471 485 Β.
1486 455 1585 496 Hisp.

884 508 959 539 cap.
977 504 1028 530 20.
1044 506 1079 531 ct
1095 502 1218 541 sir—pins
1235 503 1327 542 alibi,
1351 503 1399 534 ita
1424 510 1460 534 ut
1482 505 1586 536 abun-

884 549 941 579 det
973 551 1072 589 qnod:
1107 551 1216 581 simile
1246 556 1298 582 est
1333 562 1362 584 c.
1391 556 1444 584 63.
1480 555 1583 586 ‘Hoc

882 599 992 636 enim,'
1017 603 1078 630 occ.
1126 600 1170 630 At
1202 610 1281 631 vcro
1313 602 1481 634 Gruterus
1509 614 1584 644 pro-

881 658 1003 680 nomen
1027 651 1162 681 omnino
1186 651 1291 682 deleri
1316 653 1464 684 volebat.
1510 654 1586 686 Ste-

882 700 1008 739 phanus
1034 700 1142 731 edidit
1168 701 1265 736 Quem
1292 712 1367 733 cum
1399 704 1463 735 Ed.
1491 705 1584 737 Flor.

879 750 1048 781 Beroaldo
1067 755 1101 781 et
1117 751 1254 782 Vascos.
1281 757 1379 793 atque
1396 754 1445 784 ita
1467 753 1582 786 inveni

878 800 911 830 in
938 802 1022 832 Mss.
1051 802 1147 832 Voss.
1175 807 1211 834 ct
1238 803 1345 844 Bong.
1392 804 1433 835 Iu
1456 807 1581 837 ceteris

878 851 1031 882 omnibus
1061 852 1143 884 Mss.
1169 857 1205 883 et
1234 852 1319 883 Edd.
1345 854 1474 894 primis,
1497 854 1581 886 item

876 901 964 931 Ven.
979 902 1058 932 Bas.
1077 902 1209 943 Gryph.
1227 907 1279 933 est
1294 913 1370 942 quoe.
1417 903 1471 934 Ab
1488 903 1578 936 Aldu

876 950 1069 991 profectum
1085 956 1137 983 est
1159 952 1241 983 illud
1260 953 1358 993 Quos,
1381 963 1447 984 non
1468 954 1577 985 minus

877 1010 916 1031 ac
947 1002 1021 1032 Illi:
1045 1002 1137 1042 quod
1163 1012 1204 1033 eo
1234 1003 1308 1034 loco
1336 1004 1370 1033 in
1398 1004 1484 1035 Mss.
1509 1014 1577 1036 non

875 1060 1074 1091 comparere
1088 1052 1243 1083 vidimus.
1287 1053 1427 1085 Judicet
1442 1055 1579 1094 Lector,

874 1101 954 1142 quid
971 1103 1065 1143 sequi
1084 1103 1177 1134 velit.
1225 1103 1338 1134 Facile
1355 1104 1443 1135 enim
1466 1105 1579 1145 plura-

874 1151 915 1181 lis
943 1153 1072 1182 servari
1100 1157 1236 1192 potest:
1267 1153 1347 1193 quia
1373 1154 1458 1185 Libo
1484 1164 1575 1186 com-

871 1201 965 1231 muni
984 1202 1159 1242 utriusque
1175 1203 1380 1243 loquebatur
1396 1203 1540 1235 nomine.

914 1260 1021 1282 xvni.
1039 1256 1056 1283 5
1081 1252 1194 1292 Redit]
1223 1252 1458 1294 Scribendum‚
1479 1255 1574 1285 rediit

870 1302 924 1333 vel
951 1302 1045 1342 redit,
1078 1307 1221 1343 propter
1249 1307 1447 1343 sequentem
1478 1306 1576 1336 admi-

868 1352 1034 1383 nistrabat.
1070 1353 1177 1383 Clark.
1224 1352 1336 1384 Rediit
1352 1353 1454 1385 estin
1475 1354 1572 1386 Leid.

868 1412 935 1434 sec.
972 1402 1032 1433 sed
1068 1403 1115 1433 nil
1151 1403 1351 1434 mutandum
1393 1408 1492 1444 patet
1528 1414 1571 1436 ex

868 1453 1038 1484 sexcentis
1065 1453 1173 1484 nostri
1197 1453 1301 1485 locis:
1337 1464 1412 1494 quae
1441 1458 1571 1486 temere

868 1505 1023 1536 Clarkius
1038 1509 1073 1536 et
1088 1505 1247 1536 Davisius
1260 1506 1382 1539 ubique
1401 1506 1570 1539 inmutare

866 1561 1044 1587 conantur.

908 1609 926 1636 7
949 1606 1009 1638 Ubi
1021 1607 1155 1647 primum
1170 1616 1275 1637 rursus
1288 1607 1425 1638 adhibito
1439 1607 1571 1650 Libone]

864 1655 987 1687 Ursino
1005 1656 1084 1686 illud
1102 1666 1208 1687 rursus
1225 1657 1396 1687 abundare
1419 1657 1568 1690 videtur.

864 1706 930 1736 Sed
961 1709 1104 1747 probum
1132 1713 1206 1738 est:
1240 1708 1332 1738 locus
1359 1713 1471 1739 tamen
1500 1718 1567 1740 non

864 1766 1108 1797 usquequaque
1141 1767 1260 1788 sanus:
1299 1767 1373 1787 nam
1402 1767 1567 1799 nusquam

864 1816 966 1847 snpra
982 1807 1068 1837 dixit
1086 1807 1200 1838 Caesar
1215 1807 1400 1838 Vibullium
1417 1808 1459 1839 de
1475 1817 1568 1839 man-

862 1856 952 1887 datis
991 1857 1057 1887 suis
1108 1867 1183 1887 cum
1232 1858 1399 1898 Pompeio
1445 1859 1565 1898 egisse.

862 1907 977 1938 Quare
995 1917 1060 1937 una
1076 1908 1177 1938 litera
1192 1907 1368 1937 immutata
1382 1918 1422 1937 ex
1441 1909 1563 1940 Petav.

860 1957 980 1988 codice
997 1959 1071 1997 lego
1085 1958 1131 1988 ibi
1143 1958 1279 1998 primum
1290 1969 1300 1988 .-
1315 1959 1371 1987 sed
1387 1958 1564 1990 commode

859 2008 1133 2048 distinguendum
1171 2014 1235 2048 est,
1272 2008 1397 2048 alioqui
1437 2018 1478 2039 ne
1514 2009 1563 2040 sie

859 2059 995 2099 quidem
1011 2069 1125 2089 sensus
1150 2058 1255 2090 bonus
1272 2061 1361 2089 erit:
1386 2059 1435 2089 ita
1458 2059 1561 2091 inter·

858 2118 982 2148 punge,
1018 2109 1064 2139 ibi
1096 2109 1246 2149 primum,
1281 2118 1387 2138 rursus
1422 2109 1562 2140 adhibito

856 2158 998 2194 Libone;
1024 2168 1100 2189 nam
1126 2159 1212 2189 Libo
1238 2159 1350 2199 paullo
1377 2164 1455 2190 ante
1483 2169 1561 2191 cum

859 2209 992 2239 Caesare
1016 2209 1059 2240 de
1086 2209 1333 2249 compositione
1362 2210 1499 2241 locutus
1528 2219 1561 2242 e-

857 2264 929 2290 rat:
958 2269 1057 2299 porro
1075 2269 1136 2300 pro
1157 2270 1237 2299 cum,
1261 2260 1350 2300 quod
1376 2260 1491 2291 statim
1507 2269 1559 2291 se-

857 2309 982 2349 quitur,
1005 2309 1037 2339 in
1062 2309 1140 2340 Pet.
1167 2314 1203 2340 et
1232 2309 1346 2339 Palat.
1373 2314 1423 2340 est
1449 2319 1559 2349 quem:

855 2363 891 2390 et
913 2359 961 2389 sic
987 2369 1119 2400 quoque
1142 2360 1176 2389 in
1202 2369 1262 2390 suo
1287 2359 1405 2390 codice
1427 2360 1560 2400 reperit

855 2411 1008 2442 Ursinus.
1046 2411 1180 2442 Vossius.
1225 2411 1292 2441 Ubi
1317 2411 1466 2451 primum,
1488 2421 1557 2442 rui·-

852 2472 904 2492 sus
920 2463 1060 2492 udhioito
1075 2462 1191 2493 Libone
1205 2480 1260 2501 —-‚
1283 2472 1376 2502 agere
1389 2462 1532 2493 instituit
1545 2473 1557 2498 ;

852 2523 919 2543 eum
933 2532 975 2535 —
992 2513 1098 2552 Ροηιρο
1108 2513 1155 2543 ius
1169 2513 1389 2552 interpellat-it.
1428 2512 1554 2542 Merito

851 2564 904 2593 hic
923 2563 1142 2603 reprehendit
1161 2563 1295 2594 Vossius
1312 2564 1482 2601 Ursinum,
1497 2561 1553 2601 qni

852 2623 966 2644 vocem
1000 2613 1119 2644 Rursus
1148 2613 1218 2642 sini»
1246 2622 1346 2642 causa
1373 2610 1552 2641 delendam

851 2664 979 2694 voluit:
1015 2673 1091 2694 nam
1115 2669 1148 2693 et
1172 2663 1261 2703 prius
1284 2661 1456 2692 adhibitus
1479 2659 1551 2690 fue-

849 2723 896 2745 ιω
915 2714 1005 2745 Libo.
1021 2715 1062 2745 V.
1078 2723 1191 2754 supra.
1237 2711 1304 2742 Sed
1325 2716 1360 2741 et
1377 2711 1450 2750 ipse
1464 2710 1552 2740 Vos-

847 2764 915 2795 sius
945 2764 980 2795 in
1007 2773 1156 2795 errorem
1187 2761 1310 2792 incidit
1349 2759 1550 2800 graviorem.
