1850 3109
562 199 623 230 nn
659 196 771 229 x'rrA
803 195 936 225 mini
972 196 1198 226 offisinis.
1479 186 1593 228 1849

141 301 244 333 tunae
273 294 434 345 obsequi
463 293 662 333 definitum
693 299 768 331 est:
801 292 980 341 missique
1018 290 1231 334 carnifices,
1271 291 1336 340 qui
1373 304 1393 327 e
1431 293 1514 329 navi
1551 294 1589 330 in

139 359 319 408 “stapban
340 358 411 394 sub
442 364 628 406 praetextu
663 356 865 407 procellosi
887 356 1023 392 littoris
1045 368 1132 391 cuni
1156 354 1289 404 paucis
1309 363 1526 403 exceptum,
1550 363 1592 393 ut

139 421 186 457 ad
209 434 333 470 regem
354 420 572 466 duceretur,
600 421 871 458 interficerent.
932 422 965 457 O
989 419 1143 456 fortuna
1176 418 1383 458 bominum,
1410 425 1443 454 et
1467 431 1590 456 rerum

137 483 260 520 exitus
282 496 567 532 prosperarum:
601 484 672 520 snb
693 483 757 520 tilii
788 491 905 532 atque
929 483 1053 519 uxoris
1075 490 1109 519 et
1132 482 1341 518 amicorum
1365 481 1487 518 oculis
1509 495 1593 518 cru-

138 544 274 584 deliter
295 547 512 584 interfectus·
532 556 581 584 est
606 548 736 597 gladio
760 547 926 583 Aelullae
950 546 1143 582 saevissimi
1180 545 1340 581 bominis
1362 546 1477 594 alque
1499 546 1593 594 Sep-

139 609 234 646 timii
258 611 324 647 viri
345 610 620 655 immanissimi,
643 611 733 647 olim
756 609 826 653 sui,
850 615 939 646 tunc
962 608 1050 657 regii
1071 609 1212 652 militis,
1236 609 1291 644 sui
1313 616 1438 645 aulem
1462 607 1591 646 deser-

139 674 229 709 toris
252 686 261 710 ε
308 674 434 723 pudor
473 672 774 723 inexpugnabilis
797 688 805 711 :
856 672 1075 709 Romanum
1112 672 1249 716 civem,
1289 671 1336 707 ad
1378 673 1592 709 Romanum

138 736 350 786 principem
387 737 671 781 trucidandum,
712 737 767 773 sic
808 735 976 786 AEgyptii
1017 741 1056 773 et
1093 735 1261 772 obscoeni
1302 735 1397 784 regis
1435 735 1594 784 imperio

140 800 322 848 paruisse.
381 802 416 838 O
456 807 599 851 quanto
637 808 718 838 erat
757 799 952 838 honestior
988 801 1118 837 casus!
1151 799 1219 835 nisi
1259 800 1428 836 Romana
1458 812 1591 836 manus

137 863 419 902 intervenisset:
451 865 514 902 sed
553 866 649 902 lianc
686 864 870 902 malorum
904 864 1039 902 seriem
1074 863 1226 900 fortuna
1249 868 1431 906 texuerat,
1454 863 1593 900 necubi

138 927 262 964 civilis
293 927 442 965 deesset
475 928 640 968 insania:
673 929 784 979 [213]
819 929 847 965 si
879 928 926 965 ad
959 926 1075 965 ludos
1109 934 1284 976 pergeret
1313 927 1488 963 Romano
1509 940 1594 963 reor

138 989 265 1039 gladio
287 992 523 1040 pereundum
546 998 645 1030 erat:
677 1004 818 1042 corpus
852 992 936 1040 ejus
970 992 1010 1028 in
1039 991 1161 1028 undas
1182 991 1380 1039 abjectum
1404 996 1520 1040 caput
1541 1003 1595 1027 re-

140 1059 327 1090 servatum
363 1055 427 1104 pio
460 1055 598 1092 victori
631 1067 770 1093 munus
804 1055 976 1105 impium,
1008 1054 1155 1092 donum
1176 1053 1374 1090 donatario
1394 1053 1594 1103 indignum

138 1116 205 1154 sed
237 1117 404 1154 donante
438 1118 720 1167 dignissimum:
769 1119 875 1155 navis
907 1119 942 1154 in
973 1131 1049 1167 qua
1082 1130 1176 1154 uxor
1206 1124 1281 1153 erat
1315 1123 1353 1154 et
1385 1115 1470 1153 filiis
1505 1116 1596 1166 suga

138 1181 271 1224 evasit,
292 1182 438 1231 aliquot
468 1182 550 1219 aliae
576 1190 715 1232 captae,
736 1183 1020 1231 crudeliterque
1042 1181 1203 1218 habitae:
1236 1187 1372 1229 captus
1393 1187 1430 1217 et
1454 1180 1597 1217 Lentu-

139 1245 199 1281 lus
220 1258 265 1282 ac
286 1246 493 1295 perductus
511 1245 560 1283 ad
593 1260 742 1296 rcgem;
772 1254 810 1284 et
843 1247 879 1284 in
915 1245 1093 1283 custodia
1112 1252 1311 1282 enecatus:
1346 1243 1400 1280 liis
1418 1244 1594 1293 Ponipeji

142 1308 298 1358 quidem
317 1309 382 1347 sed
404 1323 480 1346 non
499 1310 586 1347 belli
606 1310 710 1347 civili
729 1310 852 1347 exitus
874 1310 957 1347 suit.

193 1373 323 1409 Caesar
341 1386 431 1410 vero
451 1380 540 1423 post
561 1373 758 1411 victoriani
784 1374 958 1423 Pompeji
979 1371 1147 1421 vestigiis
1170 1372 1357 1416 insistens,
1379 1370 1481 1421 quod
1506 1383 1600 1420 pau-

139 1435 236 1473 citas
264 1436 392 1486 sugam
428 1437 704 1474 clandestinam
739 1438 918 1482 faciebat,
953 1437 1106 1475 incertis
1141 1436 1291 1474 indiciis
1327 1437 1363 1472 in
1398 1435 1486 1472 Asia
1516 1447 1599 1484 per-

138 1499 255 1538 rexit:
281 1507 321 1537 ut
341 1499 435 1537 illud
457 1500 563 1538 nullo
583 1502 700 1537 modo
723 1501 902 1546 siluerim,
919 1500 1024 1550 quod
1048 1501 1138 1537 dum
1157 1500 1358 1550 praeniissis
1381 1499 1595 1548 legionibus

138 1563 218 1610 ipse
239 1575 307 1612 pei·
330 1563 623 1613 Hellespontum
654 1564 779 1602 victor
811 1564 1029 1614 nulliusque
1052 1564 1136 1612 jam
1160 1571 1341 1608 metuens,
1365 1563 1480 1600 unico
1509 1575 1597 1612 par·

141 1638 267 1675 voque
289 1626 436 1676 navigio
457 1626 663 1676 trajiceret,
684 1634 722 1665 ct
744 1627 841 1665 forte
863 1628 906 1664 L.
927 1627 1102 1665 Cassium
1124 1627 1244 1677 partis
1267 1626 1436 1664 ailversae
1458 1625 1597 1662 ducem

140 1703 229 1732 cum
249 1689 385 1727 decem
406 1691 553 1740 magnis
574 1692 734 1729 navibus
757 1692 912 1729 obvium
936 1692 1153 1729 habuisset:
1183 1690 1248 1728 ubi
1270 1703 1382 1728 nemo
1403 1689 1499 1726 alius
1520 1702 1597 1726 non

139 1751 337 1798 timuisset,
374 1753 444 1790 iste
484 1753 582 1791 ultro
620 1755 795 1799 accessit,
836 1755 1086 1804 hortatusque
1117 1754 1163 1791 ad
1198 1754 1446 1797 deditionem,
1480 1759 1597 1802 atque

138 1816 386 1856 obedientem
406 1824 446 1856 et
465 1818 513 1856 ad
534 1832 570 1856 se
592 1819 818 1868 suppliciter
834 1818 1044 1856 venientem
1066 1832 1155 1856 cum
1177 1825 1257 1855 tota
1274 1818 1395 1855 classe
1416 1817 1598 1866 suscepit.

137 1883 308 1920 Tantum
329 1882 489 1920 Caesaris
523 1896 660 1921 nomen
691 1891 785 1928 erat,
808 1891 846 1921 ut
882 1883 1027 1932 ubique
1057 1891 1210 1933 potens,
1233 1882 1377 1931 ubique
1397 1881 1599 1918 comitatus

139 1951 177 1982 et
209 1945 357 1995 magnis
391 1946 702 1984 circumvallatus
739 1947 964 1984 ¹0exercitus
999 1946 1230 1984 crederetur.
1290 1945 1476 1994 Supplice
1507 1956 1598 1993 ergo

139 2015 331 2058 suscepto,
354 2022 464 2046 suum
493 2010 566 2048 iter
596 2009 687 2059 egit,
717 2017 834 2060 atque
868 2011 962 2048 Ilion
984 2024 1064 2047 suae
1087 2010 1226 2047 ¹¹urbis
1255 2009 1438 2058 originem
1459 2007 1598 2052 invisit,

141 2078 182 2109 ut
203 2071 361 2122 quidam
383 2072 607 2122 prodidere:
637 2073 690 2110 ibi
709 2073 866 2111 audiens
885 2074 990 2123 apud
1011 2073 1169 2123 Ciprum
1192 2071 1353 2109 insulam
1375 2071 1495 2107 visum
1515 2083 1599 2107 esse

139 2134 384 2184 Pompejum,
405 2136 658 2186 cogitansque
691 2137 728 2174 id
763 2137 866 2187 quod
896 2144 988 2181 erat,
1016 2137 1051 2173 in
1083 2137 1291 2186 AEgyptum
1326 2135 1389 2180 ire,
1425 2133 1531 2184 quod
1561 2139 1600 2171 et

141 2198 373 2237 familiaritas
406 2200 503 2249 regis
536 2207 575 2238 et
608 2201 710 2250 regni
740 2201 980 2250 oportunitas
1015 2200 1260 2250 suggerebat:
1291 2212 1379 2236 cum
1401 2198 1532 2248 paucis
1561 2205 1600 2235 et

142 2262 318 2300 ”Hodiis
352 2263 525 2308 navibus,
548 2263 742 2313 pauloque
763 2265 926 2314 amplius
956 2263 1098 2313 ¹³quod
1128 2262 1214 2299 inde
1235 2261 1424 2312 peditum,
1446 2268 1484 2299 et
1504 2274 1598 2299 non-

142 2325 211 2363 nisi
233 2337 360 2365 DCCC.
381 2327 577 2376 equitibus
599 2327 807 2372 insecutus,
838 2340 882 2364 eo
905 2326 1010 2377 quod
1032 2325 1159 2363 caeteri
1183 2325 1258 2362 sere
1287 2337 1431 2370 omnes,
1451 2332 1489 2362 et
1518 2324 1600 2362 vul—

142 2389 297 2427 neribus
330 2397 368 2428 et
400 2390 546 2427 morbis
577 2397 613 2428 et
648 2390 868 2428 lassitudine.
901 2396 1134 2433 tenerentur,
1168 2388 1436 2426 Alexandriam
1471 2387 1597 2426 venit:

142 2451 256 2497 fixus,
283 2459 320 2490 et
341 2460 528 2502 gestarum
549 2467 674 2491 rerum
705 2460 744 2492 et
776 2454 939 2491 nominis
969 2453 1026 2490 sui
1047 2452 1186 2490 famam
1209 2451 1333 2501 magui
1353 2451 1472 2488 instar
1491 2463 1598 2487 exer-

142 2516 242 2554 citus
264 2516 334 2554 sibi
355 2515 449 2561 sore,
470 2522 513 2553 ut
533 2517 675 2568 ubique
703 2530 790 2555 cum
820 2517 951 2568 paucis
971 2516 1088 2555 etiam
1119 2521 1222 2553 tutus
1243 2521 1361 2553 esset:
1394 2526 1480 2564 quae
1502 2525 1598 2564 pene

183 2683 205 2712 9
221 2680 327 2722 Lege,
340 2681 580 2722 scapham—10
594 2681 697 2723 Lege,
707 2683 989 2717 exercitibus.—-ll
1007 2682 1111 2723 Lege,
1125 2680 1229 2712 urbem
1245 2677 1474 2717 or·='g,’im'³---12
1494 2676 1586 2716 ¹⁴⁰ssss

145 2733 373 2770 Rhodum—13
397 2735 502 2776 Lege,
519 2745 610 2777 quam
626 2744 682 2768 111.
698 2736 762 2767 mil.
