1850 3109
223 178 337 221 1580

222 291 350 324 Clarkii
367 292 617 325 distinctionem
634 294 763 326 admisi.
809 294 924 326 Antea

219 347 296 382 post
333 344 477 383 adparuit
513 344 659 375 maxima
694 345 922 376 distinctionis

217 397 300 424 nota
314 394 518 434 ponebatur.

260 445 279 473 3
306 444 383 474 Cum
407 445 546 483 equitatu
574 445 737 475 Adi-uincti
763 445 821 474 Cn.
850 446 922 476 Piso

217 503 286 524 cum
314 494 496 524 Maurorum
524 505 550 525 c.
582 495 612 524 iu
642 494 778 534 milibus]
836 495 922 526 Mihi

218 552 427 584 nequaquam
455 544 526 574 haec
547 554 628 575 sana
645 544 817 585 videntur,
842 546 922 577 licet

218 598 355 624 taceant
381 603 496 625 omnes
521 594 749 636 InterpreteS‚
773 600 808 627 et
831 597 922 627 vide-

217 648 317 674 antur
354 645 558 685 intelligere,
602 646 768 677 Adrumeti
812 647 921 678 vis-nin

216 693 318 726 fuisse
355 696 515 727 Pisonem
552 698 587 737 (a
624 697 753 738 Clupea
791 699 922 730 scilicet

214 746 440 786 advenientem)
455 756 528 778 cum
546 748 701 788 equitatu
723 754 758 780 et
786 749 921 780 Mauro-

214 801 287 826 rum
304 805 347 826 ιιι
374 796 520 828 milibus.
566 798 601 828 Si
629 799 681 829 hic
710 799 775 830 loci
803 810 917 831 sensus

214 849 276 885 est,
293 846 376 877 mire
403 851 438 878 et
464 849 629 888 perplexe
654 850 734 880 satis
751 850 918 891 disposuit

214 896 320 927 verba
336 897 486 929 Hirtius.
518 900 644 929 Verum
661 909 722 940 pro
739 901 917 939 Adi-umeri,

211 946 247 976 in
263 947 346 978 Mss.
364 948 482 981 Leidd.
499 949 626 980 Lovan.
649 950 745 980 Voss.
768 952 916 983 Dorvill.

212 1001 265 1027 est
279 997 487 1029 Adrumetum
502 1008 559 1029 seu
576 1000 813 1032 Adrumentum.
847 1002 916 1032 Pro

215 1048 271 1078 Cn.
288 1047 322 1078 in
343 1048 440 1079 Leid.
469 1059 535 1080 sec.
567 1050 744 1090 Considium,
768 1051 801 1081 in
818 1051 914 1083 Voss.

213 1098 251 1127 C.
267 1108 346 1129 cum.
392 1100 462 1130 Pro
480 1101 663 1133 Maurorum
685 1103 769 1133 Mss.
787 1112 915 1142 omnes,

210 1157 274 1179 nec
305 1159 370 1180 non
400 1150 488 1181 Edd.
517 1156 596 1182 ante
626 1152 751 1192 Scalig.
782 1154 915 1184 Mauris.

211 1200 312 1232 Quod
329 1210 389 1230 cur
412 1206 581 1232 mutatum
599 1202 643 1232 sit
660 1203 784 1233 nescio.
831 1204 915 1243 Opi-

210 1259 271 1280 nor
298 1250 515 1282 scribendum
543 1261 615 1282 esse
642 1251 691 1282 cui
715 1255 849 1291 proeerat
879 1254 914 1284 C.

212 1301 386 1340 Considius,
411 1305 441 1331 et
467 1311 486 1331 ιι
515 1302 641 1342 Clupeis
671 1311 729 1332 sec.
758 1312 803 1333 or.
834 1313 916 1334 mar-

209 1360 279 1381 cum
293 1351 433 1390 equitatu
447 1352 666 1389 Adrumetina,
683 1353 740 1382 Cn.
759 1353 833 1383 Piso
848 1363 915 1384 cum

211 1402 334 1432 Mauris
363 1401 490 1433 circiter
526 1412 570 1433 111
602 1402 729 1433 milibus
757 1404 915 1443 adparuit.

213 1452 292 1482 Cum
316 1453 455 1491 equitatu
479 1453 630 1492 pertinet
657 1452 698 1483 ad
719 1453 917 1483 Considium:

211 1501 300 1531 unde
329 1502 402 1541 ejus
433 1511 553 1532 nornen
579 1502 612 1532 in
630 1502 728 1532 Mstis
745 1501 916 1540 additium

210 1552 274 1582 nisi
291 1552 405 1590 legere
423 1553 529 1583 velles
541 1563 610 1583 cum
625 1553 719 1593 equit.
764 1553 916 1583 Adrume-

209 1602 274 1633 tino
289 1602 465 1642 Considius,
480 1604 553 1633 Piso
568 1614 636 1634 cum
653 1603 788 1633 Mauris.
814 1603 916 1634 Adru-

208 1652 341 1683 metinus
359 1658 489 1683 rectuin
507 1663 581 1683 esse
599 1658 696 1693 patet
713 1663 754 1683 ex
772 1653 917 1693 Inscrip-

208 1703 355 1734 tionihus
373 1703 501 1733 Colonia
517 1704 762 1740 Hadrunutitm,
777 1708 811 1735 et
826 1703 915 1734 notis

208 1751 251 1783 ad
268 1762 343 1793 cap.
370 1756 422 1784 97.
458 1753 683 1784 Adrumetinis.
729 1754 813 1784 Erat
834 1763 914 1793 ergo

209 1803 264 1834 me
301 1804 490 1844 equitatu&
530 1814 608 1844 pars
655 1804 819 1844 praesidii,
859 1804 912 1835 eui

208 1852 389 1884 Adrumeti
409 1859 556 1894 praerat
578 1854 765 1885 Considius.
814 1855 914 1885 Adru-

207 1906 319 1934 metmn
348 1904 544 1943 retinerem,
572 1905 599 1935 si
624 1905 780 1945 exempla
797 1905 913 1936 daren-

207 1958 276 1995 tur,
299 1955 356 1985 ubi
390 1956 457 1987 tale
486 1957 578 1997 quid,
608 1958 706 1998 quale
735 1969 753 1988 a
790 1958 914 1998 Clupeis

207 2004 413 2036 Adrumetum
442 2007 586 2046 adparuit
620 2017 680 2046 pro
707 2008 911 2038 Adi-umatum

204 2065 321 2095 versus,
334 2056 538 2087 Adrumetum
550 2061 656 2097 petens
671 2063 838 2089 occurrat.

247 2108 267 2136 7
307 2107 456 2146 Equitum
486 2107 543 2147 cr]
589 2108 732 2139 Codices
761 2109 911 2139 nonnulli

204 2156 250 2188 D.
282 2157 389 2187 Clark.
423 2157 462 2187 In
481 2158 530 2187 his
548 2159 654 2189 Dorv.
677 2163 711 2189 et
729 2160 823 2190 Leid.
841 2169 909 2190 eec.

204 2205 246 2236 In
266 2206 385 2237 Petav.
405 2211 440 2237 et
456 2208 556 2238 Voss.
573 2217 613 2238 ac
631 2209 725 2239 Leid.
740 2219 809 2240 sec.
824 2210 911 2239 male

206 2261 368 2287 exaratur
383 2257 509 2297 equites.

248 2309 268 2337 8
293 2307 456 2346 Consedit]
493 2308 584 2347 Lege
615 2309 756 2340 considit.
796 2310 910 2341 Dat-is.

205 2365 280 2387 cur.
296 2366 363 2387 sec.
410 2357 487 2388 Hoc
512 2367 629 2389 rursus
646 2358 789 2398 praefert
804 2360 911 2390 Davi-

205 2407 288 2446 sius,
304 2412 342 2437 ut
361 2411 513 2447 tempora
524 2408 738 2441 conveniant.
762 2409 850 2440 Vide
867 2410 908 2440 B.

204 2456 306 2489 Alex.
322 2467 353 2489 c.
376 2460 428 2488 77.
452 2459 613 2488 considunt
630 2467 707 2489 mox
733 2459 885 2500 sequitur
901 2471 908 2491 z

204 2507 247 2539 de
275 2517 342 2549 quo
369 2507 473 2539 verbo
499 2508 553 2538 adi
579 2508 621 2539 ad
646 2517 726 2540 vni.
743 2512 796 2541 32.
825 2511 910 2541 Mss.

204 2563 319 2589 tamen
336 2558 389 2590 hic
405 2564 603 2590 constanter
631 2559 735 2590 edunt
761 2561 908 2591 consedit.

206 2608 305 2642 Quod
323 2618 385 2639 nec
402 2609 527 2640 mutari
552 2619 637 2649 opus
665 2613 730 2641 est.
777 2611 907 2642 Contra

204 2660 238 2692 in
255 2659 380 2700 Scalig.
394 2659 489 2691 Leid.
503 2669 570 2691 sec.
587 2664 623 2691 et
635 2660 732 2691 Voss.
747 2665 911 2692 exaratur

206 2709 376 2749 consident,
391 2709 450 2741 sed
475 2710 578 2741 male.
623 2710 779 2752 Ineptius
805 2711 909 2743 etiam

208 2759 292 2792 Mas.
307 2759 374 2792 mei
397 2768 513 2792 omnes
527 2759 609 2792 dant
621 2763 694 2793 ante
708 2765 845 2804 portum,
867 2771 911 2794 ex

693 191 834 223 NOTAE
868 193 1130 225 VARmRUM
1166 196 1216 225 ΙΝ

973 298 1076 328 proec.
1120 290 1187 321 Sed
1217 290 1304 322 bene
1333 291 1535 323 Ciacconius
1563 302 1582 324 e
1614 303 1676 325 suo

973 339 1099 371 Codice
1128 341 1213 381 legit
1229 345 1300 372 ante
1314 345 1448 382 portam.
1496 343 1585 374 Nam
1602 344 1675 376 Cae-

972 390 1106 430 sai-jani
1120 398 1325 431 exposuerat
1343 398 1421 424 ante
1437 393 1599 434 oppidum
1615 395 1676 425 ini·

972 439 1061 469 lites.
1094 441 1224 471 Portum
1240 452 1373 482 quoque
1389 449 1566 474 servarunt
1584 443 1673 476 Edd.

974 490 1071 521 Rom.
1090 491 1230 523 Mediol.
1245 493 1331 524 Ven.
1347 494 1499 534 aliarque.

1018 543 1056 571 14
1098 542 1226 572 Certum
1255 543 1351 573 locum
1385 554 1419 582 g.
1459 544 1677 585 profectisque

973 592 1229 632 quempeecrent]
1265 593 1349 624 Mss.
1377 596 1481 625 nostri
1511 595 1552 625 ad
1572 605 1674 626 unum

973 651 1102 675 ornnes,
1118 641 1197 672 itciu
1216 642 1304 673 Edd.
1319 644 1415 682 prim.
1431 646 1544 674 circum
1561 646 1625 675 loca
1638 654 1673 683 g.

970 702 1003 731 p.
1020 691 1091 731 quid
1105 695 1257 732 peterent.
1275 694 1358 724 Mss.
1383 693 1495 724 Ursin.
1511 700 1544 725 et
1560 695 1674 726 Latini

972 743 1088 774 circum
1114 745 1178 774 loca
1202 754 1235 783 g.
1263 744 1410 784 prosectis
1437 747 1512 786 quid
1540 750 1604 787 pet.
1636 750 1675 777 ut

972 795 1044 826 fere
1061 805 1091 826 c.
1111 798 1141 826 9.
1167 798 1175 812 ‘
1194 795 1418 836 proficiscitur
1434 797 1560 828 circum
1579 797 1675 828 villas

974 844 1237 877 frumentatum!
1269 847 1355 877 Edd.
1374 847 1513 877 vascos.
1541 846 1675 887 Gryph.

972 900 1060 935 post.
1088 897 1154 926 Str.
1204 897 1331 926 Certum
1356 897 1450 927 Iocum
1474 907 1508 935 g.
1538 907 1570 937 p.
1601 897 1674 936 quid

969 948 1120 985 peterent.
1162 945 1306 985 Gryphii
1319 946 1429 986 prima
1444 950 1561 977 certum
1577 947 1676 977 locum

969 1006 1004 1034 g.
1027 1006 1059 1035 p.
1085 995 1157 1034 quid
1184 998 1335 1035 peterent.
1387 995 1440 1027 An
1468 996 1533 1027 fuit
1559 997 1676 1028 circum

971 1046 1036 1077 loca
1051 1056 1084 1076 ea
1095 1045 1354 1085 gubernatoribus
1362 1047 1527 1087 provectis,
1537 1048 1609 1087 quid
1617 1045 1675 1088 ps?

973 1096 1674 1139 Profectuseniminprovectusabiitquoque

971 1157 1073 1186 snpra
1085 1147 1125 1176 B.
1139 1146 1181 1177 G.
1195 1155 1228 1176 v.
1241 1150 1270 1177 8.
1285 1147 1339 1177 ubi
1353 1147 1440 1179 vide.
1451 1148 1596 1187 Vulgata
1607 1148 1674 1179 lec-

973 1197 1019 1226 tio
1030 1197 1100 1227 siue
1115 1197 1216 1227 dnbio
1226 1197 1496 1236 interpolationis
1507 1198 1587 1238 qnid
1601 1207 1675 1238 pas-

971 1257 1008 1277 sa
1025 1252 1094 1277 est:
1131 1247 1230 1277 inimo
1258 1247 1377 1278 videor
1394 1248 1467 1287 jain
1485 1257 1599 1278 veram
1621 1257 1673 1279 re-

971 1297 1101 1337 perisse
1123 1298 1306 1328 lectionem
1332 1301 1416 1328 certa
1444 1299 1506 1329 loca
1521 1298 1676 1337 guberna-

969 1348 1099 1386 toribus,
1108 1348 1335 1388 ptnsectisque,
1347 1352 1482 1389 (μιαρά.
1499 1350 1611 1380 circum
1623 1359 1676 1380 or-

969 1404 1040 1429 tum
1068 1405 1120 1429 est
1144 1409 1185 1430 ex
1202 1408 1306 1439 praec.
1331 1399 1445 1430 circum
1467 1400 1621 1440 oppidum,
1636 1404 1673 1432 et

968 1459 1036 1488 qum
1055 1458 1129 1479 cuin
1153 1449 1346 1487 excidisset,
1362 1453 1399 1479 ut
1417 1454 1512 1488 patet
1528 1459 1569 1480 ex
1589 1450 1672 1482 Mss.

970 1498 1096 1536 Ursini,
1110 1499 1167 1529 alii
1184 1499 1259 1537 hoc,
1276 1499 1334 1529 alii
1350 1500 1431 1530 iliud
1446 1501 1670 1532 intruserunt.

1012 1552 1050 1579 15
1080 1549 1148 1579 ,Uos
1176 1549 1272 1589 ipsius
1296 1549 1552 1590 consuetudoque]
1585 1550 1671 1583 Mss.

970 1600 1051 1639 Reg.
1069 1599 1197 1630 Eliens.
1216 1604 1252 1630 et
1268 1599 1390 1638 Vossii,
1408 1606 1443 1630 et
1460 1600 1557 1631 editt.
1571 1601 1669 1633 Vett.

968 1660 1049 1680 more
1080 1650 1188 1689 ipsius,
1218 1652 1415 1681 consuetudo.
1462 1652 1548 1683 Quae
1580 1650 1669 1684 forte

968 1712 1047 1733 vera
1064 1702 1171 1742 possit
1194 1712 1268 1733 csse
1293 1703 1424 1734 Lectio.
1451 1704 1557 1744 Clari-n
1604 1702 1671 1735 Ac-

967 1752 1095 1782 cedunt
1117 1752 1242 1792 Scalig.
1268 1752 1345 1783 Pet.
1362 1753 1491 1783 Lovan.
1522 1753 1668 1784 Dorvill.

969 1803 1063 1833 Leid.
1081 1812 1147 1833 sev.
1168 1803 1255 1834 Edd.
1273 1803 1414 1834 Mediol.
1432 1803 1516 1834 Ven.
1534 1803 1668 1844 Gryph.

966 1852 1053 1884 uliae.
1100 1854 1139 1883 In
1158 1853 1254 1883 Leid.
1271 1863 1322 1893 pr.
1339 1863 1401 1883 mas
1430 1853 1525 1893 ipsius
1546 1863 1669 1885 cousue-

965 1904 1049 1933 tudo.
1087 1903 1153 1934 Sed
1171 1904 1309 1935 Vascos.
1325 1903 1448 1942 Aldus,
1465 1904 1670 1944 Stephanus,

965 1958 999 1983 et
1016 1953 1138 1994 reliqui
1154 1953 1403 1993 vulgatniujaui
1421 1953 1594 1984 exhibent.
1612 1953 1667 1985 An

964 2001 1028 2032 fnit
1044 2013 1106 2032 mos
1123 2006 1149 2033 ct
1167 2003 1262 2043 ipsius
1277 2001 1486 2034 consuetudo?
1517 2003 1570 2034 vel
1586 2013 1668 2034 more

962 2053 1059 2092 ipsius
1073 2055 1253 2084 c011.‹1¹et11do
1266 2052 1280 2085 ’.ἶ
1326 2064 1388 2094 pro
1404 2055 1442 2084 de
1456 2064 1538 2084 more
1550 2065 1559 2084 :
1589 2064 1666 2085 nam

963 2109 998 2133 et
1027 2103 1082 2134 alii
1117 2103 1340 2144 imperatores
1366 2103 1481 2134 facere
1513 2103 1547 2134 id
1576 2104 1668 2135 soliti

963 2159 1052 2184 sunt.
1101 2153 1165 2183 Adi
1183 2154 1224 2184 ad
1243 2154 1359 2185 Frout.
1376 2163 1405 2185 c.
1423 2162 1448 2184 1.

1005 2206 1041 2233 21
1071 2202 1236 2242 fortuitu]
1280 2203 1506 2244 Nequaquam
1544 2204 1667 2237 damno

961 2253 1048 2284 hanc
1066 2254 1258 2292 lectionem,
1287 2255 1458 2295 pleri-que
1487 2255 1569 2285 Mss.
1587 2265 1666 2286 con-

961 2304 1141 2336 firmatam.
1190 2305 1317 2335 Nescio
1335 2310 1460 2344 tamen,
1482 2315 1542 2336 cur
1563 2306 1667 2337 Scali-

963 2365 1022 2397 ger
1037 2358 1092 2387 hic
1117 2357 1295 2387 retinuerit
1312 2355 1474 2393 fortuitu:
1502 2367 1603 2398 quum
1622 2359 1664 2390 B.

963 2408 1006 2439 G.
1017 2415 1082 2437 vn.
1096 2406 1295 2443 20.sortuito
1309 2406 1465 2438 ediderit.
1488 2408 1526 2438 R.
1544 2408 1664 2449 steph.

961 2456 1016 2487 hic
1033 2456 1325 2496 qnoquefhrtuito,
1343 2457 1392 2487 uti
1418 2462 1452 2487 et
1480 2458 1564 2488 Mss.
1583 2458 1666 2489 Sca-

961 2507 1018 2547 lig.
1037 2506 1152 2536 Ursin.
1172 2505 1282 2536 Latini
1300 2507 1439 2546 Latinii,
1456 2513 1491 2537 et
1508 2507 1575 2538 alii.
1614 2507 1665 2540 At

964 2556 1058 2587 Leid.
1084 2566 1136 2596 pr.
1159 2555 1298 2594 fortuito
1314 2566 1396 2587 casu.
1443 2558 1543 2590 Quod
1562 2558 1662 2590 unice

961 2616 1077 2637 veruni
1095 2612 1190 2646 puto,
1207 2606 1228 2636 i.
1255 2616 1285 2637 e.
1306 2606 1548 2644 sortesorluna.
1607 2609 1665 2640 Ita

962 2656 1062 2697 plane
1088 2655 1192 2696 Apul.
1218 2656 1241 2688 l.
1257 2665 1308 2687 lx.
1325 2657 1358 2687 in
1381 2656 1406 2688 f.
1434 2667 1505 2688 casu
1525 2657 1664 2696 fortuito

961 2706 1132 2737 collineatis
1156 2705 1263 2738 oculis.
1289 2707 1377 2739 Met.
1403 2715 1460 2741 111.
1477 2718 1511 2749 p,
1528 2710 1582 2740 46.
1598 2708 1664 2742 Ed.

961 2756 1055 2788 l'ric.
1071 2759 1183 2788 eventu
1198 2755 1346 2795 fortuito.
1366 2758 1449 2790 Casu
1473 2761 1503 2790 et
1521 2758 1663 2798 fortuito
