1850 3109
284 160 397 201 1644

757 173 899 204 NOTAE
931 173 1195 205 VARmRUM
1230 173 1279 204 IN

423 418 542 466 DE
599 419 906 466 BELLO
968 419 1598 468 HISPANIENSI

928 558 1098 595 LlBER.

331 720 372 751 A.
391 720 496 751 Hirtii
515 721 639 762 Panae]
664 722 786 753 Nullus
807 721 878 753 sere
904 723 989 753 libor

288 769 402 810 plures
439 771 482 801 ab
513 771 576 801 mvi
615 772 775 802 (lentibus
809 773 989 803 cicatrici-s

288 820 447 859 accepit;
481 831 528 851 eze
562 825 674 851 tamen
702 821 850 862 aequiore
880 823 990 852 animo

289 875 367 900 suut
397 871 560 907 terendae,
592 871 682 911 quod
713 872 766 902 liic
798 872 943 912 scriptor
973 883 991 902 a

288 921 498 960 superiorum
516 922 838 952 commentariorum
856 923 991 962 elegan-

290 970 339 1001 tia
361 971 503 1001 multum
533 972 693 1001 recedat:
723 977 758 1001 ut
780 973 868 1002 enim
896 974 929 1003 in
953 973 991 1003 iis

289 1030 437 1050 summus
475 1021 614 1052 elucent
644 1023 807 1053 sermonis
838 1023 928 1054 nitor
957 1029 993 1054 et

289 1071 405 1102 nescio
444 1081 517 1111 (μω)
555 1070 723 1102 συνθέσεως
760 1073 990 1112 concinnitas;

289 1121 336 1152 ita
353 1122 384 1151 in
402 1122 465 1152 lioc
481 1123 642 1162 opusculo
659 1131 724 1153 non
748 1124 854 1154 solum
871 1125 993 1154 crebra

290 1177 367 1202 suut
391 1172 625 1203 ἆνανταπόδοτα
652 1183 690 1204 ac
718 1173 908 1213 ἀσύντακτα,
932 1175 992 1205 sed

290 1226 325 1252 et
363 1226 471 1252 totum
503 1223 664 1253 orationis
696 1222 789 1253 filum
825 1224 993 1254 bominem

291 1272 443 1303 ostendit
482 1272 655 1303 scribendi
692 1283 830 1313 prorsus
861 1274 994 1314 imperi-

291 1328 373 1354 tum.
398 1322 498 1354 Unde
517 1323 658 1361 factum,
683 1328 721 1354 ut
736 1325 826 1355 hunc
843 1324 995 1355 libellum

292 1381 358 1403 uon
374 1372 503 1406 Hirtio,
516 1373 575 1403 ¹«cd
591 1373 701 1404 Balbo
715 1378 774 1404 aut
787 1375 902 1414 Oppio
920 1379 998 1414 post

293 1422 374 1453 alios
407 1422 627 1463 adscripserit
656 1424 698 1455 G.
724 1424 758 1456 J.
787 1425 924 1455 Vossius
954 1425 996 1455 ‹le

293 1472 386 1502 Hist.
407 1473 480 1502 Lat.
500 1483 529 1504 c.
550 1476 599 1503 13.
647 1474 808 1505 Nonnulli
826 1485 905 1506 vero
923 1486 998 1506 ccu-

292 1528 434 1552 sucruut
461 1522 533 1553 fieri
559 1533 624 1554 uon
648 1524 810 1564 potuisse,
836 1530 871 1555 ut
900 1525 996 1555 homo

294 1572 464 1603 Romanus
495 1577 562 1604 tam
592 1574 677 1604 umle
708 1574 888 1613 scriberet,
917 1585 997 1615 qua-

295 1627 438 1662 propter
471 1622 548 1654 Afri
580 1624 637 1654 vol
668 1625 745 1664 Syri
777 1625 894 1656 militis
925 1635 998 1656 esse

293 1671 410 1703 foetum
451 1673 636 1705 arbitratur
672 1675 771 1706 Joan.
806 1675 998 1706 Goduiuus.

295 1722 470 1754 Immerito
487 1724 623 1765 quidem
639 1736 645 1754 :
674 1735 748 1756 uam
767 1725 846 1757 licet
864 1726 998 1757 horrida

295 1777 331 1803 et
357 1773 530 1805 incondita
555 1775 599 1805 sit
627 1775 744 1814 dictio,
772 1776 858 1807 adeo
888 1782 999 1807 tamen

296 1833 381 1863 pura
397 1830 448 1855 est
465 1835 504 1856 ac
522 1835 540 1856 a
564 1825 720 1857 barbarie
738 1826 862 1865 aliena,
886 1832 921 1858 ut
937 1828 1000 1858 hoc

295 1873 425 1914 scripto
448 1875 531 1905 nihil
559 1876 714 1906 Latinius
742 1877 874 1917 concipi
903 1887 1001 1918 posse

297 1924 531 1963 pronunciarit
570 1925 679 1965 judex
718 1936 798 1957 saue
851 1927 1002 1967 idoneus,

295 1975 370 2008 Jos.
397 1977 551 2018 Scaliger
581 1979 718 2018 Proleg.
753 1979 786 2008 in
824 1981 1000 2011 Manilium

299 2037 331 2068 p.
357 2030 388 2058 3.
427 2028 540 2059 Daris.
591 2029 625 2059 Si
669 2029 723 2060 hic
768 2029 868 2060 Liber
897 2031 1003 2071 (quod

299 2082 414 2108 tamen
435 2078 489 2108 vix
508 2078 730 2117 crediderim)
754 2080 798 2110 sit
815 2079 857 2110 A.
876 2081 1003 2120 Hirtii;

297 2139 372 2170 quae
391 2136 443 2162 est
459 2131 597 2162 horrida
613 2132 684 2171 ejus
706 2137 741 2163 et
757 2132 899 2172 inculta,
923 2133 1003 2163 licet

298 2181 421 2211 Latina
451 2182 602 2222 quidem,
629 2182 757 2219 ‹licti03
794 2183 1003 2223 conjecerim

298 2231 470 2272 equidem,
508 2233 609 2263 breve
650 2233 683 2263 id
723 2233 930 2264 solummodo
969 2238 1004 2264 et

299 2282 530 2321 ‹·xte1np(›rale
563 2291 636 2313 esse
668 2283 1003 2322 commentariolum;

299 2331 449 2362 historiae
475 2331 618 2362 sortasse
647 2338 765 2371 postca
790 2333 1006 2363 conscriben-

300 2382 366 2419 um,
397 2383 572 2413 materiam
603 2382 764 2413 futuram.
799 2385 905 2414 Clark.
953 2385 1005 2414 In-

299 2432 378 2461 certi
397 2433 551 2463 Auctoris.
588 2433 687 2462 Balbi
714 2432 813 2463 fnisse
841 2433 1007 2473 Eplieire-

302 2482 421 2521 ridem,
439 2483 535 2522 cujus
553 2482 706 2512 meminit
723 2482 879 2513 Sidonius
901 2483 1008 2522 lipist.

300 2540 352 2562 lx.
372 2534 421 2562 14.
440 2536 538 2572 putat
555 2532 733 2562 Cellarius.
771 2532 887 2572 Oppio
904 2533 1006 2562 etiam

303 2582 547 2613 Volaterranus
566 2582 701 2613 tribuit.
733 2582 925 2622 Ausci-ipsit
940 2593 1008 2613 ortt·

303 2632 382 2662 libri
406 2633 456 2662 sui
480 2633 651 2672 Cujacius,
677 2633 685 2648 ‘
701 2632 806 2663 Liber
829 2633 1010 2673 corruptis-

304 2683 423 2720 simuS,
439 2687 486 2721 et,
509 2688 547 2713 ut
571 2683 719 2721 videtur,
743 2692 784 2712 ex
804 2683 929 2714 Gra-ca
950 2684 1011 2714 liu-

307 2744 373 2774 gua
412 2734 613 2765 translatus.
674 2733 753 2766 Nou
791 2737 843 2765 est
881 2734 1009 2765 Hirtii:

1046 722 1209 752 ‘Militari
1234 728 1267 753 et
1295 720 1430 752 horrido
1459 719 1557 762 stylo*
1581 720 1747 761 scriptum

1046 773 1092 803 ait
1120 773 1209 812 Lips.
1238 773 1347 803 l-Ilect.
1378 781 1420 802 n.
1447 774 1499 803 22.
1524 772 1748 803 adsentienti-

1047 823 1107 852 bus
1132 823 1211 852 dein
1233 824 1312 862 jure
1338 822 1491 853 omnibus
1509 823 1589 853 viris
1608 822 1748 854 doctis:

1048 881 1151 913 quare
1169 881 1244 912 ego,
1266 873 1339 913 (qui
1356 872 1490 903 omnino
1507 877 1633 911 statuo,
1650 872 1751 912 Ephe-

1046 923 1191 953 τηεν-ἰάθη
1208 924 1248 953 Β.
1269 923 1506 963 Hispaniensis
1521 932 1609 962 csso,
1625 922 1668 953 ab
1685 923 1751 953 Ro-

1047 984 1145 1005 mano
1161 975 1307 1013 homine,
1332 975 1388 1015 qui
1405 974 1455 1004 liis
1476 973 1752 1014 expeditionibus

1047 1025 1217 1064 interfuit,
1247 1025 1477 1064 conscriptam
1507 1029 1649 1061 temere,
1684 1032 1752 1054 non

1047 1085 1130 1106 vero
1171 1075 1301 1114 justum
1340 1073 1609 1113 commentarium)
1650 1073 1753 1104 Hirtii

1049 1135 1170 1155 nomen
1199 1125 1325 1162 delevi,
1354 1129 1402 1162 et,
1429 1124 1517 1165 quod
1549 1124 1655 1164 viden,
1679 1124 1755 1155 sul)-

1049 1176 1156 1216 posui.
1201 1177 1229 1207 E
1249 1177 1331 1207 Mss.
1346 1181 1458 1206 tamen
1476 1177 1624 1207 nonnihil
1642 1186 1754 1207 emen—

1050 1227 1214 1257 datiorem
1240 1227 1402 1257 exhibui:
1443 1235 1517 1257 nam
1550 1227 1651 1267 vulgo
1690 1227 1753 1257 cir-

1050 1274 1211 1306 cumferri
1237 1275 1506 1316 corruptissime,
1531 1285 1549 1306 e
1577 1285 1672 1317 seqq.
1699 1285 1757 1317 pa-

1054 1326 1152 1356 tcbit.

1096 1377 1184 1407 eff.
1204 1384 1229 1406 1.
1247 1378 1262 1406 1
1290 1376 1453 1407 Pharnace
1475 1376 1633 1417 superato]
1668 1376 1756 1408 Haec

1053 1431 1107 1456 cst
1119 1424 1385 1464 ἀνακεφαλαίωσις
1401 1426 1580 1465 bellorum,
1595 1436 1668 1467 quae
1682 1431 1759 1466 post

1053 1475 1322 1506 Alexandrinum
1341 1476 1444 1515 gessit
1462 1477 1595 1513 Caesar3
1619 1481 1655 1507 ut
1672 1475 1759 1507 frus·

1053 1535 1106 1556 tra
1122 1526 1191 1556 sint
1213 1526 1312 1557 Joau.
1338 1526 1568 1568 Glandorpius
1596 1532 1631 1558 et
1656 1527 1758 1558 Joan.

1053 1576 1241 1615 moduinus,
1264 1576 1320 1617 qui
1348 1582 1518 1617 reponunt
1542 1577 1686 1617 Scipione
1708 1586 1758 1608 su-

1049 1630 1176 1666 perato:
1207 1625 1373 1658 falluntur
1404 1627 1507 1658 etiam
1539 1627 1760 1668 interpretes,

1052 1677 1110 1716 qui
1133 1677 1220 1707 liunc
1245 1676 1396 1707 libellum
1422 1675 1581 1716 ἀκέφαλον
1606 1682 1758 1709 censent.

1052 1727 1163 1758 Daris.
1216 1726 1360 1758 Videtur
1388 1732 1501 1759 tamen
1533 1727 1575 1758 ad
1602 1727 1759 1758 connexi-

1054 1786 1151 1808 onem
1179 1777 1298 1818 >aptius
1322 1778 1464 1818 Scipione
1488 1781 1644 1818 snperato,
1667 1776 1758 1818 quod

1056 1829 1195 1869 reliquit
1219 1828 1315 1860 Leid.
1341 1838 1394 1869 pr.
1419 1834 1456 1860 ut
1481 1830 1629 1870 conjecit
1655 1829 1762 1860 Glan-

1056 1879 1205 1919 dorpius.

1101 1932 1165 1965 Qui
1195 1949 1237 1953 —
1263 1930 1500 1970 prosngissent;
1529 1948 1571 1952 —
1598 1929 1763 1969 confugere

1055 1980 1160 2019 coepit]
1184 1981 1259 2011 Hoc
1277 1986 1341 2019 est,
1359 1990 1432 2010 cum
1451 1980 1501 2019 iis,
1517 1980 1581 2019 qui,
1597 1980 1649 2019 δῖε.
1697 1979 1762 2010 Cu-

1051 2030 1202 2070 jusmodi
1241 2030 1480 2069 locutionibus,
1522 2038 1588 2060 non
1626 2028 1763 2070 quidem

1058 2081 1158 2120 plane
1186 2090 1252 2110 uon
1280 2081 1424 2120 Latinis,
1451 2080 1510 2110 sed
1537 2079 1682 2110 horridis
1710 2078 1765 2109 ad-

1056 2132 1192 2163 modum
1211 2138 1244 2163 et
1261 2133 1394 2171 hiulcis,
1418 2133 1538 2172 plenus
1556 2135 1610 2162 est
1633 2132 1688 2162 hic
1712 2130 1765 2162 Li-

1059 2184 1129 2215 ber.
1161 2185 1269 2214 Clark.
1316 2184 1444 2215 Melius
1468 2193 1541 2214 esse
1568 2183 1617 2214 ait
1640 2183 1764 2213 Grute-

1059 2244 1124 2271 rus,
1142 2234 1230 2275 quod
1249 2234 1378 2264 invenit
1393 2234 1426 2263 in
1444 2234 1645 2263 l’etaviano.
1687 2234 1765 2263 Cum

1060 2285 1151 2315 multi
1167 2294 1216 2314 ex.
1263 2284 1351 2314 vido.
1368 2282 1556 2323 Glandorp.

1102 2338 1120 2365 4
1148 2335 1184 2364 ln
1204 2335 1300 2364 Italia
1316 2334 1487 2373 detinetur]
1523 2333 1561 2363 lu
1580 2333 1713 2373 Gryph.
1729 2339 1764 2365 et

1061 2384 1217 2423 Lugduu.
1238 2386 1331 2413 1570.
1350 2389 1401 2412 cst
1417 2382 1629 2413 distineretur.
1672 2384 1763 2423 Lege

1061 2435 1261 2464 detineretur.
1288 2433 1396 2462 Daris.
1420 2442 1489 2462 cur.
1506 2442 1575 2462 sce.
1622 2433 1766 2464 Distine-

1061 2487 1147 2514 rctur
1170 2488 1221 2513 est
1238 2483 1270 2512 iu
1287 2483 1387 2513 Vasc.
1405 2487 1441 2513 et
1462 2483 1581 2522 Stcph.
1607 2483 1694 2515 Edd.
1716 2485 1766 2515 de-

1063 2535 1215 2565 tineretur
1251 2534 1285 2564 iu
1316 2534 1398 2565 Mss.
1425 2533 1544 2564 Leidd.
1576 2534 1634 2564 sed
1664 2534 1765 2565 male.

1064 2585 1149 2616 Dum
1179 2584 1242 2614 boc
1274 2593 1373 2614 seusu
1403 2583 1623 2613 indicativum
1651 2583 1768 2622 habet,

1064 2635 1152 2677 quod
1181 2645 1246 2665 uon
1275 2635 1459 2666 advertisse
1488 2635 1647 2666 Davisius
1674 2635 1766 2667 vide-

1064 2692 1131 2718 tur.
1177 2686 1243 2717 Adi
1261 2685 1303 2716 ad
1320 2686 1360 2716 B.
1380 2685 1486 2716 Afric.
1504 2695 1535 2716 c.
1553 2688 1605 2716 61.

1109 2739 1311 2777 Comparurct
1342 2735 1530 2777 Pompeius]
1590 2734 1766 2768 Goduinus
