1850 3109
217 189 331 232 1866
653 203 690 233 J.
724 202 857 232 ans1
894 202 1243 234 cominu'mnn

218 303 295 335 rus,
317 290 417 328 hand
441 303 632 342 quaquam
666 291 748 341 pari
778 292 951 328 antiit-itia
981 291 1239 342 dignarentur.
1296 294 1421 332 Stulta
1442 307 1496 332 res
1519 305 1675 343 prorsus

217 360 255 390 «t
277 354 406 403 inepta
436 367 524 391 cum
547 354 698 392 Caesare
734 355 839 391 illum
877 354 974 391 velle
1007 356 1254 401 contendere,
1288 358 1354 407 qui
1379 366 1529 408 pareret
1547 357 1673 396 Juba·.

215 418 300 456 Jam
322 417 473 455 fortuna
503 418 681 467 reliquias
711 418 1034 467 Pouipejanurum
1065 421 1231 468 partium
1253 422 1401 472 eampis
1423 422 1674 473 explicuerat,

217 489 258 520 ut
278 495 339 520 eas
363 482 492 519 ultima
523 481 621 518 falce
643 481 862 519 demeteret.
921 483 1007 520 Hoc
1034 490 1207 534 tempore
1242 486 1348 522 multi
1378 487 1480 523 fuere
1515 487 1674 523 insultus

215 546 374 585 Labieni
390 552 427 582 et
443 545 587 582 Afranii
610 557 684 581 non
701 545 781 582 sine
796 545 995 594 periculo:
1020 548 1138 585 multa
1158 549 1319 585 Caesaris
1337 550 1540 598 vigilantia,
1554 550 1677 599 jugis-

216 624 291 660 que
313 609 537 646 sollicitudo
554 608 590 645 iu
612 607 794 646 docendo
814 610 1107 648 ⁴0uiuuitissima
1122 624 1278 662 quoque
1301 612 1459 658 militiae,
1480 620 1515 650 et
1538 614 1676 659 milites

214 675 328 711 etiam
347 681 561 718 veteranos,
590 680 627 710 et
648 673 760 710 rebus
783 673 955 710 maximis
977 676 1264 724 comprobatos,
1288 690 1363 713 non
1385 677 1492 726 quasi
1519 677 1678 726 impera-

213 746 285 783 tor,
306 738 372 776 sed
403 739 512 789 quasi
534 738 714 787 magister
735 737 815 773 ludi
831 750 1039 783 armorum,
1063 754 1084 789 q
1095 753 1227 777 uorum
1252 742 1429 790 magister
1450 755 1536 779 vere
1557 741 1677 780 omni-

215 815 277 840 uui
305 816 476 840 summus
504 802 587 840 fuit.
645 801 890 839 sollicitabat
921 803 1021 840 enim
1053 804 1138 852 ejus
1176 805 1343 842 animum
1375 819 1529 843 suorum
1558 812 1674 855 atque

213 867 378 904 hostium
399 867 593 905 conditio:
626 868 813 906 timebant
829 867 928 905 euim
950 869 1099 918 equites
1119 868 1458 918 pugnani⁴¹1)rope
1487 882 1673 919 equorum

203 931 415 977 jacturam,
437 945 533 982 quos
555 932 681 970 hostes
698 934 845 984 sagittis
868 933 1123 971 occidebant:
1148 941 1186 971 et
1206 933 1357 982 pedites
1379 946 1482 970 more
1500 934 1674 971 Romano

210 995 357 1040 armati,
379 1002 417 1032 et
437 1009 629 1033 armorum
651 997 749 1034 mole
770 997 1010 1047 praegravati,
1043 997 1134 1034 levis
1158 1005 1360 1034 armaturae
1383 998 1546 1034 hostium
1579 997 1677 1034 velo-

212 1059 328 1096 citate
362 1059 640 1109 fatigabantur:
673 1060 912 1099 timebantur
945 1062 1061 1099 etiam
1084 1062 1308 1111 elephantes
1332 1068 1405 1099 tam
1425 1074 1446 1098 a
1466 1061 1676 1111 peditibus,

211 1136 258 1159 ne
279 1124 608 1173 proculcarentur,
632 1138 747 1175 quam
769 1126 818 1163 ab
835 1126 1047 1176 equitibus,
1068 1127 1171 1176 quod
1194 1139 1324 1163 eorum
1344 1126 1541 1163 stridorem
1559 1132 1676 1176 atque

213 1187 368 1226 odorem
389 1188 583 1226 insolitum
603 1190 692 1240 equi
710 1191 913 1228 horrebant
931 1204 938 1227 ε
970 1191 1034 1228 sed
1060 1191 1147 1229 huic
1170 1190 1266 1240 parti
1282 1190 1491 1228 remedium
1512 1189 1676 1227 adhibu-

208 1259 289 1290 erat
318 1253 550 1290 adducendo
577 1253 802 1304 elephantes
837 1256 872 1292 in
910 1262 1045 1300 castra,
1068 1256 1301 1306 et*aili‹1uos
1332 1257 1366 1292 in
1400 1256 1550 1292 Italiam
1592 1254 1674 1292 mit·

209 1317 326 1354 tendo
355 1315 405 1354 ad
427 1316 684 1355 eruditionem
705 1331 893 1356 novorum
915 1319 1165 1364 exercituum,
1189 1327 1229 1356 ut
1259 1327 1295 1356 et
1317 1319 1468 1368 pedites
1489 1319 1675 1357 discerent

208 1379 361 1417 ubinam
383 1381 518 1417 armati
538 1380 653 1418 etiam
685 1382 875 1420 vulnerari
904 1390 1075 1433 possent,
1096 1390 1133 1420 et
1167 1384 1255 1433 equi
1271 1383 1534 1421 ”honorifimu
1553 1382 1673 1420 belua¹

207 1453 482 1490 assuescerent,
504 1453 542 1483 et
571 1446 724 1484 horrere
745 1447 988 1486 desinerent:
1019 1455 1137 1498 atque
1160 1449 1210 1487 ita
1230 1449 1415 1487 effectum
1435 1456 1507 1493 est,
1539 1456 1579 1486 ut
1601 1448 1675 1486 sor-

207 1508 388 1546 midabile
420 1511 561 1548 animal
590 1512 766 1549 manibus
786 1519 1068 1562 pertractatum
1107 1514 1282 1564 interque
1316 1527 1437 1563 equos
1467 1519 1672 1556 versatum,

207 1580 413 1622 prospecta
446 1588 514 1612 sua
547 1575 728 1613 tarditate
759 1577 971 1615 vilesceret.
1030 1576 1130 1615 Illud
1159 1591 1315 1627 quoque
1356 1575 1675 1627 providentissimi

203 1636 312 1673 ducis
329 1638 495 1687 augebat
514 1651 659 1685 curam,
675 1639 788 1689 [¹236]
811 1640 913 1690 quod
938 1640 1231 1678 insidiosissime
1253 1655 1341 1678 cum
1365 1654 1451 1691 rege
1473 1654 1550 1678 rem
1569 1653 1673 1690 gerc-

208 1701 287 1746 bat,
310 1707 485 1738 assuetus
509 1702 693 1740 dimicare
715 1717 799 1741 cum
823 1704 961 1748 Gallis,
988 1704 1126 1754 apertis
1149 1705 1378 1750 hominibus,
1398 1712 1435 1743 et
1451 1705 1671 1743 insidiarum

204 1765 356 1811 nesciis,
380 1779 454 1804 non
479 1767 679 1804 fraudibus
702 1768 766 1804 sed
791 1768 928 1806 virtute
954 1769 1213 1807 bellantibus:
1244 1770 1403 1808 timebat
1433 1783 1480 1807 ne
1510 1769 1672 1807 militum

207 1842 376 1876 suorum,
401 1844 564 1880 quorum
588 1831 714 1869 virtuti
737 1833 827 1869 satis
856 1832 1018 1879 fidebat,
1049 1834 1346 1885 circumspectio
1378 1840 1512 1872 contra
1546 1833 1676 1871 insoli-

206 1902 284 1930 tum
316 1908 436 1943 genus
468 1895 587 1932 hostis
620 1909 694 1932 non
729 1896 946 1935 sufficeret:
980 1897 1145 1947 ideoque
1176 1898 1338 1936 cottidie
1353 1898 1673 1949 ⁴³perexperien-

206 1958 294 1994 tiam
336 1958 667 2005 circumducebat,
710 1968 752 1997 ut
790 1960 985 1999 discerent
1023 1963 1192 2000 hostium
1233 1976 1356 2001 mores
1393 1976 1516 2007 nosse,
1557 1975 1671 2012 quain

205 2021 342 2058 diversi
358 2029 483 2059 essent
504 2023 552 2060 ab
575 2024 742 2073 antiquis
760 2025 960 2064 hostibus:
985 2027 1177 2064 discerent
1193 2040 1343 2076 semper
1360 2027 1515 2064 intentis
1537 2026 1671 2063 animis

206 2099 301 2131 esse,
332 2088 458 2124 omnia
481 2088 780 2138 circumspicere
801 2097 839 2127 et
867 2104 1014 2128 cavere.
1074 2092 1153 2127 Has
1177 2091 1273 2128 inter
1294 2091 1404 2128 ducis
1424 2104 1535 2128 curas
1556 2097 1674 2140 atquc

207 2151 387 2188 exercitia
415 2151 500 2200 jam
524 2166 712 2204 supremae
743 2167 883 2203 pugnae
905 2162 1055 2204 tempus
1084 2155 1449 2205 appropinquabat:
1481 2162 1517 2191 et
1551 2155 1675 2204 primo

204 2215 361 2264 quidem
381 2215 511 2252 Caesar
527 2217 738 2254 exercituin
757 2217 958 2267 diligenter
975 2219 1203 2256 instructum
1221 2232 1332 2256 sec-us
1356 2219 1519 2257 hostium
1547 2226 1672 2256 castra

203 2279 376 2324 deduxit,
399 2287 437 2317 et
459 2294 572 2329 aequo
594 2281 629 2317 iu
653 2282 739 2318 loco
761 2281 945 2319 ordinatis
967 2283 1136 2328 aciebus,
1168 2283 1254 2320 illos
1276 2284 1322 2320 ad
1347 2283 1522 2333 proelium
1540 2283 1674 2320 invita-

207 2344 283 2387 bat,
306 2344 576 2393 “expectabat
598 2345 644 2382 ad
668 2359 731 2383 eos
752 2360 871 2396 usque
899 2347 945 2384 ad
978 2361 1195 2397 vesperam:
1221 2347 1285 2384 ubi
1306 2348 1388 2384 illos
1421 2346 1521 2384 videt
1556 2347 1671 2397 perti-

205 2406 350 2443 naciter
371 2420 561 2451 recusare,
585 2409 654 2445 sub
677 2417 831 2446 noctem
864 2410 899 2446 in
935 2418 1059 2448 castra
1089 2411 1302 2447 revertitur.
1362 2410 1577 2448 Discedens
1611 2423 1676 2448 au-

205 2479 293 2516 tem,
315 2471 524 2508 insectante
545 2471 670 2508 ηιςςυιιι
695 2473 877 2517 Labieno,
899 2474 1031 2523 fugato
1050 2482 1191 2518 taum-n,
1215 2488 1283 2511 nec
1314 2475 1461 2525 insequi
1482 2475 1669 2513 desisten-

203 2543 253 2579 te,
277 2535 455 2584 improbo
472 2536 629 2585 quidem
651 2537 846 2584 transfuga
869 2546 904 2575 ct
927 2539 1051 2575 malo:
1086 2540 1212 2576 hostes
1239 2539 1320 2587 jam
1353 2539 1442 2576 iude
1463 2539 1667 2590 digreSSOS,

243 2689 284 2716 40
309 2687 423 2725 Forte,
439 2687 649 2718 minutissima
674 2699 797 2727 quaque
821 2689 1041 2719 miiitiwffsstl
1070 2689 1174 2727 Lege,
1198 2692 1423 2730 prophan—«12
1448 2690 1551 2731 Lege,
1569 2691 1666 2721 horri-

189 2739 364 2781 ficum—13
391 2740 500 2777 Adde,
515 2745 662 2773 cose-41
690 2743 792 2783 Lego,
809 2744 1047 2784 expectabath
1063 2747 1212 2775 cus-&171
1233 2744 1347 2782 Forte,
1363 2754 1443 2775 eum.
