1850 3109
399 159 934 202 istn.1n.CAP.81.nn
970 171 1327 202 BELLo‹nV1LL

140 275 207 298 non
223 266 385 307 oportuit.
403 274 440 296 ιι.
455 267 506 295 24.
530 265 539 281 ‘
557 264 689 295 directo
716 263 838 294 itinere

140 317 261 348 abcstl
285 317 324 347 B.
353 315 452 346 Alex.
472 325 502 345 c.
519 318 549 344 2.
574 314 583 330 ‘
602 314 743 344 directae
769 314 837 354 pla-

140 366 233 397 tear!
279 367 442 397 Arerterat
466 368 579 395 autem
608 369 670 403 est,
696 363 837 403 fecerat,

139 425 177 450 ut
192 430 210 450 a
227 424 320 449 recto
334 419 454 449 itincre
469 427 505 448 se
523 426 638 448 versus
656 416 738 448 viani
757 416 835 447 flec-

139 474 237 500 teret.
280 469 391 508 Supra
405 469 445 499 B.
459 469 501 499 (ὃ.
520 477 567 499 νι.
582 470 634 498 42.
659 469 667 484 ‘
685 468 774 509 quod
793 468 835 498 ab

136 519 209 559 ipso
226 519 312 548 vallo
330 518 488 549 barbaros
518 519 697 549 avertisset
718 518 836 549 Fortu-

134 578 178 599 na
192 568 212 598 :¹
237 569 337 606 vulgo
353 568 399 598 ibi
416 570 609 599 avertissent.
656 568 741 599 Vide
759 579 834 609 qum

135 617 239 649 adtuli
256 619 297 648 ud
321 619 444 649 Lucan.
478 629 558 650 vni.
586 622 658 650 857.
701 620 834 652 ‘Quem

133 677 200 698 non
227 669 310 699 cinis
331 673 464 699 avertet
479 672 499 699 :’
523 669 578 700 ubi
603 674 713 700 tamen
729 671 835 700 adrer-

129 720 176 748 tet
193 718 329 748 defendi
358 723 471 758 potest
492 729 535 749 ex
560 720 612 758 iis,
639 730 715 761 quae
740 724 834 750 notat

133 768 185 798 Cl.
212 768 390 799 Drakeub.
412 769 454 799 ad
482 770 553 800 Liv.
571 779 594 801 1.
615 773 664 801 12.
689 771 697 786 ‘
717 771 834 801 adver-

134 823 292 860 teratque
310 830 350 850 ca
368 830 418 850 res
433 820 598 852 Sabinos!

173 873 191 899 5
218 869 392 910 Inproviso]
425 871 508 902 Mss.
538 872 623 910 Rog.
649 872 776 903 Eliens.
797 877 833 903 et

129 919 250 957 Vossii‚
269 930 308 950 rx
332 921 505 960 improviso.
540 923 646 954 mark.
694 923 832 963 l'raepo-

128 970 286 1001 sitionem
304 971 418 1001 addidi
435 973 639 1004 auctoritate
665 974 832 1004 Mstorum

131 1020 243 1050 Ursini
260 1025 294 1051 et
309 1031 458 1052 meorum
476 1024 622 1054 oninium
638 1035 645 1054 ;
683 1029 718 1055 et
745 1025 831 1056 Edd.

130 1069 270 1100 vascos.
300 1081 339 1101 ac
364 1072 481 1111 Stepli.
500 1073 706 1114 Plerumque
723 1085 762 1105 ex
779 1076 832 1105 vel

128 1121 168 1151 de
183 1121 277 1151 addit
297 1126 428 1161 auctor,
456 1123 536 1153 licet
553 1124 658 1154 etiam
676 1125 832 1164 exempla

128 1171 220 1211 apud
248 1181 323 1202 eum
355 1172 404 1203 uti
433 1176 470 1203 et
501 1173 582 1203 alios
610 1173 746 1214 dentur,
774 1173 829 1204 ubi

127 1221 414 1261 subintelligatur.

172 1275 191 1302 8
216 1271 401 1302 Heracleam
417 1272 588 1314 Senticam]
625 1274 680 1305 Sic
706 1274 739 1304 in
762 1283 829 1305 om-

125 1320 224 1352 nibus
255 1321 429 1352 codicibus
460 1323 595 1363 legitur.
642 1324 829 1355 Ptolemaeo

126 1376 238 1403 tamen
268 1372 440 1403 Heraclea
467 1377 519 1404 est
553 1374 632 1404 urbs
664 1374 826 1410 Σιντικῆς;

125 1427 160 1453 et
175 1422 306 1453 Plinius
320 1432 368 1454 iv.
387 1426 436 1454 10.
477 1424 661 1455 Heracleam
674 1424 828 1455 Sintia-am

124 1478 235 1505 vocat.
279 1474 347 1504 Sed
374 1472 475 1504 facile
504 1474 615 1514 potuit
640 1474 651 1504 z'
679 1474 710 1504 in
728 1484 828 1505 emu-

123 1524 210 1555 tari:
241 1524 290 1555 sic
323 1525 354 1555 in
372 1529 442 1556 vet.
473 1525 547 1555 cod.
595 1525 745 1556 Heraclia
764 1535 826 1565 pro

126 1575 280 1606 Heraclea
296 1575 460 1607 scribitur
474 1587 483 1614 ;
508 1577 588 1608 etin
606 1577 718 1608 multis
733 1577 826 1608 libris

124 1634 190 1656 non
217 1635 292 1657 raro
321 1626 470 1666 reperias
518 1628 729 1666 Mauretania,
764 1637 824 1667 pro

125 1675 333 1706 lllauritania.
376 1675 476 1707 Quod
497 1685 672 1716 perperam
689 1677 825 1707 Fulvius

124 1725 202 1756 inde
234 1725 400 1765 probabat
442 1732 574 1756 rectum
620 1736 705 1765 esse,
748 1728 826 1767 quia

123 1776 257 1806 Graecis
284 1776 477 1816 Μαυρετανία
505 1777 642 1808 dicitur.
691 1778 779 1808 Nam
797 1778 822 1807 si

121 1828 154 1858 id
173 1837 302 1867 verum,
331 1838 432 1869 quare
461 1839 526 1859 uon
555 1839 652 1870 seque
670 1830 824 1860 Bretania

120 1880 233 1911 dicere
250 1880 366 1921 liceat,
379 1881 511 1921 quando
528 1881 661 1912 Graecis
677 1881 824 1921 Βρετανία

120 1931 194 1961 est?
222 1931 354 1962 Vossius.
396 1933 576 1963 Heracliam
599 1937 650 1963 cst
669 1933 771 1964 etiam
788 1934 821 1964 in

119 1981 282 2012 vossiano
306 1983 387 2013 Lov.
418 1983 495 2013 Pet.
524 1983 635 2015 Palat.
659 1989 693 2014 et
710 1985 820 2025 Bong.

119 2033 187 2064 Sed
214 2033 371 2065 Senticam
395 2035 563 2066 mordicus
589 2035 736 2067 retinent
753 2047 821 2067 om-

119 2092 201 2122 nes;
238 2093 311 2114 cum
343 2085 496 2115 Sinticam
520 2084 622 2116 fuisse
648 2086 773 2117 dictam
802 2097 820 2117 e

120 2132 232 2164 Plinio
248 2137 284 2163 et
307 2134 401 2164 Livio
427 2144 482 2165 Lv.
504 2138 555 2166 19.
580 2141 615 2166 et
631 2136 781 2177 Tluicyd.
799 2138 820 2169 l.

120 2191 160 2213 u.
201 2183 316 2222 Σίντοι,
331 2184 433 2215 etiam
450 2184 640 2216 docuerunt
655 2186 821 2217 Glandor-

119 2233 208 2273 pius,
239 2234 393 2270 Ursinus,
410 2239 443 2265 et
471 2235 646 2275 Cellarius⁷
678 2247 819 2277 quorum

118 2283 256 2314 ultimus
273 2284 399 2324 optime
418 2285 565 2325 conjecit
589 2285 675 2316 lianc
701 2296 818 2317 vocem

115 2341 136 2362 a
164 2334 253 2364 mala
283 2344 382 2364 manu
414 2334 508 2365 scioli
547 2345 620 2366 esse
654 2335 817 2367 additam.

117 2382 206 2414 Quia
218 2383 388 2414 Heraclea
401 2384 531 2415 Sintica
546 2385 684 2416 nimium
702 2395 720 2416 a
733 2386 817 2416 Can-

115 2431 214 2463 davia
232 2439 373 2473 remota,
392 2439 553 2475 quantum
579 2435 681 2475 spatii
706 2440 757 2466 est
774 2436 816 2466 ab

115 2482 254 2522 Illyrico
271 2490 384 2515 monte
408 2485 450 2515 ad
478 2486 624 2516 Bisaltas
654 2486 687 2516 in
715 2486 817 2517 Thra-

116 2532 178 2562 ciae
195 2533 339 2564 confinio
354 2546 361 2565 z
399 2536 536 2575 propior
559 2536 741 2567 Candaviae
759 2543 816 2568 aut

117 2582 278 2622 contigua
302 2584 457 2616 Heraclea
487 2586 684 2625 Lyncestidis
711 2588 817 2628 regio-

117 2631 180 2668 nis,
196 2643 292 2672 quam
309 2645 374 2665 non
403 2636 549 2673 dubitat,
575 2638 744 2668 Caesarem
762 2640 815 2669 vel

118 2681 306 2721 scripsisse,
321 2685 371 2714 vel
390 2685 421 2714 in
435 2686 734 2719 animohabuisse:
753 2698 815 2720 nec

118 2729 283 2770 credibile
313 2737 377 2774 est,
407 2744 544 2768 vacasse
576 2737 741 2779 Pompeio
773 2739 816 2770 ad

1477 165 1587 206 1511

886 263 1014 304 Sintos,
1030 265 1189 305 Bisaltas,
1204 272 1240 297 et
1252 267 1466 306 Strymonem
1483 278 1587 309 nsque

887 324 1080 355 excurrere,
1102 315 1161 346 sed
1187 315 1267 346 belli
1296 317 1444 346 rationes
1462 327 1537 348 eum
1554 319 1588 348 in

886 365 1103 397 citerioribus
1120 366 1317 397 detinuisse.
1342 366 1432 398 Quid
1451 367 1588 398 multis?

887 414 967 455 Ipsa
980 425 1074 456 seqq.
1093 416 1195 446 verba
1206 416 1403 454 ostendunt,
1415 417 1587 447 (laisarem

887 473 952 495 non
967 465 1117 505 potuisse
1129 465 1218 507 loqui
1233 466 1273 496 ‹le
1288 465 1441 496 Heraclea
1452 466 1588 505 Sintica,

885 515 943 546 sed
979 516 1211 556 I’aphlagouioe‚
1239 526 1314 558 qnae
1353 517 1505 557 subjecta
1535 521 1589 548 est

885 565 1082 596 Candaviae.
1132 566 1291 597 Pluribus
1319 567 1381 597 lioc
1409 567 1510 598 docet
1535 567 1586 598 Cl.

885 615 1084 655 wesseling.
1102 617 1142 646 ad
1173 616 1296 648 Aulon.
1325 617 1442 648 Itiner.
1460 627 1493 657 p.
1511 619 1587 649 607.

885 665 989 697 Uncis
1005 666 1119 708 itaque
1136 667 1254 697 inclusi
1271 667 1355 698 hanc
1370 677 1498 698 vocem.

930 720 968 747 12
1007 718 1057 748 De
1082 717 1203 757 proelio]
1256 718 1312 748 Sic
1350 719 1453 758 prius,
1495 720 1586 760 quod

884 767 998 806 sciam,
1015 767 1121 798 edidit
1137 766 1303 808 Scaliger,
1333 778 1395 798 nec
1411 769 1510 807 male,
1527 769 1553 799 si
1568 778 1588 800 e

885 818 969 849 Mss.
987 822 1022 848 ut
1046 828 1120 858 cap.
1135 828 1204 860 seq.
1237 817 1350 848 Antea
1363 818 1588 850 exhibebatur

884 871 955 901 sine
972 872 1026 902 de:
1041 871 1208 912 quomodo
1225 871 1327 902 etiam
1341 876 1392 901 est
1409 871 1440 901 in
1458 872 1586 911 optimo

884 922 1004 953 l'etav.
1027 923 1118 953 Scal.
1144 927 1179 953 et
1201 922 1377 953 Vossiano.
1424 922 1460 953 In
1488 923 1584 954 Leid.

883 982 951 1003 sec.
979 972 1055 1003 Pal.
1083 973 1191 1012 Bong.
1226 973 1320 1003 Carr.
1351 977 1386 1003 et
1410 972 1496 1003 Edd.
1526 983 1584 1014 pp.

884 1023 1005 1058 Quibus
1018 1023 1134 1063 proelia,
1150 1026 1212 1054 ἃς.
1250 1023 1290 1053 In
1309 1023 1434 1054 Lovan.
1459 1034 1495 1053 ac
1507 1034 1586 1063 proe-

881 1073 933 1102 lio.
980 1072 1027 1103 At
1044 1074 1075 1103 in
1096 1072 1189 1103 Leid.
1215 1082 1265 1112 pr.
1288 1072 1430 1112 proelium
1448 1072 1583 1110 factam.

883 1124 985 1153 Forte
1004 1122 1069 1154 fuit
1084 1123 1390 1162 proeliisactifitma.

926 1172 1052 1202 Elatius
1081 1171 1294 1212 inflatiusque]
1336 1172 1492 1209 Ταιντότης
1519 1173 1585 1204 ista

881 1222 1011 1262 placuit
1025 1222 1211 1261 Scaligero.
1255 1222 1295 1252 In
1320 1223 1404 1253 Mss.
1432 1222 1585 1254 omnibus

879 1277 932 1304 est
949 1275 1041 1304 latius
1056 1273 1265 1314 inflatiusque.
1295 1273 1428 1304 Vossius.
1476 1273 1584 1304 Miror

879 1324 1057 1355 Davisium
1074 1329 1110 1355 et
1127 1324 1301 1355 Clarkium
1329 1324 1507 1355 retinuisse
1524 1324 1584 1355 ela-

878 1374 958 1405 tius.-
995 1384 1071 1405 cum
1094 1374 1153 1404 illa
1179 1374 1279 1404 lectio
1307 1374 1348 1404 sit
1365 1383 1383 1404 e
1401 1375 1472 1404 sola
1488 1374 1584 1405 Ciac-

878 1425 968 1456 conii
985 1425 1194 1465 conjectura.
1242 1424 1406 1456 Cellarius
1424 1424 1510 1455 bene
1525 1424 1584 1455 dat

877 1476 983 1516 lacius,
999 1475 1188 1507 volentibus
1205 1475 1239 1505 id
1266 1476 1350 1506 Mss.
1366 1475 1532 1514 omnibus,
1546 1480 1582 1506 et

878 1525 965 1558 Edd.
985 1526 1145 1566 antiquis,
1171 1530 1206 1556 et
1230 1534 1311 1556 sano
1338 1535 1449 1556 sensu.
1496 1525 1580 1556 Dixi

878 1576 1029 1616 pluribus
1043 1586 1145 1616 supra
1162 1575 1204 1606 ad
1221 1576 1262 1606 B.
1280 1576 1352 1607 Civ.
1376 1585 1415 1606 11.
1433 1578 1481 1606 17.
1504 1577 1512 1592 ‘
1531 1581 1581 1606 at-

877 1637 942 1668 que
965 1627 1040 1658 ha‘c
1058 1627 1100 1657 ad
1126 1636 1202 1657 eum
1231 1627 1332 1657 latius
1357 1631 1460 1667 atque
1488 1626 1580 1657 infla-

878 1678 942 1708 tius
958 1676 1118 1708 Afranius
1136 1676 1394 1717 perscribebat!

921 1729 960 1757 14
986 1727 1065 1757 Hau:
1082 1726 1196 1757 ztinera
1222 1726 1336 1764 *infesta
1363 1727 1579 1757 reddiderant.-

875 1777 940 1807 hcec
954 1777 1094 1807 civitates
1118 1777 1276 1807 nonnullas
1289 1777 1327 1807 ab
1350 1778 1414 1814 rjus
1439 1777 1580 1808 amicitia

876 1828 1068 1868 averterant]
1102 1828 1168 1858 Ms.
1193 1827 1333 1858 Norvic.
1359 1827 1498 1858 exhibet
1514 1827 1578 1858 hoec

875 1878 989 1907 itinera
1005 1877 1119 1915 infesta
1135 1878 1326 1916 reddiderat,
1349 1878 1413 1908 hoec
1435 1878 1578 1908 civitates

874 1928 1045 1965 nonnullas,
1061 1928 1113 1966 ὅγε.
1126 1927 1285 1958 arertebat
1298 1938 1307 1962 ‚·
1332 1928 1420 1958 unde
1434 1929 1536 1959 rescri
1541 1939 1577 1969 p-

874 1978 975 2009 serim
1003 1978 1067 2007 hccc
1095 1978 1211 2008 itinera
1250 1977 1362 2015 infesta
1390 1979 1578 2019 reddiderat,

874 2029 938 2059 lucc
960 2029 1102 2059 civitates
1125 2029 1284 2059 nonnullas
1306 2029 1343 2059 ab
1359 2029 1425 2066 ejas
1437 2029 1578 2060 amicitia

873 2082 1042 2119 averterat,
1055 2083 1092 2110 ut
1107 2079 1275 2116 adsamam
1288 2080 1361 2110 haec
1374 2078 1576 2110 referantur.

873 2130 983 2160 Dacis.
1007 2130 1201 2160 Reddiderat
1217 2133 1317 2160 etiam
1335 2130 1434 2160 estin
1453 2130 1576 2161 Petav.

874 2181 998 2211 Lovan.
1015 2186 1050 2211 et
1065 2181 1230 2211 vossiano
1245 2192 1251 2210 :
1274 2185 1308 2211 et
1322 2184 1476 2211 averterat
1495 2191 1574 2222 quo-

873 2232 988 2271 quein
1016 2232 1142 2261 Lovan.
1187 2231 1358 2262 Acer-lebat
1388 2233 1420 2262 in
1451 2233 1575 2263 Petav.

871 2281 966 2312 Leid.
985 2291 1035 2322 pr.
1052 2283 1150 2312 Voss.
1190 2282 1372 2312 Reddebant
1399 2286 1435 2312 et
1456 2285 1575 2313 averte-

871 2332 944 2362 bant
975 2333 1008 2363 in
1038 2332 1134 2363 Leid.
1167 2343 1235 2363 sec.
1271 2333 1383 2364 Palat.
1416 2338 1451 2364 et
1482 2334 1571 2365 Edd.

871 2382 1008 2413 Vascos
1022 2383 1141 2423 steph.
1166 2383 1318 2424 aliisque.
1364 2384 1431 2414 Sed
1450 2389 1573 2424 praetu-

868 2431 891 2461 li
907 2435 1062 2462 averterat
1089 2438 1124 2463 et
1147 2433 1347 2469 reddiderat;
1379 2434 1571 2473 praesertim

868 2483 894 2512 si
913 2483 1016 2514 addas
1045 2493 1063 2514 e
1088 2484 1213 2514 Lovan.
1239 2484 1304 2515 lioec
1327 2494 1392 2514 res:
1428 2489 1464 2514 ut
1480 2488 1572 2514 amat

870 2534 984 2564 Caesar
1010 2535 1201 2565 sexcenties
1225 2535 1333 2576 loqui:
1362 2535 1450 2574 quod
1477 2543 1570 2574 saepe

867 2584 1070 2615 mouendum
1087 2584 1163 2616 fuit.

911 2644 1038 2666 Lxxm.
1068 2639 1086 2666 3
1125 2636 1274 2666 Civitatis
1300 2635 1504 2674 Gomphensis
1528 2645 1568 2665 es:

867 2687 998 2725 captivis
1010 2687 1148 2725 cognito]
1180 2687 1312 2716 Nomen
1331 2686 1514 2724 proprium,
1530 2690 1568 2716 ut

867 2735 917 2777 fit,
930 2737 964 2767 in
974 2736 1128 2768 omnibus
1141 2736 1248 2767 codd.
1262 2740 1336 2766 erat
1348 2739 1543 2775 corruptum
1557 2746 1566 2774 ;
