1850 3109
354 188 448 218 mu.
480 187 554 218 ιιι.
585 185 693 216 οΛΡ.
723 174 793 217 24.
827 185 889 215 DE
922 185 1079 216 nmmo
1111 187 1281 219 (ιιι-ιω.

137 282 171 311 ll
202 279 420 319 Polliceretur]
443 279 526 310 Mss.
545 279 628 317 Reg.
645 282 680 308 et
697 278 796 310 Voss.
819 279 822 282 ”

96 334 131 362 et
166 330 259 362 Edit.
291 332 387 361 Rom.
413 329 650 369 pollicitaretur.
697 329 796 361 Quod

96 381 209 420 paullo
253 382 410 420 majorem
462 380 563 411 habet
609 380 796 420 emphasin.

97 430 206 461 Clark.
252 430 432 460 Accedunt
464 430 572 460 Dorv.
606 430 700 460 Leid.
730 439 797 461 see.

95 483 130 510 et
147 479 231 510 Edd.
252 480 342 509 Med.
360 480 445 510 Ven.
463 480 561 511 Vasc.
585 481 704 521 steph.
728 481 796 512 Str.

94 527 224 569 Gryph.
257 534 344 567 post.
377 530 414 559 B.
448 530 492 560 G.
524 539 580 560 111.
609 534 659 561 18.
687 532 797 571 ‘prae-

94 577 168 608 miis
187 578 584 620 pollicitationibusque.’

137 630 176 658 12
200 629 308 668 Itaque
340 640 522 667 ›uagum-um
556 631 649 662 initia
681 641 797 671 rerum,

92 687 159 717 quoe
183 679 379 718 occupatione
403 681 643 719 magistratuum
667 684 698 711 et
723 684 798 712 tem-

89 728 214 768 porum]
241 729 332 767 Lego
359 730 405 760 ita
433 741 614 769 tuecgnurum
640 741 683 761 ex
709 741 740 762 v.
766 741 796 762 c.

93 783 213 810 nostro
239 789 277 810 ac
296 781 406 810 Palat.
425 785 459 811 et
476 781 677 812 petaviano.
725 781 796 812 Cae-

93 833 169 859 tera
192 828 271 858 milii
298 835 457 869 suspecta
480 835 570 860 suut.
618 830 658 861 In
686 831 797 861 veteri

93 877 211 909 codice
228 885 344 909 nostro
370 884 422 910 est
449 881 711 921 proeoccuputione
734 891 797 912 ma-

89 927 294 967 gistratuum,
320 930 376 959 sed
396 930 454 959 illa
479 934 508 960 et
537 934 718 970 temporum,
744 931 796 961 vel

94 983 255 1018 corrupta
279 979 453 1018 videntur,
477 981 529 1010 vel
546 980 645 1010 deest
660 990 724 1011 vox
739 980 797 1010 ali-

93 1038 169 1068 qua.
199 1029 330 1060 Vossius.
379 1031 462 1061 Mss.
489 1031 614 1061 Eliens.
633 1036 668 1061 et
684 1031 796 1061 Vossii

95 1080 157 1110 lta.
204 1080 304 1112 Quod
346 1081 431 1111 forte
470 1082 670 1121 elegantius
718 1082 796 1113 Non

93 1130 341 1161 contemnenda
369 1135 483 1161 autem
510 1132 553 1161 D.
579 1131 691 1161 Vossii
719 1141 797 1161 con·

87 1179 240 1220 jectura,
275 1180 332 1221 qui
366 1181 558 1221 suspicatur
589 1190 708 1211 vocem
737 1181 795 1212 ali-

94 1239 195 1271 quam
218 1230 430 1261 intercidisse
459 1232 656 1271 occupatione
681 1231 796 1270 magis-

93 1282 242 1317 tratuum,
257 1282 287 1310 et
303 1280 526 1320 ιιίιιρυιίιιιι’““·ε
560 1281 668 1312 Clark.
729 1281 796 1316 Que

94 1329 276 1360 delendum
312 1340 397 1369 esse,
430 1340 448 1360 e
481 1340 540 1361 suo
572 1331 699 1362 Codice
723 1331 796 1371 jam

94 1379 225 1410 monuit
251 1379 407 1418 Ursinus,
431 1390 494 1411 uec
522 1384 707 1419 agnoscunt
733 1381 797 1411 Lo-

94 1438 169 1460 van.
188 1430 334 1461 Dorvill.
353 1434 411 1461 aut
437 1430 533 1461 Leid.
561 1430 658 1470 prim.
683 1430 798 1462 Quare

95 1479 227 1511 induxi.

139 1536 246 1560 xxm.
270 1532 288 1559 5
320 1528 481 1568 Omnium]
508 1528 795 1561 Nicas.Ciaccon.

97 1577 238 1610 Hotom.
264 1578 357 1618 Lips.
385 1578 503 1608 volunt
529 1579 643 1618 omniu,
666 1579 723 1609 alii
741 1589 797 1609 ex·

97 1631 229 1667 ponunt
243 1628 378 1658 omnium
392 1637 438 1658 sc.
451 1628 611 1659 locorum.
637 1629 796 1660 Ciaccon.

96 1678 235 1718 insuper
257 1686 323 1707 non
351 1682 552 1717 aspernatur
568 1678 706 1708 custodia
722 1679 798 1708 clas-

95 1727 195 1758 sium:
213 1731 251 1758 ut
266 1737 296 1758 c.
314 1729 366 1757 25.
412 1725 576 1758 Profecto
592 1727 665 1758 sine
680 1736 798 1759 neces-

99 1776 214 1808 sitate.

139 1830 161 1858 6
187 1826 311 1866 Teneri]
338 1826 572 1859 Hotomannus
598 1837 615 1858 e
638 1838 697 1859 suo
713 1829 799 1860 libro

98 1877 230 1908 mavult
259 1879 372 1907 tenere.
417 1877 466 1907 At
493 1878 526 1907 in
550 1877 686 1918 optimis
714 1879 799 1910 Mss.

98 1927 215 1968 anac.
242 1927 361 1957 Petav.
388 1927 484 1957 Leid.
511 1937 562 1967 pr.
586 1928 709 1968 Scalig.
737 1928 800 1959 Lo-

99 1986 174 2009 van.
205 1981 242 2009 et
270 1977 359 2008 Edd.
389 1978 518 2017 primis,
548 1977 630 2008 item
657 1978 798 2008 Vascos.

98 2027 215 2068 Stepli.
229 2027 298 2058 Str.
313 2027 446 2067 Gryph.
461 2031 549 2067 post.
561 2027 686 2067 legitur
698 2029 800 2063 tueri,-

99 2078 188 2118 quod
204 2087 270 2108 uon
286 2077 443 2108 inmerito
461 2076 622 2117 placebat
638 2077 799 2108 Grutero.

142 2130 163 2158 9
186 2127 226 2157 In
240 2130 357 2157 terram
373 2126 537 2167 expositis]
563 2127 683 2158 Petav.
706 2127 800 2158 Leid.

100 2187 154 2218 pr.
179 2177 307 2208 Lovan.
339 2177 434 2207 Voss.
471 2177 596 2207 habent
634 2178 666 2208 in
702 2180 800 2209 terra.

98 2227 188 2259 Vide
211 2233 330 2258 notata
358 2226 401 2257 ad
425 2236 449 2257 1.
476 2229 530 2257 31.
552 2227 745 2267 ‘exponere
767 2227 801 2258 in

103 2281 231 2310 terram
246 2276 403 2318 patitur)

142 2337 244 2359 xxw.
282 2331 298 2358 l
339 2327 458 2359 Virtuti
497 2327 631 2357 militum
660 2327 802 2369 corfisus]

100 2378 168 2410 Ms.
186 2379 326 2410 Norvic.
344 2378 445 2408 habet
459 2378 577 2408 virtute
589 2377 721 2407 militum
733 2389 802 2408 cou-

93 2429 188 2470 fisus,
226 2428 313 2468 quod
350 2427 475 2458 rectius
510 2431 576 2458 est.
621 2427 676 2457 Ita
714 2429 803 2458 enim

101 2478 192 2520 loqui
217 2483 307 2509 amat
332 2479 459 2509 Caesar.
504 2478 558 2508 Sic
576 2478 618 2508 B.
636 2478 672 2508 C.
697 2486 721 2508 1.
750 2481 802 2508 58.

101 2527 111 2544 ‘
123 2528 307 2560 Celeritate
326 2528 460 2558 navium
475 2533 511 2558 et
525 2528 670 2559 scientia
681 2530 803 2568 guber-

103 2581 257 2608 natorum
278 2577 419 2609 confisi!
466 2577 518 2609 Ac
532 2587 562 2608 c.
578 2580 630 2608 75.
653 2578 803 2609 ‘Castro-

105 2636 179 2658 rum
203 2629 458 2670 propinquitate
484 2628 625 2660 confisi.'
672 2629 804 2660 Hirtius

105 2678 147 2708 Β.
163 2677 206 2709 G.
223 2687 303 2709 vul.
320 2681 350 2710 3.
374 2681 383 2696 ‘
398 2679 470 2710 Aut
485 2679 629 2720 privatis
651 2679 804 2718 hospitiis

105 2727 235 2767 confisi,
273 2733 332 2759 aut
362 2729 530 2761 societate
566 2727 804 2761 consiliorum?

1439 180 1554 224 1469

848 277 935 308 Vide
961 283 996 308 et
1021 289 1050 309 c.
1078 283 1128 310 15.
1331 281 1464 313 Virtute.
1511 284 1553 314 In

848 329 956 359 Editis
994 329 1123 362 Virtuti.
1171 332 1238 361 Sea
1270 332 1352 363 Mss.
1380 333 1466 372 Reg.
1485 334 1553 364 Eli-

848 387 916 409 ens.
933 384 968 409 et
987 380 1094 409 Voss-ii
1118 381 1241 412 liabent
1268 383 1394 412 virtute.
1442 385 1553 416 Quam

848 430 1136 461 constructionem
1160 438 1192 461 el
1212 432 1337 462 Caesari
1354 432 1553 464 familiarem

848 489 932 516 esse,
981 482 1146 520 exemplis
1191 483 1341 513 ostendit
1380 483 1552 514 Davisius.

850 528 957 559 Clark.
1006 530 1066 559 His
1091 531 1177 561 adde
1203 533 1285 562 Mss.
1313 533 1437 573 Scalig.
1468 534 1554 564 Dor-

849 579 917 609 vill.
935 579 1022 610 Edd.
1052 581 1150 612 Vasc.
1179 584 1296 622 Steph.
1324 585 1392 615 Str.
1421 584 1552 624 Gryph.

849 634 977 668 poster.
1012 638 1066 660 111.
1085 633 1138 661 83.
1166 634 1174 648 ⁴
1189 632 1380 663 Adfluitato
1397 633 1555 673 Pompeii

848 678 1072 710 confideret?
1095 690 1126 711 c.
1155 685 1227 712 106.
1257 683 1433 713 ‘Confisus
1463 683 1554 714 fama

849 737 959 758 rerum
975 729 996 759 :'
1019 734 1055 760 et
1078 731 1261 770 saepissime
1290 731 1322 761 in
1341 732 1434 762 libris
1451 732 1493 763 de
1513 734 1554 765 Β.

849 778 1006 810 Gallico:
1032 784 1067 810 et
1086 780 1179 811 Hirr.
1197 782 1238 812 B.
1258 781 1358 812 Alex.
1377 791 1406 813 c.
1432 785 1482 812 10.
1502 785 1554 814 13.

848 831 901 860 43.
948 828 1062 871 Atque
1080 831 1128 862 ita
1145 831 1228 862 alios
1244 837 1400 863 auctores
1417 841 1553 874 quoque

847 879 979 910 locutos
996 890 1068 911 esse
1084 881 1157 912 Viri
1184 882 1277 913 docti
1302 883 1425 921 saepius
1452 882 1556 914 docu-

849 934 960 960 eruut.
1004 930 1093 960 Vide
1117 932 1170 962 Cl.
1198 932 1315 962 Burni.
1341 932 1383 962 ad
1411 933 1554 965 Sueton.

848 978 918 1010 Jul.
934 989 964 1010 c.
981 982 1012 1010 3.
1039 980 1129 1020 quod
1153 986 1188 1012 et
1213 991 1232 1012 e
1256 982 1340 1013 Mss.
1370 987 1405 1013 et
1432 983 1555 1022 praeci-

849 1038 914 1068 pue
930 1029 1059 1069 optimo
1080 1031 1286 1062 Bononiensi
1305 1032 1554 1063 restituendum

850 1079 1006 1110 Lactant.
1025 1090 1079 1112 ιιι.
1098 1084 1149 1112 14.
1174 1084 1183 1099 ⁴
1203 1082 1314 1114 Quam
1335 1082 1481 1113 confisus
1505 1081 1556 1113 fu-

848 1127 915 1158 eris
954 1129 1174 1169 philosophiae
1224 1131 1404 1162 veritate?
1450 1132 1553 1172 vulgo

847 1178 1011 1209 veritatem
1021 1179 1186 1217 confessus.
1222 1181 1376 1221 Diffidere
1391 1189 1467 1210 cum
1480 1190 1555 1210 sex-

849 1232 884 1258 to
915 1238 995 1258 casu
1026 1233 1179 1259 nostrum
1205 1239 1386 1269 usurpasse
1418 1239 1553 1270 quoque

848 1276 990 1308 vidimus
1009 1277 1051 1307 ad
1079 1281 1175 1309 1.12.
1220 1278 1410 1308 Fatendum
1439 1283 1554 1310 tamen

848 1327 900 1358 hic
917 1327 951 1357 in
969 1328 1122 1367 plurimis
1137 1334 1172 1358 et
1189 1328 1429 1359 vetustissimis
1443 1328 1552 1359 codd.

849 1387 923 1408 esse
951 1378 1076 1418 virtuti,
1115 1388 1218 1420 quare
1247 1383 1380 1409 mutare
1413 1378 1448 1409 id
1477 1388 1554 1410 cum

849 1427 1101 1459 Clarkionolui.
1132 1428 1240 1469 AEque
1258 1428 1382 1459 bonum
1392 1429 1480 1459 enim
1490 1433 1554 1461 est.

890 1480 911 1508 9
933 1478 1257 1519 Adpropz'nquassent]
1274 1478 1350 1509 Non
1368 1478 1490 1508 damno
1505 1478 1553 1509 id.

847 1527 1044 1567 Saepissime
1061 1528 1152 1558 enim
1177 1528 1240 1558 hoc
1257 1528 1481 1568 compositum
1498 1537 1556 1559 oc-

848 1578 957 1608 currit
994 1577 1085 1618 apnd
1115 1579 1294 1609 Caesarem.
1341 1577 1553 1609 Monendum

849 1628 1012 1657 tamenin
1033 1628 1113 1659 Mss.
1138 1628 1259 1658 Petav.
1287 1627 1383 1658 Leid.
1408 1637 1458 1667 pr.
1486 1627 1553 1658 Pa-

848 1677 909 1706 lat.
924 1677 1024 1707 Voss.
1043 1678 1206 1717 Bongars.
1225 1682 1260 1707 et
1274 1677 1421 1707 Dorvill.
1446 1676 1552 1707 scribi

849 1726 994 1766 simplex
1018 1727 1286 1766 propinquassent.
1332 1726 1433 1758 Quod
1449 1726 1554 1756 nihilo

850 1779 903 1806 est
927 1775 1090 1806 deterius.
1136 1776 1177 1806 In
1203 1775 1299 1807 Leid.
1327 1785 1395 1807 sec.
1416 1785 1553 1816 propug-

849 1828 985 1856 nassent.

895 1877 933 1905 ll
956 1875 1031 1904 Jam
1044 1884 1083 1905 ex
1092 1874 1230 1905 omnibus
1241 1874 1400 1914 partibus]
1423 1875 1555 1916 Malim,

850 1927 917 1955 tum
932 1933 970 1954 ex
985 1924 1122 1955 omnibus
1135 1924 1287 1964 partibus.
1318 1925 1452 1956 If'ossius.
1486 1926 1554 1957 Sed

850 1975 918 2006 Ms.
935 1975 1019 2015 Reg.
1036 1979 1072 2006 et
1097 1974 1189 2006 Edit.
1207 1976 1303 2007 Rom.
1327 1976 1454 2006 habent
1468 1976 1555 2006 Nam

850 2028 981 2065 ea·,&c.
1028 2026 1112 2058 Quae
1139 2025 1275 2056 demum
1300 2036 1380 2056 vera
1411 2025 1554 2057 fortasse

852 2075 979 2116 poterit
996 2085 1070 2106 esse
1087 2076 1219 2106 Lectio.
1267 2077 1327 2106 Est
1345 2076 1433 2106 enini
1449 2076 1555 2107 Ratio

851 2135 1006 2157 connexa
1029 2135 1105 2156 cum
1137 2125 1354 2165 praecedente
1377 2125 1555 2166 vocabulo,

851 2176 1015 2207 incautius.
1061 2176 1159 2207 Quod
1191 2185 1266 2206 cum
1304 2185 1370 2206 non
1398 2176 1556 2207 adverte-

853 2226 921 2256 rint
937 2225 1095 2265 Librarii,
1123 2235 1184 2256 nec
1208 2225 1293 2255 illud
1312 2226 1395 2256 Nam
1411 2235 1556 2257 connec-

852 2281 924 2307 tere
941 2276 1116 2316 potuerint
1129 2285 1206 2306 cum
1220 2276 1438 2316 praecedente
1454 2285 1556 2316 seque-

853 2326 976 2364 bantur,
998 2330 1174 2356 mutarunt
1201 2325 1236 2356 id
1261 2326 1295 2356 in
1319 2327 1404 2356 Jam.
1442 2327 1554 2357 Clark.

857 2376 938 2406 Nam
953 2374 1171 2406 confirmatur
1187 2384 1207 2404 a
1222 2375 1436 2414 Lovauiensi‚
1458 2375 1555 2408 Leid.

853 2435 920 2457 sec.
936 2431 971 2456 et
989 2425 1050 2456 Ed.
1070 2425 1210 2456 Mediol.
1257 2425 1357 2457 Quod
1379 2435 1512 2466 ¹sequor.

898 2479 935 2506 15
961 2477 1024 2506 Per
1050 2485 1134 2506 oram
1154 2485 1194 2506 m.
1224 2475 1411 2515 Dispositis]
1434 2476 1555 2508 Petav.

850 2537 907 2567 per
934 2537 987 2557 ora
1011 2527 1177 2557 ιιιιιιὶτιίιια.
1222 2527 1376 2557 Vossian.
1403 2527 1443 2556 ad
1469 2536 1556 2556 oram

855 2588 893 2608 ιιι.
939 2577 1007 2608 Sed
1025 2577 1135 2608 Palat.
1153 2576 1248 2607 Leid.
1267 2585 1318 2616 pr.
1340 2586 1408 2606 sec.
1424 2576 1551 2606 Lovan.

855 2634 888 2657 et
909 2627 1052 2657 Dorvill.
1066 2637 1120 2657 ora
1135 2627 1312 2657 maritima:
1335 2625 1425 2666 quod
1435 2624 1556 2655 eodem

854 2677 956 2714 redit,
991 2683 1026 2707 et
1056 2686 1147 2716 saepe
1177 2677 1226 2707 ita
1254 2675 1404 2716 loquitur
1425 2677 1554 2705 noster.

854 2727 923 2758 Adi
936 2727 979 2758 ad
995 2728 1037 2759 Β.
1054 2727 1099 2759 G.
1116 2737 1151 2758 v.
1175 2730 1229 2759 55.

1166 281 1278 311 Daris.
