1850 3109
437 192 541 222 cAr.
572 180 642 221 41.
675 189 769 218 mn.
804 188 866 218 1)ss
902 187 1055 217 annno
1089 189 1254 220 Arme.

111 287 258 328 pissimo.
304 287 417 318 Minus
442 285 526 315 bene
543 288 653 314 autern
671 283 702 312 in
723 282 809 312 Dor-

112 338 180 369 vin.
199 338 314 369 codice
332 339 452 374 exstat,
465 337 497 364 ut
522 338 623 364 turma
648 332 740 371 nisp.
762 343 809 363 oc-

111 391 267 419 curreret:
299 392 332 417 et
362 390 477 417 cetera
501 385 532 414 in
562 383 723 420 singulari
753 393 809 412 uu-

112 448 215 469 mero.

155 490 173 518 7
197 485 417 525 Adcurm’rrnt]
455 485 637 516 Lcidonsvs
664 489 697 515 ct
728 485 812 514 Dor-

113 538 178 568 vin.
196 547 270 568 cuni
289 536 374 567 lida,
400 538 494 567 Rom.
514 536 653 567 Mediol.
670 546 708 566 ac
726 536 811 566 Yon.

111 591 311 619 accurrerent.
360 588 474 618 Bene:
498 588 518 617 i.
538 587 570 617 in
590 592 741 626 ternpore
759 585 814 616 ad-

111 642 233 669 essent.
281 637 335 667 Sic
366 649 395 670 c.
425 641 476 668 49.
516 638 524 654 ‘
543 636 685 678 proximi
718 635 813 666 collis

112 687 299 729 occupandi
324 688 496 719 consilinm
521 691 673 727 ceperat,
690 691 724 716 et
747 696 813 726 quo

112 737 271 778 propiore
287 739 361 768 loco
385 737 510 777 fuerat,
532 748 572 768 eo
596 737 739 768 celerius
762 746 816 767 oc-

111 792 276 819 currerat.
323 789 366 819 Et
401 789 448 819 ita
480 798 572 828 saepe
601 787 693 818 alibi.
731 787 816 818 Con-

112 839 183 870 sule
213 840 287 870 Cel.
323 840 436 870 Burni.
467 839 509 870 ad
541 838 662 870 Vellei.
691 846 731 868 11.
761 840 814 868 01.

111 889 120 905 ‘
141 889 226 920 Cum
253 888 421 921 Antonius
450 889 657 921 occurrisset
687 887 816 918 exerci-

112 939 185 978 tui‚‘
201 944 237 970 et
251 939 293 970 ad
311 939 447 970 Phaedri
465 939 598 980 Epilog.
616 939 636 969 l.
653 948 692 970 11.
726 938 817 969 Hinc

113 990 121 1005 ‘
141 989 317 1030 suppetias
331 988 521 1020 occurrere’
537 999 567 1020 c.
580 991 651 1019 66.;
671 988 727 1018 nbi
742 988 818 1018 vide

115 1038 234 1070 Davis.
253 1040 292 1070 B.
312 1039 411 1080 Hisp.
427 1049 456 1070 c.
471 1042 522 1070 37.
548 1042 555 1056 ‘
574 1039 688 1070 Classe
705 1048 819 1069 occur-

113 1088 181 1125 1'it‚’
207 1089 229 1118 i.
257 1099 287 1120 e.
317 1089 350 1119 in
380 1094 532 1129 tempore
564 1089 671 1119 adest.
717 1088 818 1119 Adde

115 1139 210 1170 Cort.
238 1138 279 1169 ad
306 1138 394 1169 Plin.
420 1138 479 1168 lib.
497 1147 547 1169 Vl.
571 1139 636 1178 Ep.
657 1140 709 1169 34.
733 1139 765 1168 in
794 1138 819 1170 f.

115 1189 171 1221 Ita
183 1189 330 1229 obponere
344 1198 434 1229 saepe
458 1198 519 1228 pro
535 1189 697 1228 adponere,
712 1191 749 1218 ut
771 1188 820 1218 in-

115 1238 166 1271 fra
191 1249 220 1271 c.
241 1242 294 1269 59.
319 1244 354 1269 et
377 1238 554 1278 aliquoties
578 1237 668 1268 idem
693 1237 753 1274 vir,
769 1237 820 1267 uti

117 1294 152 1320 et
182 1289 302 1320 Heius.
335 1288 377 1319 ad
404 1287 564 1319 Ovidium
594 1287 637 1318 de
663 1297 704 1318 eo
732 1296 820 1318 com-

117 1339 229 1380 posito
244 1343 399 1380 egerunt.

162 1392 202 1420 16
224 1388 273 1420 Ab
288 1390 353 1419 suis
374 1389 468 1429 copiis
491 1389 610 1428 longius
631 1388 822 1429 abscessisse]

118 1439 187 1471 Ms.
205 1439 343 1471 Norvic.
369 1444 404 1470 et
426 1438 526 1470 editt.
542 1440 638 1471 Rom.
654 1440 741 1471 Ven.
756 1441 821 1471 Be-

117 1490 223 1521 ioald.
238 1489 364 1521 habent
379 1489 416 1520 ab
432 1490 495 1520 suis
509 1490 604 1530 copiis
618 1490 739 1529 longius
748 1491 822 1531 jam

117 1540 306 1578 abscessisse,
323 1540 411 1571 unde
434 1539 578 1580 fugitiva
602 1541 723 1571 vocula
745 1541 822 1572 Hir-

119 1592 168 1622 tio
194 1590 416 1621 restituenda.
452 1590 567 1621 Daris.
606 1590 679 1621 Mei
709 1599 823 1622 omnes

121 1651 266 1683 quoque,
298 1645 333 1672 et
366 1641 494 1672 Clarkii
522 1651 598 1672 curn
624 1640 714 1672 Edd.
745 1646 824 1675 ante

122 1691 245 1732 Scalig.
262 1691 392 1722 addunt
405 1691 487 1730 jam,
512 1700 616 1731 quare
640 1701 752 1722 rursus
777 1692 824 1722 in-

122 1741 223 1772 serui.

165 1800 222 1822 xx..
247 1794 286 1822 12
320 1791 450 1832 Postea]
491 1791 614 1831 Scalig.
648 1791 743 1822 Leid.
772 1801 824 1831 pr.

122 1851 189 1874 sec.
207 1842 316 1872 Dorv.
334 1847 370 1872 et
394 1841 482 1872 Edd.
507 1841 605 1872 Rom.
631 1841 770 1872 Mediol.
791 1847 827 1872 et

122 1893 209 1924 Ven.
245 1896 416 1933 postquam.
463 1893 553 1933 Lege
586 1896 655 1932 post
684 1903 764 1933 quae,
789 1900 828 1923 ut

122 1942 262 1983 margini
280 1942 409 1972 adlcvit
427 1941 573 1982 Lipsius.

167 1995 208 2023 19
226 1992 338 2033 Infide
351 1992 531 2032 partienda]
552 1993 662 2033 Super
674 1993 739 2024 hoc
752 1994 828 2024 loco

124 2044 257 2084 rogavit
274 2045 347 2075 Cel.
365 2045 556 2075 Gronovius
572 2045 751 2075 Heinsium
767 2055 829 2086 per

126 2095 304 2135 epistolam
326 2095 419 2125 Toni.
438 2104 495 2126 111.
520 2105 553 2135 p.
573 2097 648 2126 379.
672 2095 752 2136 quid
769 2095 831 2125 dif-

127 2143 235 2176 ferret
257 2145 497 2175 Torrentianus
527 2144 647 2185 codex,
672 2145 829 2186 quoniam

129 2194 262 2235 Lipsius
287 2194 368 2236 quid
392 2195 634 2235 adscripserat‚
659 2196 750 2236 quod
774 2196 830 2226 ad-

128 2245 223 2286 sequi
249 2255 313 2276 nou
336 2250 461 2286 posset.
507 2245 639 2276 Gudins
662 2246 796 2277 videtur
813 2256 830 2276 e

127 2295 288 2336 Lipsiana
316 2305 416 2326 manu
450 2294 604 2326 effecisse
632 2295 714 2337 jia'ei
753 2307 831 2326 com-

118 2346 229 2387 „missae
249 2350 438 2387 portentum.
483 2346 738 2377 Torrentianum
770 2347 833 2377 Co·

126 2396 239 2433 [dicem
268 2397 321 2428 hic
348 2396 494 2428 deficere
517 2397 588 2437 jam
620 2397 726 2427 multo
754 2401 832 2428 aute

129 2447 254 2481 monui.
311 2447 429 2478 Fidem
468 2446 717 2488 partiebantur,
755 2448 833 2488 quia

132 2501 209 2529 aute
232 2497 383 2534 Curioni,
405 2497 558 2538 adeoque
583 2497 738 2537 partibus
763 2497 834 2529 Cae·

132 2547 228 2587 saris,
252 2557 341 2578 nnnc
365 2548 527 2588 Scipioni,
556 2547 707 2589 adeoque
737 2548 835 2579 Pom-

134 2597 260 2638 peianis
277 2607 351 2628 sese
368 2598 584 2629 addixerant.

179 2655 248 2677 xm.
271 2649 290 2677 2
314 2647 463 2687 Deducit]
489 2648 553 2679 Ms.
571 2648 696 2679 Eliens.
721 2650 836 2680 educit.

133 2695 222 2743 ¹Mss.
258 2696 416 2736 Reg.-et
447 2697 560 2727 Vossii
592 2698 711 2728 eduxit.
744 2699 837 2730 Edit.

138 2744 238 2776 Rom.
261 2745 400 2778 deduxit.
428 2747 580 2779 Quarum
602 2747 742 2779 duarum
765 2759 839 2789 pos-

1450 173 1564 222 1607

860 281 1020 311 toriornin
1040 281 1222 311 lectionum
1245 281 1385 311 alteram
1403 281 1566 321 rocipien-

861 331 936 362 (lam
969 332 1151 367 ‹=xisiin10;
1192 336 1332 371 propter
1367 337 1566 370 sequentem

860 381 1023 412 instruxit.
1066 382 1172 412 czar-lc.
1207 381 1403 419 Legendnin
1430 382 1567 412 cohortes

861 433 1032 471 cdu.1·it,ut
1051 431 1176 471 jubent
1198 432 1309 461 I’etar.
1334 431 1458 471 aliique
1485 440 1568 461 non-

862 483 942 513 nulli
974 483 1068 513 Msti.
1102 483 1212 513 Daris.
1243 491 1313 512 cur.
1346 490 1412 511 sec.
1445 482 1569 511 Eduxit

863 535 964 565 etiarn
1002 534 1067 564 Ms.
1103 532 1217 563 Ursin.
1253 532 1376 571 Scalig.
1408 537 1442 562 et
1478 530 1567 562 Edd.

864 586 963 615 Yaoe.
991 585 1109 624 steph.
1137 583 1269 623 (lrypli.
1296 583 1408 620 Marg.
1436 581 1569 612 deduxit

865 635 958 665 Leid.
984 644 1033 674 pr.
1062 635 1166 665 Dorv.
1191 639 1227 664 et
1251 633 1337 664 Edd.
1364 633 1458 664 Mod.
1480 632 1568 664 Ven.

865 685 924 714 sed
963 689 1105 724 pra‘stat
1142 684 1197 714 liic
1235 684 1355 715 eduxit.
1409 683 1572 714 Deducere

864 735 953 765 aliud
981 734 1061 775 qnid
1088 739 1196 764 notat.
1232 734 1318 764 Vide
1343 733 1384 763 ad
1409 733 1449 764 B.
1467 732 1511 764 G.
1530 740 1570 762 11.

865 788 918 816 33.
943 790 978 816 ct
1005 785 1013 801 ‘
1031 794 1070 816 eo
1099 783 1292 823 deducere,'
1320 782 1408 813 infra
1434 792 1465 813 c.
1491 784 1570 813 56.:

867 836 925 866 sed
944 845 1058 866 rursus
1084 845 1112 866 c.
1131 839 1183 866 58.
1207 835 1216 851 ⁴
1235 834 1360 874 Copias
1384 832 1426 863 de
1450 831 1572 863 castris

867 887 1020 917 omnibus
1043 885 1237 925 dedncnnt,'
1260 885 1292 915 in
1318 884 1402 915 Mss.
1427 881 1573 913 meliori·

869 937 928 968 bus
951 938 1105 968 educunt:
1128 946 1157 967 c.
1180 938 1232 966 01.
1257 939 1371 966 tamen
1397 934 1406 950 ‘
1423 933 1574 974 legiones

869 989 903 1019 iu
919 997 1076 1028 campum
1094 985 1287 1017 deducere?

913 1041 951 1070 13
989 1038 1078 1072 Quod
1108 1036 1159 1068 ubi
1193 1038 1298 1066 Coesar
1326 1034 1574 1071 animadvertit;

869 1088 1207 1120 arbitratus—venire.-
1241 1087 1273 1117 iu
1302 1096 1335 1117 eo
1359 1085 1577 1117 loco-consti·

870 1141 926 1180 tit]
960 1140 1049 1169 Mire
1069 1139 1124 1168 hic
1148 1138 1373 1168 dormitm-unt
1402 1136 1575 1175 Editores,

871 1189 927 1229 qui
956 1198 1022 1219 non
1054 1188 1368 1218 animadverterunt
1397 1191 1457 1216 ant
1483 1195 1576 1217 men-

871 1238 950 1269 dnrn
968 1237 1104 1279 aliquod
1121 1236 1273 1276 subesse,
1291 1240 1350 1267 aut
1366 1236 1499 1266 nimiam
1516 1235 1578 1266 sal-

871 1294 940 1321 tem
964 1294 999 1320 et
1027 1289 1083 1320 vix
1106 1288 1278 1319 ferendam
1301 1286 1578 1327 ainbiguitatem3

872 1350 948 1371 cum
965 1340 1047 1371 illud
1063 1340 1214 1378 constitit,
1230 1343 1265 1370 et
1287 1348 1360 1380 quac
1374 1341 1576 1379 sequuntur,

873 1400 915 1421 ex
941 1390 1084 1430 Syntaxi
1110 1389 1266 1420 videatur
1289 1387 1412 1419 referri
1435 1387 1477 1418 ad
1505 1388 1578 1419 Cae-

873 1450 1005 1478 saren13
1029 1450 1129 1471 sensu
1152 1445 1264 1471 autem
1288 1439 1497 1480 postulante,
1519 1447 1579 1469 ne-

873 1491 1020 1522 cessario
1051 1491 1095 1521 sit
1125 1491 1167 1521 de
1197 1489 1358 1530 Scipione
1388 1488 1581 1528 intelligen-

874 1541 965 1571 dum.
1011 1541 1076 1571 Ms.
1113 1533 1272 1578 Eliensis,
1302 1548 1363 1579 pro
1396 1538 1580 1578 arbitratus,

873 1591 979 1623 habet
994 1591 1220 1623 arbitrabatur.
1264 1589 1365 1621 Unde
1389 1599 1431 1620 ex
1448 1588 1580 1628 conjec-

875 1646 953 1672 tura
968 1641 1107 1672 rescribi
1128 1640 1269 1681 poterit,
1285 1640 1375 1675 Quod
1397 1639 1450 1669 ubi
1475 1640 1581 1669 Coesar

874 1693 1107 1731 animadvertit,
1120 1690 1350 1722 arbitrabatur
1364 1689 1583 1729 Scipionem—

875 1743 1004 1778 renire;
1039 1747 1074 1772 at
1100 1742 1156 1772 ille
1184 1742 1217 1771 in
1241 1750 1274 1771 eo
1302 1738 1582 1771 loco-constitit.

876 1793 941 1823 Vel
957 1791 1045 1822 forte
1070 1790 1198 1832 aliquid
1222 1793 1301 1821 ante
1324 1799 1426 1820 voces
1450 1789 1533 1820 istas
1549 1789 1584 1820 in

877 1854 909 1873 eo
926 1844 988 1874 loco
1005 1843 1112 1874 deest.
1137 1842 1214 1882 Vel,
1230 1847 1402 1882 utcunque
1416 1841 1459 1871 sit
1474 1851 1482 1878 ;
1512 1840 1584 1871 sive

878 1893 967 1924 desit
984 1892 1120 1933 aliquid,
1136 1893 1205 1923 sive
1230 1901 1317 1929 non3
1341 1889 1522 1921 manifesto
1539 1889 1585 1921 de

879 1944 1050 1984 Scipione,
1067 1953 1134 1973 non
1157 1943 1199 1974 de
1220 1943 1358 1974 Caesare
1374 1941 1507 1972 dictum
1532 1940 1582 1971 in-

880 1994 1100 2034 telligendum
1117 1998 1168 2024 est
1184 1993 1279 2033 illud,
1294 1992 1328 2024 z'n
1350 2002 1383 2023 eo
1406 1993 1584 2022 loco—con-

878 2046 964 2077 stitit
971 2056 982 2082 ,·
998 2047 1049 2085 dyc.
1068 2046 1176 2076 Clark.
1196 2045 1287 2080 Quod
1302 2043 1353 2075 ubi
1369 2044 1474 2074 Caesar
1487 2043 1586 2074 anim-

879 2097 1028 2136 advertit,
1058 2097 1244 2128 arbitratus
1267 2095 1441 2136 Scipionem
1468 2095 1508 2125 ad
1538 2094 1587 2124 di-

880 2148 1057 2178 micandum
1080 2149 1226 2187 paratum
1249 2146 1289 2176 ad
1315 2155 1347 2176 se
1373 2147 1455 2175 certo
1484 2144 1588 2175 animo

881 2197 995 2237 venire,
1011 2197 1043 2228 in
1059 2207 1092 2227 eo
1108 2198 1182 2235 loco,
1195 2207 1253 2236 quo
1266 2196 1358 2236 paulo
1374 2198 1446 2226 ante
1459 2203 1589 2226 comme·

882 2247 1010 2285 morati,
1042 2250 1114 2277 ante
1149 2247 1293 2286 oppidum
1320 2245 1485 2276 consistit:
1522 2245 1588 2276 MS.

884 2298 990 2328 Norv.
1008 2296 1161 2335 exhibet,
1180 2295 1393 2326 arbitrabatur
1414 2295 1590 2336 Scipionem

883 2349 923 2378 ad
951 2348 1157 2379 dimicandum
1191 2351 1337 2388 paratum
1364 2349 1405 2378 ad
1446 2357 1477 2377 se
1505 2350 1590 2378 certo

883 2398 984 2428 «mimo
1005 2397 1121 2436 venire,
1146 2397 1234 2438 quod
1255 2397 1287 2428 in
1304 2407 1337 2428 eo
1360 2398 1421 2427 loco
1436 2396 1590 2428 constitit.

885 2448 990 2481 Quasi
1010 2448 1125 2489 Scipio
1150 2447 1192 2478 ad
1216 2447 1591 2488 dimicandumprogre-

884 2501 1022 2539 deretur,
1049 2498 1140 2540 quod
1171 2503 1250 2530 ante
1277 2498 1439 2540 oppidum
1467 2498 1592 2531 staret!

886 2551 1025 2581 Revera
1041 2554 1152 2580 tamen
1167 2549 1297 2581 ultimae
1313 2549 1493 2581 sententiae
1512 2557 1591 2589 pars

886 2601 927 2631 ad
951 2600 1143 2640 Scipionem
1159 2604 1308 2640 spectat,
1333 2604 1372 2630 ut
1394 2603 1490 2629 recte
1506 2598 1594 2629 vidit

889 2650 1055 2682 Clarkius.
1113 2651 1332 2690 Quapropter
1374 2648 1592 2680 doctissimus

889 2701 946 2731 ille
971 2700 1021 2730 vir
1037 2700 1134 2740 legit,
1152 2700 1241 2734 Quod
1257 2699 1309 2729 ubi
1333 2701 1439 2730 Coesar
1453 2699 1594 2730 animad-

889 2750 997 2790 vertit,
1024 2748 1256 2781 arbitrabatur
1285 2747 1461 2789 Scipionem
1481 2748 1522 2779 ad
1546 2748 1593 2779 di-
