1850 3109
514 224 576 253 DE
609 222 724 252 vrrA
758 221 890 251 ,iuml
925 221 1157 253 CAESAms.
1443 214 1555 256 1833

105 322 159 360 tio
173 326 411 366 tractaretur,
426 326 542 370 atque
558 320 629 357 hac
650 318 795 356 fiducia
817 319 952 356 milites
968 318 1054 356 hinc
1073 318 1175 355 illinc
1197 317 1345 368 8²atque
1361 321 1557 372 colloque-

108 393 251 430 rentur,
285 393 322 422 et
344 384 524 434 paulatim
545 397 565 420 e
586 384 720 421 castris
742 384 820 420 ⁸³in
842 383 973 421 castris
993 383 1262 427 discurrerent,
1284 384 1485 433 positoque
1505 386 1554 422 ad

108 456 256 498 tempus
277 448 375 485 civili
397 447 487 485 odio
508 448 587 485 sine
609 448 822 497 suspicione
843 454 958 497 atque
980 447 1057 483 ullo
1079 453 1179 483 metu
1208 447 1317 484 simul
1341 454 1381 484 ut
1403 448 1438 483 in
1461 461 1556 497 pace

105 518 284 561 agerent:
316 511 495 548 Afranius
525 518 638 561 atque
671 511 843 560 Petrejus
878 512 1074 560 repentina
1095 525 1139 547 ac
1163 512 1325 560 pessima
1347 511 1556 548 mutatione

107 575 307 624 propositi,
341 589 472 613 onmes
503 576 665 613 Caesaris
699 575 833 612 milites
868 574 964 611 intra
987 575 1123 611 vallum
1159 588 1269 611 suum
1304 575 1559 624 deprehensos

107 638 268 675 inermes
289 640 435 676 scilicet
463 646 501 676 et
535 640 707 676 incautos
727 638 966 675 occiderunt.
1026 639 1114 681 Quo
1134 638 1265 675 audito
1287 640 1426 682 Caesar,
1450 638 1560 676 saevi-

108 701 197 738 tiam
218 702 338 739 noluit
361 703 511 746 imitari,
547 702 609 739 sed
632 702 780 739 illorum
810 701 947 738 milites
968 701 1044 738 suis
1077 701 1113 738 in
1133 702 1269 739 castris
1296 702 1483 746 inventos,
1515 707 1558 739 ut

108 764 250 801 ducum
272 765 443 814 perfidiae
465 765 604 802 inscios
623 771 662 802 et
695 765 916 815 ⁸⁴expertos
937 765 1080 802 dimisit
1101 765 1322 802 incolumes.
1378 766 1557 804 Tandem

107 841 198 865 vero
214 827 332 866 duces
349 829 457 878 impii
474 842 595 866 rerum
613 829 745 879 inopes
762 829 945 873 omnium,
960 835 997 865 et
1011 828 1182 878 inprimis
1205 829 1294 866 viris
1315 823 1432 878 atque
1447 829 1556 879 equis

109 901 153 927 1v
186 891 269 940 Jam
291 892 435 930 dierum
466 893 617 942 jejunio
639 893 802 937 affectis,
840 893 1074 941 colloquium
1109 893 1278 942 petiere:
1310 893 1380 929 hoc
1410 892 1557 938 addito,

108 960 118 975 ‘
142 961 181 992 ut
201 955 230 991 si
251 955 392 993 Caesari
412 957 592 1005 placeret,
615 970 746 994 secum
767 957 956 994 submotis
979 956 1163 994 militibus
1185 957 1433 1006 loquerentur
1448 958 1469 992 :'
1497 969 1560 993 ne·

107 1019 209 1068 gavit
243 1018 318 1056 hoc
340 1020 482 1064 Caesar,
516 1026 555 1058 et
580 1020 610 1057 si
631 1021 734 1070 loqui
756 1020 897 1058 vellent
917 1021 1066 1058 cunctis
1086 1019 1332 1057 audientibus
1356 1019 1460 1070 loqui
1475 1020 1558 1068 jus-

108 1081 179 1119 sit:
210 1081 302 1119 dato
322 1083 459 1120 obside
478 1082 558 1120 filio
575 1083 720 1120 Afranii
742 1084 777 1120 in
798 1083 926 1121 locum
940 1097 962 1120 a
977 1084 1129 1121 Caesare
1144 1083 1374 1132 assignatum
1390 1082 1560 1129 veniunt,

106 1152 145 1182 et
165 1158 294 1182 coram
315 1145 466 1183 duobus
497 1147 730 1184 exercitibus
752 1147 869 1184 verba
900 1147 993 1184 fecit
1024 1146 1203 1184 Afranius
1237 1146 1396 1183 humilia
1427 1146 1559 1184 admo-

106 1209 199 1246 dum
219 1222 265 1246 ae
285 1209 460 1248 demissa.
519 1215 529 1230 ‘
552 1210 616 1254 Si,’
636 1210 772 1260 inquit,
798 1217 806 1231 ‘
823 1211 872 1247 ab
894 1211 967 1247 alio
988 1210 1112 1247 victus
1131 1223 1265 1253 essem,
1299 1222 1374 1246 non
1396 1209 1489 1245 mihi
1510 1208 1560 1246 ad

107 1272 372 1310 arcessendam
394 1279 568 1319 mortem,
589 1280 655 1311 aut
673 1287 805 1311 manus
825 1279 892 1311 aut
911 1274 1058 1310 animus
1078 1272 1281 1310 defuisset:
1304 1272 1368 1309 sed
1385 1272 1559 1322 cogitans

107 1342 145 1374 te
166 1335 327 1386 dignum
349 1337 410 1374 cui
433 1338 463 1360 ²³⁵
480 1337 674 1386 vigilatam
695 1338 871 1383 debeam,
893 1337 940 1375 ad
962 1337 1177 1375 clementiae
1198 1344 1274 1374 tuae
1294 1336 1422 1386 potius
1445 1349 1562 1386 quam

108 1399 238 1436 mortis
259 1400 439 1437 auxilium
459 1399 668 1449 confugio:
699 1399 812 1449 [19¹2]
840 1414 909 1437 nec
932 1400 1042 1437 nobis
1061 1401 1190 1437 Caesar
1215 1413 1286 1437 nec
1309 1400 1485 1437 militibus
1505 1398 1563 1437 his

107 1462 218 1500 irasci
239 1462 394 1508 debeas,
429 1462 534 1512 quod
557 1476 647 1512 erga
680 1463 949 1512 imperatorem
970 1469 1141 1500 nostrum
1171 1463 1400 1512 Pompejum
1433 1462 1561 1513 quoad

108 1525 217 1564 licuit
245 1527 466 1576 obsequiosi
500 1526 644 1563 fuimus
676 1533 714 1564 et
734 1532 980 1563 constantes:
1010 1539 1137 1576 neque
1157 1526 1254 1563 enim
1286 1526 1340 1563 tui
1360 1526 1464 1571 odio,
1493 1525 1562 1564 sed

108 1589 302 1627 servandae
333 1589 424 1627 fidei
450 1589 578 1626 studio
598 1589 635 1626 id
667 1589 835 1638 egimus:
866 1590 932 1626 sed
958 1589 1042 1639 jam
1066 1589 1158 1626 fidei
1189 1590 1278 1627 satis
1299 1602 1345 1627 ac
1377 1589 1560 1640 supplicii

107 1659 191 1691 est:
221 1659 260 1690 et
279 1652 375 1690 fides
393 1659 431 1690 et
462 1653 645 1703 patientia
664 1653 768 1691 victa
798 1659 878 1691 est:
911 1653 1031 1690 multa
1051 1653 1181 1702 gravia
1199 1660 1236 1690 et
1257 1653 1390 1690 animis
1409 1659 1447 1690 et
1476 1666 1562 1690 eor-

108 1716 268 1767 poribus
298 1717 402 1766 passi
421 1729 565 1762 sumus,
600 1723 637 1753 et
658 1717 738 1765 pati
759 1716 921 1766 amplius
942 1729 1019 1753 non
1038 1716 1206 1753 valentes
1224 1715 1395 1765 victique
1413 1722 1451 1753 et
1471 1729 1563 1766 sup-

108 1779 228 1830 plices
254 1793 405 1818 oramus
426 1793 473 1818 ne
492 1781 541 1818 ad
574 1780 709 1818 ultima
730 1780 975 1830 progrediare
995 1779 1210 1829 supplicia!
1267 1780 1365 1823 Quae
1386 1792 1475 1816 cum
1494 1779 1561 1816 ille

109 1843 282 1889 dixisset,
315 1845 445 1882 Caesar
475 1856 626 1894 semper
660 1856 803 1894 pronus
835 1843 885 1880 ad
919 1842 1095 1881 veniam:
1127 1847 1137 1863 ‘
1158 1842 1293 1886 Nulli:
1320 1842 1457 1892 inquit,
1487 1848 1562 1880 ‘ex

109 1906 289 1944 omnibus
311 1921 405 1957 quos
425 1907 567 1945 bellum
587 1909 759 1952 armavit,
780 1907 966 1944 minorem
987 1919 1102 1957 quam
1121 1918 1187 1943 vos
1209 1905 1354 1943 habent
1369 1912 1434 1942 aut
1455 1918 1562 1943 com·

108 1970 358 2008 miserationis
375 1971 570 2008 materiam
587 1978 653 2009 aut
668 1972 856 2021 querelae:
875 1971 1005 2008 caeteri
1022 1970 1121 2008 enim
1136 1982 1268 2007 omnes
1283 1968 1332 2005 ad
1346 1969 1447 2006 hunc
1461 1969 1563 2007 diem

109 2046 198 2072 cum
218 2047 390 2085 pugnare
410 2035 555 2072 meliori
575 2035 797 2073 conditione
818 2035 999 2079 licuisset,
1022 2046 1103 2071 sese
1120 2032 1254 2083 proelio
1275 2045 1563 2082 congressuque

108 2097 280 2135 volentes
300 2097 538 2143 ⁸⁶abstinere,
555 2111 601 2136 ne
617 2099 704 2136 fuso
720 2100 902 2149 sanguine
918 2098 1060 2135 civium
1075 2097 1146 2134 iter
1159 2096 1264 2146 pacis
1281 2096 1563 2133 obstrueretur:

111 2161 179 2198 soli
199 2174 268 2198 vos
290 2161 391 2198 ultro
424 2161 517 2198 mihi
549 2162 686 2199 armati
715 2162 952 2207 occurristis,
987 2174 1103 2205 meas,
1141 2161 1171 2196 si
1192 2165 1327 2197 contra
1347 2172 1425 2196 sors
1449 2165 1563 2205 esset,

109 2224 289 2262 victorias
311 2225 512 2262 moraturi:
544 2224 609 2261 sed
636 2226 763 2263 evenit
783 2226 892 2263 vobis
914 2225 1020 2275 quod
1050 2223 1281 2274 quibusdam
1301 2221 1562 2272 pertinacibus

108 2301 154 2326 ac
175 2287 365 2337 superbis,
387 2293 429 2324 ut
449 2287 498 2324 ad
528 2286 623 2324 illud
645 2288 750 2337 quod
779 2288 984 2325 insolenter
1002 2286 1272 2333 recusaverint,
1306 2299 1395 2322 mox
1415 2285 1565 2323 humili·

111 2358 168 2389 ter
187 2356 447 2388 revertantur:
477 2350 586 2387 vobis
607 2363 699 2401 ergo
718 2351 883 2389 libenter
902 2352 934 2375 ⁸⁷
948 2351 1141 2388 venientes
1162 2349 1310 2387 veniam
1340 2348 1559 2388 dedissem:

111 2413 288 2452 renuistis
303 2413 451 2451 veniam
468 2420 507 2451 et
526 2414 689 2464 parastis
712 2414 878 2452 bellum:
909 2413 976 2452 sed
997 2421 1035 2451 et
1054 2426 1156 2451 nunc
1177 2412 1395 2463 petentibus
1415 2412 1564 2451 veniam

110 2477 184 2515 do:
207 2476 437 2527 supplicium
458 2478 632 2515 remitto:
662 2477 714 2515 ite
732 2477 846 2527 igitur
861 2478 897 2515 in
917 2477 1035 2527 paceJ:
1059 2477 1125 2515 sed
1146 2477 1336 2514 exercitus
1357 2476 1564 2514 dimittite:

110 2553 188 2579 non
207 2546 250 2579 ut
269 2540 344 2578 mei
377 2540 463 2586 siut,
498 2541 565 2578 sed
597 2554 644 2579 ne
677 2548 812 2580 contra
841 2544 928 2580 me.’
982 2541 1089 2579 Nihil
1117 2540 1242 2579 laetius
1276 2540 1413 2577 milites
1433 2538 1563 2576 audire

154 2701 196 2731 82
217 2697 365 2730 Videtur
391 2698 586 2737 delendum,
608 2701 796 2739 atqua-83
830 2701 936 2742 Lege,
960 2702 993 2732 in
1019 2701 1221 2731 σπίνω-84
1243 2699 1348 2738 Lege,
1371 2698 1564 2737 expertes.—

112 2755 151 2784 55
176 2752 292 2794 Forte,
305 2752 499 2786 vitam—86
522 2753 625 2794 Lege,
638 2752 912 2787 abstantem-8⁷
935 2755 1051 2796 Forte,
1066 2752 1200 2784 veniens.
