1850 3109
197 184 324 228 1852
598 212 603 216 -
638 197 675 228 J.
707 197 843 227 cium
875 186 1242 228 4ωοΜΜιι’,Ν·ιἈῑιιι-

206 297 307 335 fama
327 302 387 334 cst
407 296 574 334 timuisse
596 297 738 341 hostes,
769 311 814 335 ne
836 300 908 334 una
929 310 1016 334 eum
1039 299 1190 335 Caesare
1211 297 1306 335 inter
1325 297 1499 335 tenebras
1530 295 1664 348 oppri-

206 366 352 398 merent
374 374 485 398 suum
509 374 647 410 regem,
669 374 781 410 quem
818 361 962 396 salvum
998 361 1224 409 cupiebant,
1259 368 1300 398 ut
1334 359 1444 411 ³⁶qna
1471 367 1663 410 potestate

208 424 315 474 pueri
337 425 383 461 ad
407 426 530 461 scelus
551 425 822 465 abutebantur,
855 423 953 460 sicut
990 425 1162 460 nonnulli
1196 432 1322 462 nostra
1353 425 1496 462 faciunt
1531 431 1662 469 aetate;

198 501 371 538 ‘eamque
404 488 534 524 salutis
568 500 717 523 cansam
749 487 938 524 extitisse:
972 487 1051 536 ipse
1072 495 1196 524 autem
1221 501 1258 524 se
1281 489 1315 524 in
1339 489 1430 526 nrbe
1452 501 1583 538 parum
1607 495 1666 526 tu-

200 558 288 589 -tum
311 552 488 593 sentiens,
523 550 754 599 improvisus
784 551 929 587 Pharon
953 563 1047 601 pene
1084 551 1241 587 insulam
1264 552 1481 599 occupavit,
1504 558 1545 588 ut
1574 550 1664 588 roco

207 615 337 652 saltem
378 614 495 650 tutior
531 613 812 662 aliquantulum
853 615 1078 664 quiesceret,
1119 614 1318 664 qnodque,
1359 615 1424 651 otii
1464 614 1528 651 ubi
1562 613 1664 651 aliud

209 677 368 721 adesset,
389 677 486 714 inter
506 677 603 713 bella
633 678 884 727 cupidissime
912 678 1166 716 ”factumn-dt
1200 678 1352 715 lectioni
1387 692 1430 715 ac
1461 679 1665 728 scripturae

208 754 366 791 operam
385 742 511 778 daret:
543 755 668 792 neque
690 749 817 779 tamen
839 742 1016 779 diuturna
1046 741 1257 791 respirandi
1291 742 1452 791 contigit
1487 741 1664 780 facultas.

210 805 357 842 lnimici
377 805 476 842 enim
499 805 708 855 potentiam
732 805 893 842 Caesaris
927 805 1033 854 qnasi
1071 805 1214 842 fulmen
1247 806 1471 843 horrebant:
1501 813 1539 843 et
1560 805 1664 855 quod

210 869 338 906 multis
358 869 513 914 accidit,
537 869 745 919 periculum
780 875 1004 912 metuentes,
1033 868 1245 918 perieulum
1277 869 1538 906 maturabant:
1570 882 1667 906 sem-

210 947 279 983 per
291 947 381 983 ergo
402 935 571 978 consilia,
596 947 744 984 semper
765 946 882 978 arma,
906 946 1054 982 semper
1074 932 1229 970 insidias
1247 932 1454 983 agitabant.
1476 933 1588 983 [217]
1609 934 1670 970 ln-

210 998 322 1035 terim
356 1011 455 1042 vero,
491 998 608 1036 credo
642 999 748 1048 ³⁸ego
782 997 948 1034 hostium
981 1004 1163 1046 suggestu
1198 996 1309 1046 legati
1342 996 1588 1034 Alexandrini
1619 997 1666 1034 ad

210 1061 403 1098 Caesarem
425 1068 607 1099 venerunt
638 1074 764 1111 regem
800 1074 910 1097 snum
946 1067 1212 1110 reposcentes:
1245 1061 1385 1109 quibus
1420 1061 1482 1098 ille
1516 1060 1668 1098 facilem

211 1124 427 1174 ³⁹1)raebuit.
485 1127 584 1164 Cum
619 1138 707 1162 vero
739 1124 930 1162 dimittere
963 1138 1048 1161 eum
1085 1125 1207 1168 vellet,
1231 1125 1290 1161 ille
1312 1125 1591 1163 xersutissimus
1622 1137 1667 1162 ac

209 1188 477 1226 fallacissimus
498 1202 602 1239 puer,
633 1196 669 1226 et
701 1202 858 1226 suorum
891 1188 1028 1234 similis,
1053 1188 1152 1226 fietis
1173 1202 1258 1226 cum
1283 1189 1459 1240 lacrymis
1478 1190 1668 1227 Caesarem

211 1253 443 1303 precabatur
475 1266 522 1291 ne
553 1253 593 1290 id
629 1253 790 1290 faceret:
822 1266 946 1303 neque
980 1254 1078 1290 enim
1114 1267 1269 1303 regnum
1293 1254 1362 1290 sibi
1393 1265 1471 1289 esse
1491 1254 1669 1291 Caesareo

211 1317 336 1354 carius
357 1325 532 1368 aspectu.
577 1318 694 1361 Quod
718 1319 850 1356 Caesar
869 1317 1042 1362 audiens,
1065 1317 1233 1354 inhibitis
1255 1318 1429 1368 lacrymis
1448 1318 1589 1355 solatus
1613 1324 1670 1356 est

210 1393 382 1429 puerum.
439 1381 512 1418 ‘Et
542 1382 572 1418 si
600 1381 728 1425 hunc:
764 1382 899 1431 inquit,
932 1388 1066 1431 ‘quem
1099 1382 1503 1432 p1·aeteii(liS‚anin¹uin
1535 1381 1666 1426 habes,

211 1444 291 1481 cito
311 1444 358 1482 ad
394 1458 455 1483 me
488 1445 627 1483 reverti
659 1452 697 1483 et
732 1459 879 1483 mecum
910 1459 992 1483 esse
1024 1446 1187 1495 poteris:
1220 1460 1318 1483 nunc
1342 1445 1437 1483 vade
1457 1453 1495 1483 et
1516 1452 1668 1483 tuorum

210 1509 401 1546 desiderio
422 1509 512 1547 satis
534 1510 616 1547 fac:
647 1516 763 1560 teque
795 1511 927 1547 hortor
946 1517 984 1548 et
1017 1511 1208 1548 admoneo
1239 1518 1279 1548 ut
1299 1510 1507 1547 amicitiam
1530 1512 1670 1548 Roma-

211 1586 296 1610 nam
330 1574 415 1623 plus
449 1587 567 1624 quam
602 1588 707 1612 arma
738 1575 897 1625 experiri
932 1575 1057 1613 velisz'
1086 1576 1140 1613 sic
1172 1575 1257 1612 wad
1294 1575 1479 1611 munitum
1511 1574 1670 1612 dimisit.

213 1636 279 1674 llle
301 1637 404 1674 velut
424 1637 530 1675 ferox
551 1638 663 1676 belua
683 1639 844 1676 vinculis
865 1639 1012 1684 emissa,
1031 1639 1120 1676 totis
1143 1652 1228 1676 mox
1246 1640 1351 1689 regni
1371 1639 1513 1676 viribus
1534 1645 1670 1676 contra

212 1701 403 1740 Caesarem
425 1703 679 1753 conspiravit:
713 1711 753 1740 ut
787 1703 874 1741 satis
909 1704 1141 1749 ostenderet,
1178 1717 1216 1741 se
1245 1704 1406 1753 primum
1429 1716 1507 1753 prae
1527 1702 1669 1753 gaudio

210 1765 480 1817 lacrymatum:
511 1780 609 1817 pene
630 1768 708 1805 laeti
730 1768 803 1805 hoc
824 1774 963 1805 eventu
983 1773 1089 1805 erant
1105 1768 1265 1805 Caesaris
1286 1767 1411 1811 amici,
1435 1773 1578 1804 tantam
1598 1767 1671 1805 sibi

212 1829 434 1868 facilitatem
464 1844 509 1868 ac
540 1832 782 1869 clementiam
813 1845 896 1869 esse
918 1831 1154 1877 damnosam,
1188 1831 1293 1881 quod
1316 1838 1391 1868 tam
1415 1831 1491 1868 cito
1525 1843 1668 1881 regem,

212 1906 326 1942 quem
349 1894 383 1930 in
404 1900 592 1944 potestate
613 1895 770 1932 haberet
803 1895 1022 1945 petentibus
1053 1895 1270 1941 remisisset,
1293 1903 1333 1933 ut
1365 1894 1581 1945 ⁴⁹s11perbia
1604 1895 1671 1932 bo-

212 1956 310 1993 nitas
351 1958 501 2005 probati
533 1958 643 1995 ducis
674 1958 806 2007 puerili
836 1959 1000 1997 versutia
1027 1960 1300 2009 ⁴²placeretur:
1333 1959 1440 2009 quasi
1472 1971 1559 1995 vero
1594 1958 1669 1995 hoc

214 2019 373 2057 Caesaris
395 2020 563 2058 bonitate
585 2021 678 2065 sola,
700 2034 774 2057 uon
796 2022 979 2059 ⁴³alitiore
1001 2022 1160 2060 consilio
1182 2030 1330 2072 gestum
1352 2029 1466 2067 essct,
1489 2027 1529 2059 ut
1548 2027 1586 2059 et
1605 2035 1669 2059 rex

215 2095 382 2133 praesens
415 2083 599 2133 inciperet
631 2085 708 2121 suis
740 2097 821 2121 esse
853 2085 1114 2135 contemptui:
1147 2087 1263 2122 multa
1284 2086 1384 2122 enim
1405 2085 1673 2124 desiderantur

216 2146 392 2185 absentia
421 2154 460 2185 et
492 2149 694 2198 praesentia
725 2154 1044 2186 contemnuntur:
1076 2156 1113 2186 et
1134 2149 1380 2186 Alexandrini
1402 2149 1559 2198 cognito
1579 2149 1672 2187 nihil

216 2211 267 2247 eis
289 2212 345 2248 sui
365 2210 506 2262 “regni
527 2213 692 2249 adventu
713 2211 935 2257 accrevisse,
958 2211 1132 2261 nihilque
1154 2212 1327 2262 digressu
1348 2215 1431 2262 ejus
1453 2212 1670 2250 decrevisse

234 2276 412 2321 iomanis,
428 2276 519 2325 jure
540 2281 891 2313 consternarentur:
924 2274 975 2312 nil
999 2275 1099 2312 enim
1131 2275 1248 2326 magis
1269 2275 1414 2312 animos
1436 2275 1670 2325 populorum

216 2340 348 2387 ‹lvjicit
369 2353 484 2390 quam
507 2340 683 2389 subjecta
703 2340 825 2377 oculis
853 2339 908 2377 sui
929 2339 1134 2390 superioris
1156 2339 1305 2376 inertia.
1362 2339 1553 2375 Caeterum
1575 2351 1668 2376 con-

215 2410 272 2440 tra
293 2404 395 2441 hunc
426 2411 573 2441 motum
607 2405 738 2441 Caesar
770 2404 879 2440 solita
900 2403 1036 2440 virtute
1070 2415 1314 2452 consurgens,
1349 2415 1437 2438 cum
1471 2403 1670 2453 eruptione

215 2467 381 2505 hostium
403 2468 610 2518 repentina,
632 2468 678 2504 ad
701 2468 862 2504 classem
893 2479 1000 2504 suam
1034 2466 1256 2504 transiturus
1287 2466 1323 2503 in
1345 2465 1557 2503 naviculam
1577 2478 1668 2503 con-

259 2636 300 2664 36
325 2633 427 2674 Lege,
442 2633 506 2675 qui.
509 2635 592 2664 —37
617 2632 732 2674 Forte,
750 2632 935 2670 factitabat.
938 2636 1022 2665 —38
1046 2633 1148 2673 Puto,
1171 2632 1333 2664 Ptolemei.
1335 2634 1420 2663 -39
1443 2630 1555 2670 Adde,
1580 2639 1623 2662 oe.
1626 2647 1667 2656 ,-

216 2691 258 2719 Δυ
282 2687 386 2728 Lege,
407 2687 606 2718 admomtum.
610 2689 688 2719 ——41
719 2686 830 2728 Adde,
852 2687 959 2720 nimia.
962 2690 1046 2719 -42
1070 2687 1185 2725 Forte,
1211 2687 1395 2719 eluderetur.
1398 2687 1482 2717 -43
1507 2685 1613 2728 Lege,
1625 2685 1668 2716 at

216 2742 306 2773 tiore.
309 2744 392 2776 —44
416 2741 518 2790 Lege,
531 2741 624 2781 regin.
