1850 3109
270 149 383 193 1758
698 160 734 191 J.
766 158 898 190 cusi
938 157 1288 188 COMMENTARH

273 254 473 293 Germani.
528 255 705 292 Postliaec
728 254 927 292 Ambiorix
949 253 1170 302 iniquissimi
1200 253 1277 290 voti
1297 266 1456 303 compos
1477 254 1526 292 ad
1547 255 1717 305 graviora

273 331 313 356 se
334 325 542 369 praeparat:
574 331 719 369 perque
739 318 879 355 vicinas
910 323 1041 366 gentes
1063 317 1151 354 odio
1172 324 1345 367 raptante
1365 317 1554 363 discurrit,
1575 319 1717 368 legatos

273 383 372 420 duos
393 390 429 419 et
452 396 629 432 magnam
651 388 795 432 partem
818 379 980 417 Romani
1000 381 1191 417 exercitus
1213 382 1355 430 perisse
1375 382 1555 419 dictitans
1577 391 1718 428 monet,

272 453 371 491 orat,
393 446 582 488 obsecrat,
604 458 649 481 ne
683 443 862 480 vindicta:
893 450 929 480 et
961 443 1232 492 recuperandae
1254 444 1290 480 in
1311 453 1536 494 perpetuum
1559 446 1720 484 Gallicae

271 509 459 547 libertatis
487 507 600 544 2⁶1abi
631 519 699 556 per
732 507 918 557 ignaviam
946 507 1153 556 patiantur:
1184 508 1363 546 ardentes
1384 509 1618 546 inflammare
1638 523 1722 559 per-

274 572 386 610 facile
419 578 490 608 est.
547 571 814 620 ²⁷C0njuravit
847 570 962 620 igitur
994 577 1319 620 concurruntque,
1352 579 1390 608 et
1423 573 1532 609 unius
1569 573 1723 612 hortatu

274 634 383 672 multi
404 634 609 678 insaniunt,
643 634 826 684 factoque
847 634 997 684 agmine
1028 634 1074 672 ad
1108 634 1180 671 alia
1211 635 1470 672 Romanorum
1492 642 1618 673 castra
1637 648 1723 685 per·

276 698 444 743 veniunt,
465 697 514 735 ad
545 711 588 735 ea
609 698 754 736 scilicet
775 698 912 748 quibus
933 699 1098 742 Quintus
1131 699 1267 736 Cicero
1288 698 1414 747 magni
1435 699 1632 737 Ciceronis
1651 699 1725 736 fra·

277 768 335 799 ter
353 769 527 812 praeerat.
584 762 705 800 ²³Nec
725 762 782 799 vir
802 762 964 811 ingentis
991 762 1123 805 animi,
1158 762 1223 799 sed
1245 762 1430 799 nullarum
1459 762 1608 800 virium.
1666 764 1723 800 Eo

276 824 406 875 itaque
427 839 513 862 cum
534 825 738 870 venissent,
761 838 838 874 quo
858 832 1032 874 acceptae
1065 824 1186 861 cladis
1212 825 1382 861 noudum
1416 825 1517 862 fama
1547 838 1726 876 pervene-

276 895 347 932 rat,
369 888 514 937 aliquot
536 888 739 937 lignatores
760 889 812 925 nil
833 888 907 925 tale
936 894 1146 926 metuentes
1173 888 1207 924 in
1239 887 1352 932 silvis,
1384 889 1471 937 [95]
1503 902 1581 938 quo
1603 889 1722 926 muni-

276 950 390 988 tionis
417 958 627 988 castrornm
661 965 777 988 causa
810 957 1067 1000 perrexerant,
1096 951 1262 988 adventu
1286 951 1452 988 hostium
1474 952 1604 989 subito
1621 952 1725 1002 capti

279 1020 378 1058 sunt,
411 1014 509 1051 lianc
539 1015 642 1051 velut
669 1016 816 1052 arrham
839 1014 1011 1052 victoriae
1047 1021 1219 1052 tenentes
1253 1027 1391 1063 niagno
1425 1015 1571 1065 impetn
1603 1022 1726 1062 castra

278 1077 477 1116 invadunt.
508 1078 671 1116 Romani
693 1092 813 1129 usque
833 1079 880 1116 ad
903 1092 1099 1129 vesperam
1122 1079 1226 1116 circa
1247 1078 1507 1115 defensionem
1529 1079 1726 1129 occupati,

278 1153 346 1190 per
364 1147 518 1178 noctem
540 1154 584 1178 ex
606 1142 784 1179 confecta
812 1141 894 1190 jam
916 1149 1002 1179 ante
1024 1142 1191 1186 materia,
1213 1149 1365 1178 centum
1396 1141 1527 1190 viginti
1550 1148 1669 1179 turres
1690 1143 1727 1180 in

281 1209 493 1243 castrorum
515 1204 664 1242 ambitu
683 1205 861 1249 attolunt,
891 1204 1017 1242 ²⁹tunc
1041 1205 1132 1242 mira
1159 1205 1374 1250 velocitate,
1406 1211 1449 1242 ut
1467 1217 1577 1242 mane
1598 1205 1728 1243 hostes

277 1267 429 1304 attoniti
448 1280 525 1304 non
555 1267 765 1305 humanum
796 1280 909 1317 opus,
942 1267 1007 1304 sed
1040 1275 1251 1304 monstrum
1281 1268 1438 1317 aliquod
1473 1268 1545 1305 sibi
1577 1281 1729 1307 cernere

279 1329 513 1368 viderentur.
570 1329 705 1367 Multis
726 1330 862 1367 deinde
881 1330 1073 1367 continuis
1094 1331 1243 1375 diebus,
1266 1332 1356 1369 hinc
1384 1332 1431 1368 ad
1455 1332 1728 1378 defensionem,

279 1393 383 1431 illinc
418 1393 465 1431 ad
505 1395 830 1444 oppugnationem
870 1402 1084 1432 castrorum
1122 1395 1243 1432 multa
1285 1395 1475 1445 utrimque
1522 1396 1731 1446 pertinacia

279 1457 492 1495 animorum
514 1465 628 1508 atque
657 1458 911 1496 obstinatione
940 1465 1127 1496 certaturn
1158 1466 1226 1496 est.
1284 1460 1386 1496 Dum
1408 1460 1512 1497 Galli
1533 1467 1729 1510 perpetuae

281 1520 454 1559 victoriae
474 1522 536 1559 hic
557 1522 763 1571 repositam
794 1535 900 1572 spem
933 1530 1132 1572 putarent:
1165 1523 1328 1559 Romani
1360 1529 1486 1560 autem
1519 1523 1730 1573 periculum

282 1591 576 1634 cognoscentes,
596 1585 688 1622 nihil
709 1585 939 1631 omitterent,
962 1595 1000 1622 ct
1033 1585 1137 1635 quod
1171 1586 1250 1623 luci
1282 1586 1476 1632 defuisset,
1507 1593 1621 1624 nocte
1641 1600 1731 1636 sup-

283 1648 443 1698 plerent,
478 1655 518 1685 ut
552 1648 614 1685 vix
648 1648 768 1685 ullum
801 1649 930 1698 sopori
963 1655 1113 1698 tempus
1147 1649 1425 1698 indulgeretur:
1458 1663 1534 1687 non
1568 1650 1616 1687 ab
1651 1650 1732 1687 aliis

284 1710 415 1755 modo,
437 1710 503 1748 sed
526 1712 575 1749 ab
595 1712 678 1761 ipso
698 1712 812 1757 duce,
841 1712 954 1761 cujus
975 1711 1273 1749 imbecillitatem
1296 1712 1429 1750 milites
1449 1713 1615 1751 miserati
1635 1726 1732 1751 non-

282 1787 478 1824 nunquam
507 1781 743 1812 recusantem
765 1775 868 1812 illnm
899 1775 946 1812 ad
979 1776 1147 1824 requiem
1181 1775 1479 1825 compellebant.
1538 1777 1623 1826 lpse
1643 1790 1732 1814 vero

276 1837 510 1888 jampridem
549 1839 672 1889 primo
709 1840 758 1876 ab
797 1839 1008 1876 obsidionis
1047 1839 1122 1884 die,
1160 1839 1208 1876 de
1247 1846 1347 1876 statu
1385 1852 1510 1877 rernm
1543 1842 1732 1878 Caesarem

284 1901 411 1939 facere
431 1901 631 1940 certiorem
652 1903 756 1940 nisus
776 1910 868 1949 erat,
888 1903 954 1940 sed
977 1903 1175 1954 praeclusis
1206 1903 1405 1941 itineribus
1426 1910 1464 1941 et
1482 1904 1732 1953 comprehen—

283 1964 331 2002 sis
365 1965 509 2002 nuntiis
544 1965 684 2003 frustra
717 1966 851 2004 fuerat.
908 1969 1118 2005 Tentatum
1151 1968 1187 2004 in
1223 1968 1280 2004 his
1308 1968 1420 2004 etiam
1453 1967 1617 2004 hibernis
1649 1967 1731 2011 fuit,

285 2027 391 2078 quod
426 2028 463 2065 in
499 2029 581 2065 aliis
615 2030 730 2079 paulo
761 2037 848 2068 ante
882 2036 1133 2074 successerat,
1166 2036 1207 2066 ut
1246 2030 1409 2067 Romani
1446 2037 1484 2067 et
1520 2030 1733 2080 conjuratae

287 2091 428 2129 Galtiae
458 2099 494 2129 et
527 2093 748 2130 Germanici
780 2093 906 2130 auxilii
941 2099 1044 2129 metu
1077 2093 1244 2138 incusso,
1281 2101 1319 2130 et
1354 2094 1538 2130 comitum
1572 2094 1734 2131 recentis

286 2168 398 2193 casus
419 2156 601 2193 memoria
622 2156 820 2201 admoniti,
842 2156 983 2193 abeant
1005 2168 1241 2205 quocunque
1264 2155 1420 2192 libuerit
1440 2155 1586 2193 intacti.
1643 2157 1732 2194 Non

288 2232 327 2256 se
347 2219 446 2257 enim
468 2220 663 2256 Romanos
688 2219 826 2263 odisse,
849 2232 920 2256 nec
942 2219 1180 2263 Ciceronem,
1203 2231 1325 2268 neque
1346 2219 1500 2255 omnino
1521 2218 1733 2268 quidquam

287 2281 389 2320 aliud
413 2283 576 2320 Romani
597 2283 746 2333 imperii
767 2297 940 2321 recusare
961 2291 1098 2332 praeter
1119 2283 1379 2332 importunam
1410 2283 1507 2319 hanc
1529 2289 1733 2320 consuetu-

287 2345 417 2382 dinem
438 2346 704 2390 hibernorum
736 2360 810 2397 qua
843 2347 1004 2390 sublata,
1026 2353 1167 2383 caetera
1197 2345 1323 2382 omnia
1356 2345 1467 2382 facile
1489 2353 1731 2391 conventura,

289 2408 450 2458 proinde
471 2416 643 2458 paratum
665 2410 737 2447 illis
756 2423 838 2447 esse
869 2410 1109 2446 securitatem
1142 2422 1188 2446 ac
1209 2409 1399 2446 licentiam
1435 2409 1615 2447 abeundi.
1672 2409 1733 2448 Ad

290 2472 365 2509 hoc
387 2472 524 2510 Cicero
545 2472 655 2522 longe
689 2473 798 2510 aliter
817 2486 861 2510 ac
882 2473 1075 2517 Titurius;
1110 2480 1210 2510 ‘non
1243 2486 1326 2510 csse
1360 2473 1546 2511 Romanis
1580 2475 1734 2512 morem'

334 2643 376 2671 26
397 2639 544 2672 Videtur
561 2639 691 2681 deesse,
719 2642 1002 2673 occasionem-27
1029 2642 1134 2683 Lege,
1159 2641 1418 2681 confirma-28
1443 2642 1544 2683 Lege,
1574 2642 1734 2675 Ilia—29

293 2692 398 2734 Lege,
413 2697 488 2725 tam.
