1850 3109
343 192 434 221 mu.
467 190 540 219 ιιι.
567 189 674 218 CAP.
708 177 777 217 13.
813 187 874 216 DE
908 186 1063 215 mium)
1096 187 1268 216 cunm.

85 290 177 325 runt,
195 290 229 317 nt
243 286 290 317 sic
307 285 410 316 habet
431 283 514 316 Cod.
532 283 656 321 Scalig.
680 281 706 311 si
723 290 780 311 ex·

83 337 209 377 cei-ptis
232 335 316 366 fides
340 333 500 365 habenda.
532 332 630 365 Quod
648 332 780 363 decom-

83 388 226 427 positutn
242 395 332 425 saepe
356 388 495 423 usurpat
519 393 594 414 cum
611 383 706 414 Livio
722 382 780 423 (V.

83 437 192 466 Drak.
206 436 245 466 ad
259 444 305 466 ιν.
320 434 387 471 30.)
411 433 535 464 Noster
549 443 609 472 pro
621 442 782 472 occupare:

84 486 183 517 inuno
202 486 239 516 B.
258 484 301 514 G.
322 492 385 514 vn.
398 485 450 514 26.
474 487 482 499 ‘
499 483 552 513 Ne
569 482 610 512 ab
625 483 779 522 equitatu

83 536 144 565 viae
161 532 502 575 praeoccuparentur.'
546 533 671 562 Verum
690 532 779 563 Edd.

83 585 197 625 primae
214 584 295 614 ‹lant
308 582 448 624 profacto
468 593 572 623 occup.
591 584 728 613 Vascos.
746 586 780 614 ot

80 635 196 674 steph.
228 633 371 674 alique
405 632 542 673 perfecto
577 643 677 672 occup.
705 633 778 663 alim

79 685 195 716 multae
217 683 354 724 prqfcclo
379 694 479 723 occup.
517 683 616 714 Unde
634 682 780 714 Achilles

79 737 164 767 stat.
187 735 340 775 profectus
365 745 424 765 occ.
454 734 620 774 probante
645 733 779 764 Ursino.

80 785 316 817 Hotomannus
351 785 549 825 profectionis
585 794 646 815 occ.
694 784 778 814 Mss.

80 845 213 876 qnoque
229 835 367 866 aliorum
379 839 413 865 et
427 834 490 865 mei
508 834 635 865 liabent
646 834 696 865 vel
710 844 781 873 pro-

72 885 158 923 fecto
173 896 200 916 o.
215 886 268 916 vel
290 885 426 925 perfecto
448 895 475 916 ο.
500 885 552 915 vel
571 884 719 924 proesecto
734 894 779 915 oc.

80 935 169 975 quod
191 939 243 966 est
270 934 301 964 in
327 934 420 966 Leid.
445 944 495 974 pr.
523 943 561 964 ac
585 944 652 965 sec.
684 934 780 965 Solus

81 984 201 1016 Petav.
234 984 350 1017 Codex
379 984 519 1015 exhibet
549 983 682 1023 proesato
718 994 780 1016 occ.

79 1035 202 1066 itinere.
238 1035 306 1066 Sed
331 1043 459 1072 vereor,
483 1037 520 1064 ut
543 1034 694 1073 passivus
711 1034 781 1074 ejus

80 1085 251 1125 participii
268 1094 346 1115 usus
371 1084 460 1124 apud
487 1084 581 1114 aurei
597 1084 659 1114 aevi
676 1084 779 1124 scrip-

80 1140 170 1166 tores
187 1139 354 1166 occurrat.
392 1133 493 1174 Apud
513 1134 780 1165 jurisconsultos

79 1185 199 1216 creber
228 1190 292 1216 est.
347 1183 535 1215 De·nihilo
566 1188 678 1214 tamen
714 1194 780 1215 non

79 1233 214 1266 videtur
228 1239 296 1265 tam
321 1238 480 1266 constans
499 1234 667 1265 Mstorum
688 1234 780 1266 addi-

81 1284 138 1316 tio.
167 1285 204 1316 Si
220 1284 301 1326 quid
319 1285 528 1324 mutandum,
545 1293 620 1315 cum
641 1285 781 1316 Ciacco-

80 1336 135 1367 nio
166 1341 282 1376 putem
312 1335 492 1375 legendum
528 1345 600 1367 esse
628 1339 782 1376 praecepto

77 1385 189 1416 itinere
209 1385 264 1416 vel
283 1388 438 1425 prcecepto
452 1388 483 1416 et
498 1388 640 1425 occupato
651 1385 781 1416 itinere:

80 1439 116 1465 ut
142 1443 201 1465 suo
231 1443 322 1465 more
352 1443 414 1474 per
441 1434 607 1474 posterius
631 1434 782 1474 explicet

81 1484 184 1523 prius.
222 1484 309 1514 Vide
333 1484 375 1514 ad
392 1485 432 1514 B.
451 1485 492 1515 G.
511 1494 550 1515 11.
567 1487 619 1516 20.
651 1494 715 1515 vu.
730 1487 782 1516 30.

80 1543 180 1574 supra
196 1543 227 1564 c.
244 1536 274 1564 9.
292 1539 327 1565 et
343 1534 540 1574 saepissime.
581 1535 653 1566 Nisi
669 1535 781 1575 potius

76 1588 230 1624 praecepto
251 1588 395 1624 occupato
413 1585 446 1615 in
463 1589 594 1615 textum
620 1585 717 1616 simul
734 1586 782 1616 in-

81 1634 216 1665 missum
233 1634 297 1665 sit:
323 1644 400 1665 cum
415 1639 525 1665 tamen
540 1635 681 1666 alterum
699 1636 782 1666 alte-

81 1683 148 1715 rius
176 1689 268 1715 esset
301 1684 444 1715 Glossa:
477 1684 519 1714 de
552 1694 617 1725 qua
644 1695 680 1716 re
711 1685 783 1716 dixi

81 1733 182 1763 ctiam
206 1733 248 1763 ad
264 1734 302 1764 Β.
319 1734 363 1765 G.
380 1743 444 1764 vu.
459 1736 511 1765 28.
530 1738 565 1764 et
582 1735 614 1764 iu
636 1734 723 1765 Add.
741 1735 782 1766 ad

83 1793 116 1823 p.
132 1786 206 1814 201.
229 1784 410 1823 ‘proximis
429 1784 568 1824 primis!
603 1786 657 1816 De
680 1786 784 1816 verbo

79 1832 246 1873 proecipere
260 1833 321 1864 hoc
336 1842 436 1864 seusu
449 1833 503 1863 adi
516 1834 558 1864 ad
573 1834 646 1865 Liv.
662 1844 718 1867 111.
731 1838 783 1866 46.

80 1887 98 1926 ξ
123 1887 154 1916 7.
181 1889 217 1916 et
247 1885 375 1916 Lucan.
406 1895 455 1916 vr.
488 1890 538 1917 15.
575 1886 585 1902 ‘
614 1886 690 1917 Hoc
718 1887 785 1918 iter

82 1944 237 1976 aequoreo
267 1935 435 1976 proecepit
465 1935 571 1966 limite
602 1935 782 1977 Magnusz’

81 1990 116 2017 et
132 1995 235 2026 supra
249 1995 322 2026 cap.
340 1985 458 2025 primo.

125 2037 166 2066 16
204 2036 249 2067 Ut
271 2035 391 2075 vigiliis
425 2035 618 2076 castellisque
647 2036 782 2068 beneme-

80 2087 152 2118 ritae
166 2088 310 2118 civitates
331 2091 407 2118 tutoe
423 2092 521 2119 essent
541 2089 701 2130 proesidio]
730 2090 782 2119 Ex

81 2138 132 2169 liis
147 2138 257 2168 verbis
281 2148 416 2169 sensum
439 2148 558 2169 eruere
578 2139 783 2179 nequierunt

83 2188 146 2219 viri
177 2187 314 2227 eruditi,
336 2187 480 2228 ideoque
505 2189 547 2219 ad
569 2189 782 2229 conjecturas

83 2237 367 2269 descendendum.
426 2237 639 2269 Emendabat
677 2239 782 2270 Gabr.

83 2288 246 2326 Faernus,
282 2290 317 2318 ut
345 2287 466 2327 vigiliis
494 2289 682 2329 castellisque
713 2289 785 2320 bene

82 2338 201 2369 meritoe
227 2337 351 2368 civitati
377 2341 455 2368 essct
481 2339 651 2378 proesidim
690 2339 784 2370 Ciac-

83 2389 198 2419 conius
213 2393 327 2419 autem
352 2391 386 2418 ιιι
406 2388 483 2418 vicis
505 2389 696 2429 castellisque
712 2389 784 2420 bene

81 2440 200 2470 meritae
214 2438 352 2469 civitatis
361 2442 438 2470 esset
449 2439 603 2479 prasidio.
629 2440 783 2480 Uterque

85 2495 211 2529 praeter
233 2490 315 2521 alias
332 2490 549 2529 mutationes,
565 2500 683 2521 vocem
707 2494 782 2521 tuloe

84 2539 188 2580 ejicit.
229 2541 296 2571 Ms.
312 2540 449 2571 Non-vic.
475 2545 510 2571 et
526 2541 609 2571 edit.
628 2541 782 2572 Beroald.

85 2589 288 2630 transposita
307 2600 390 2621 voce
414 2590 576 2621 exhibent
592 2594 626 2622 ut
649 2593 785 2622 castellis

86 2639 272 2680 tigilli-sque,
294 2642 345 2680 &15.
394 2640 630 2683 Antiquissimi
660 2652 703 2672 ex
727 2642 784 2672 iui-

87 2689 208 2729 pressis
234 2691 330 2722 Rom.
355 2693 442 2723 Ven.
474 2696 722 2732 repraesentant
748 2695 782 2722 ut

86 2740 221 2771 castellis
245 2740 455 2782 beneficiisque
482 2742 619 2773 emer-itm
640 2742 784 2773 civitates

1422 178 1438 216 l
1451 178 1533 217 455

832 282 909 310 tutte
936 283 1032 309 esseut
1055 280 1212 319 prmstda'o.
1260 279 1318 317 Hi,
1336 280 1398 309 ni«
1422 280 1533 320 fallor,

832 339 921 361 verm
944 330 1098 360 lectionis
1122 335 1259 361 servant
1284 331 1434 370 vestigia.
1470 332 1535 362 Re-

832 381 944 411 scribo
961 384 995 411 ut
1016 380 1151 420 castella,
1171 381 1244 420 rici,
1265 380 1395 420 beneque
1416 383 1535 412 merilce

831 432 972 462 civitates
1001 434 1078 462 tutae
1108 434 1206 462 essent
1231 431 1388 471 prasidio.
1435 431 1534 463 Hane

832 482 1065 521 conjecturam
1095 482 1191 512 unice
1221 481 1335 511 firmat
1365 481 1455 512 locus
1493 491 1534 513 ex

832 531 970 570 hujusce
985 531 1060 561 libri
1075 541 1150 571 cap.
1172 534 1212 562 32
1228 542 1235 569 ;
1263 531 1319 562 ubi
1336 531 1382 562 ait
1407 537 1536 571 noster,

830 592 889 611 mm
909 583 1004 612 solum
1028 582 1180 620 urbibus,
1200 583 1253 613 sed
1275 592 1350 622 pene
1364 582 1447 613 vicis
1469 592 1538 613 cas·

832 632 988 672 tellisque
1003 632 1135 671 singulis
1157 643 1224 662 cum
1241 632 1369 672 imperio
1387 632 1538 674 proficic-

831 682 954 712 bantur.
996 683 1083 713 Bene
1106 682 1235 713 meritas
1259 687 1371 714 autern
1395 683 1539 715 civitates

832 737 930 763 vocat
945 742 1012 771 eas,
1028 742 1103 773 quae
1121 733 1168 763 cis
1184 732 1315 772 Apsum
1340 733 1428 772 sitae,
1453 744 1487 765 se
1505 734 1536 765 ei

832 782 1058 814 tradiderunt.
1090 783 1174 814 Vice
1192 793 1222 813 c.
1241 786 1292 814 12.
1321 784 1431 815 Ducis.
1458 785 1554 815 Tor»

832 833 877 864 sit
899 833 954 864 hic
971 833 1063 864 locus
1080 833 1299 873 interpretes.
1336 835 1421 865 Mss.
1440 835 1539 874 pleri-

832 893 898 924 que
922 883 1047 915 habent
1070 887 1104 914 ut
1127 883 1248 922 vigiliis
1264 885 1453 925 castellisque
1467 885 1537 924 (vel

831 937 865 964 ut
896 935 1042 972 castellis,
1077 934 1276 974 vigiliisque)
1308 934 1381 965 bene
1418 935 1538 966 merilae

830 984 973 1015 civitates
990 988 1068 1015 tutae
1084 988 1180 1015 essent
1191 984 1346 1024 praesidio.
1376 985 1443 1017 Qui
1463 995 1538 1016 cum

832 1044 950 1065 sensus
979 1034 1036 1064 vix
1067 1039 1159 1065 esset
1195 1034 1302 1073 ullus;
1341 1035 1539 1067 emendavit

832 1085 994 1123 Faernus,
1022 1088 1055 1115 ut
1088 1085 1208 1125 sigiliis
1243 1087 1434 1126 castellisque
1465 1087 1538 1118 bene

832 1135 952 1164 meritoe
966 1135 1088 1165 civitati
1104 1138 1183 1166 esset
1205 1135 1294 1176 (scil.
1313 1136 1444 1175 Coeear)
1458 1146 1538 1176 prae-

830 1185 921 1214 sidio.
947 1184 1145 1216 ciacconius
1156 1189 1279 1223 autem,
1292 1188 1325 1215 ut
1342 1185 1419 1216 vicis
1430 1187 1537 1216 castel—

831 1235 925 1274 lisque
951 1234 1024 1265 bene
1052 1236 1172 1265 meritae
1193 1234 1333 1265 civitatis
1359 1238 1436 1265 esset
1457 1245 1538 1275 ργα-

830 1284 932 1315 sidio.-
972 1289 1128 1325 uterque,
1168 1283 1290 1315 omissa
1329 1294 1411 1315 voce
1449 1288 1537 1315 tutoe.

833 1333 1012 1371 cellarius,
1034 1339 1069 1364 ut
1097 1333 1218 1372 vigiliis
1246 1334 1436 1374 castellisque
1466 1334 1540 1365 bene

832 1385 954 1415 meritoe
983 1385 1123 1414 civitates
1151 1386 1228 1414 tutae
1258 1386 1380 1421 essent5
1417 1385 1539 1415 omissa

834 1444 917 1465 voce
929 1434 1090 1474 praesidio.
1124 1434 1191 1465 Sed
1204 1434 1351 1464 retinent
1364 1434 1446 1464 duas
1459 1434 1538 1465 istas

832 1494 933 1516 voces
950 1485 1032 1515 Mss.
1060 1494 1186 1516 omnes.
1225 1483 1400 1515 Rescribit
1421 1484 1537 1524 itaque

833 1537 1005 1574 Davisius,
1028 1539 1062 1566 ut
1082 1537 1218 1575 castella,
1236 1536 1309 1574 vici,
1331 1535 1462 1575 beneque
1478 1545 1539 1566 me-

832 1587 904 1617 ritae
939 1586 1083 1618 civitates
1125 1589 1202 1617 tutae
1236 1589 1337 1617 essent
1369 1585 1538 1626 proesidio:

833 1647 933 1677 quam
958 1637 1190 1676 conjecturam
1216 1636 1299 1666 mire
1331 1635 1457 1667 firmari
1481 1645 1537 1667 ex-

833 1686 961 1717 istimat
991 1687 1100 1717 altero
1132 1686 1188 1716 illo
1213 1686 1288 1717 loco
1308 1686 1407 1727 hujus
1432 1686 1540 1726 Libri,

834 1736 891 1766 ubi
923 1736 970 1767 ait
996 1737 1116 1775 Caesar,
1143 1737 1151 1752 ‘
1170 1745 1236 1766 non
1264 1736 1372 1767 solum
1398 1736 1540 1775 urbibus,

834 1784 892 1816 sed
908 1795 995 1825 pene
1012 1785 1087 1816 vicis
1101 1786 1289 1824 castellisque
1302 1785 1463 1825 singulis:
1474 1787 1539 1818 dcc.

834 1836 960 1866 Verum
978 1844 1087 1876 neque
1103 1836 1176 1866 haec
1191 1835 1306 1875 placet
1321 1835 1515 1866 emendatio
1530 1847 1539 1873 ;

833 1885 1001 1925 quoniam,
1018 1890 1055 1916 ut
1071 1886 1214 1916 civitates
1238 1885 1473 1925 intelligantur
1488 1896 1539 1916 ur-

832 1936 893 1976 bes,
910 1936 943 1967 id
965 1937 1099 1967 demum
1114 1945 1181 1966 non
1198 1941 1251 1966 est
1268 1936 1477 1966 Caesareanae
1494 1936 1541 1966 lo-

833 1985 990 2017 cutionis.
1032 1986 1124 2018 Quid
1142 1985 1166 2016 si
1188 1985 1253 2016 hoc
1278 1985 1415 2016 tandem
1439 1986 1538 2017 modo

833 2037 1040 2067 scribamus?
1081 2039 1115 2066 ut
1143 2036 1219 2066 vicis
1247 2036 1440 2076 castellisque
1467 2035 1540 2067 bene

831 2088 953 2118 meritoe
969 2087 1120 2127 civitatis,
1134 2095 1231 2118 ἰ-υτο
1245 2089 1340 2117 essent
1359 2085 1447 2127 (scil.
1466 2087 1538 2118 Cae-

833 2138 915 2169 saris
927 2137 1054 2177 castra)
1063 2138 1221 2178 proesz'dio.
1244 2138 1322 2176 Vel,
1332 2140 1366 2168 ul
1378 2137 1540 2178 (Caesaris

833 2188 970 2230 castra.)
984 2189 1117 2219 castellis
1139 2188 1317 2229 vigiliisque
1340 2186 1452 2229 (suis,)
1465 2188 1540 2220 bene

831 2239 952 2270 meritae
986 2239 1109 2270 civitati
1137 2248 1228 2270 TUTo
1264 2241 1362 2269 essent
1395 2238 1540 2279 (habent

833 2290 920 2320 enim
949 2299 1063 2320 omnes
1090 2289 1174 2320 Mss.
1201 2292 1312 2326 essent,
1339 2297 1404 2318 non
1427 2288 1540 2327 esset‚)

829 2340 988 2380 pracsidio.
1013 2340 1117 2371 Certe
1130 2340 1201 2370 liaec
1216 2339 1416 2379 conjectura
1432 2338 1539 2369 multo

835 2390 983 2431 propius,
1014 2400 1115 2431 quam
1148 2389 1289 2420 aliorum
1327 2388 1488 2427 omnium,
1520 2398 1540 2419 a

834 2441 985 2481 vestigiis
1010 2439 1323 2481 Manuscriptorum
1351 2439 1468 2470 abest:
1505 2444 1543 2485 et

835 2501 900 2522 vox
916 2495 1017 2522 tutum
1043 2496 1112 2522 tam
1128 2495 1244 2532 potest
1267 2490 1371 2520 latine
1396 2489 1438 2519 ad
1458 2498 1539 2529 prae·

832 2543 945 2573 sidium
962 2541 1095 2581 referri,
1109 2551 1210 2582 quam
1225 2540 1266 2571 ad
1282 2540 1451 2570 civitatem.
1481 2538 1538 2569 Sic

833 2593 922 2623 enim
945 2591 1032 2623 infra
1055 2592 1088 2622 in
1112 2592 1175 2622 hoc
1198 2591 1271 2632 ipso
1288 2589 1389 2628 libro,
1406 2589 1539 2619 Portum

835 2644 986 2684 appellat
1013 2643 1126 2673 Caesar
1149 2641 1350 2671 tutissimum.
1398 2637 1539 2670 Judicet

834 2694 960 2724 Lector
971 2693 1145 2724 Eruditus.
1172 2691 1279 2721 Clark.
1299 2687 1537 2720 Eruditissimo

836 2748 948 2774 tamen
976 2742 1106 2774 Clark-io
1121 2741 1320 2780 conjectura
1340 2741 1456 2768 nostra
1470 2745 1537 2768 non
