<?xml version="1.0" encoding="UTF-8"?>
<!DOCTYPE html PUBLIC "-//W3C//DTD XHTML 1.0 Transitional//EN"
    "http://www.w3.org/TR/xhtml1/DTD/xhtml1-transitional.dtd">
<html xmlns="http://www.w3.org/1999/xhtml" xml:lang="en" lang="en">
 <head>
  <title>
</title>
<meta http-equiv="Content-Type" content="text/html;charset=utf-8" />
  <meta name='ocr-system' content='tesseract 3.04.00' />
  <meta name='ocr-capabilities' content='ocr_page ocr_carea ocr_par ocr_line ocrx_word'/>
</head>
<body>
  <div class='ocr_page' id='page_1' title='image "./operaomniaexedit04caesuoft_0387.png"; bbox 0 0 1850 3109; ppageno 0'>
   <div class='ocr_carea' id='block_1_1' title="bbox 554 163 1600 206">
    <p class='ocr_par' dir='ltr' id='par_1_1' title="bbox 554 163 1600 206">
     <span class='ocr_line' id='line_1_1' title="bbox 554 163 1600 206; baseline -0.002 0"><span class='ocrx_word' id='word_1_1' title='bbox 554 177 616 206; x_wconf 78' lang='lat' dir='ltr'><strong>DF,</strong></span> <span class='ocrx_word' id='word_1_2' title='bbox 649 175 765 204; x_wconf 75' lang='lat' dir='ltr'><strong>vrrA</strong></span> <span class='ocrx_word' id='word_1_3' title='bbox 803 174 935 204; x_wconf 69' lang='lat' dir='ltr'><strong>sumi</strong></span> <span class='ocrx_word' id='word_1_4' title='bbox 971 174 1203 204; x_wconf 43' lang='lat' dir='ltr'><strong>crastinis.</strong></span> <span class='ocrx_word' id='word_1_5' title='bbox 1489 163 1600 204; x_wconf 81' lang='lat'>1781</span> 
     </span>
    </p>
   </div>
   <div class='ocr_carea' id='block_1_2' title="bbox 149 272 1619 2686">
    <p class='ocr_par' dir='ltr' id='par_1_2' title="bbox 149 272 1619 2686">
     <span class='ocr_line' id='line_1_2' title="bbox 150 272 1599 324; baseline -0.003 -9"><span class='ocrx_word' id='word_1_6' title='bbox 150 290 252 323; x_wconf 87' lang='lat' dir='ltr'><strong>nere,</strong></span> <span class='ocrx_word' id='word_1_7' title='bbox 272 283 507 315; x_wconf 81' lang='lat' dir='ltr'><strong>exarmatum</strong></span> <span class='ocrx_word' id='word_1_8' title='bbox 530 275 627 312; x_wconf 82' lang='lat' dir='ltr'><strong>hosti</strong></span> <span class='ocrx_word' id='word_1_9' title='bbox 650 274 832 323; x_wconf 79' lang='lat' dir='ltr'><strong>jugulum</strong></span> <span class='ocrx_word' id='word_1_10' title='bbox 866 273 1051 324; x_wconf 69' lang='lat' dir='ltr'><strong>praebere,</strong></span> <span class='ocrx_word' id='word_1_11' title='bbox 1085 279 1123 310; x_wconf 88' lang='lat' dir='ltr'><strong>et</strong></span> <span class='ocrx_word' id='word_1_12' title='bbox 1150 272 1226 309; x_wconf 89' lang='lat' dir='ltr'><strong>alta</strong></span> <span class='ocrx_word' id='word_1_13' title='bbox 1247 272 1367 309; x_wconf 86' lang='lat' dir='ltr'><strong>multa</strong></span> <span class='ocrx_word' id='word_1_14' title='bbox 1386 273 1478 321; x_wconf 85' lang='lat' dir='ltr'><strong>pati,</strong></span> <span class='ocrx_word' id='word_1_15' title='bbox 1513 287 1599 322; x_wconf 78' lang='lat' dir='ltr'><strong>quae.</strong></span> 
     </span>
     <span class='ocr_line' id='line_1_3' title="bbox 151 335 1600 388; baseline -0.003 -10"><span class='ocrx_word' id='word_1_16' title='bbox 151 341 337 379; x_wconf 87' lang='lat' dir='ltr'><strong>bellorum</strong></span> <span class='ocrx_word' id='word_1_17' title='bbox 360 339 450 388; x_wconf 88' lang='lat' dir='ltr'><strong>jure</strong></span> <span class='ocrx_word' id='word_1_18' title='bbox 485 338 573 376; x_wconf 86' lang='lat' dir='ltr'><strong>victi</strong></span> <span class='ocrx_word' id='word_1_19' title='bbox 607 352 628 375; x_wconf 88' lang='lat' dir='ltr'><strong>a</strong></span> <span class='ocrx_word' id='word_1_20' title='bbox 662 338 868 374; x_wconf 89' lang='lat' dir='ltr'><strong>victoribus</strong></span> <span class='ocrx_word' id='word_1_21' title='bbox 902 337 1115 387; x_wconf 63' lang='lat' dir='ltr'><strong>patiantur!</strong></span> <span class='ocrx_word' id='word_1_22' title='bbox 1169 335 1362 373; x_wconf 78' lang='lat' dir='ltr'>Persuasit</span> <span class='ocrx_word' id='word_1_23' title='bbox 1382 335 1438 373; x_wconf 79' lang='lat' dir='ltr'><strong>liis</strong></span> <span class='ocrx_word' id='word_1_24' title='bbox 1461 337 1600 381; x_wconf 87' lang='lat' dir='ltr'><strong>verbis,</strong></span> 
     </span>
     <span class='ocr_line' id='line_1_4' title="bbox 149 399 1599 454; baseline -0.003 -13"><span class='ocrx_word' id='word_1_25' title='bbox 149 404 279 454; x_wconf 85' lang='lat' dir='ltr'><strong>viginti</strong></span> <span class='ocrx_word' id='word_1_26' title='bbox 298 410 335 441; x_wconf 86' lang='lat' dir='ltr'><strong>et</strong></span> <span class='ocrx_word' id='word_1_27' title='bbox 356 416 403 441; x_wconf 85' lang='lat' dir='ltr'><strong>eo</strong></span> <span class='ocrx_word' id='word_1_28' title='bbox 421 403 584 452; x_wconf 86' lang='lat' dir='ltr'><strong>amplius</strong></span> <span class='ocrx_word' id='word_1_29' title='bbox 605 402 720 452; x_wconf 86' lang='lat' dir='ltr'><strong>opida</strong></span> <span class='ocrx_word' id='word_1_30' title='bbox 742 416 812 439; x_wconf 90' lang='lat' dir='ltr'><strong>una</strong></span> <span class='ocrx_word' id='word_1_31' title='bbox 836 403 921 439; x_wconf 82' lang='lat' dir='ltr'><strong>luce</strong></span> <span class='ocrx_word' id='word_1_32' title='bbox 944 401 1149 439; x_wconf 79' lang='lat' dir='ltr'><strong>combusta</strong></span> <span class='ocrx_word' id='word_1_33' title='bbox 1178 407 1260 438; x_wconf 88' lang='lat' dir='ltr'><strong>sunt</strong></span> <span class='ocrx_word' id='word_1_34' title='bbox 1279 413 1287 436; x_wconf 76' lang='grc' dir='ltr'>ε</span> <span class='ocrx_word' id='word_1_35' title='bbox 1317 412 1441 449; x_wconf 85' lang='lat' dir='ltr'><strong>neque</strong></span> <span class='ocrx_word' id='word_1_36' title='bbox 1475 399 1599 437; x_wconf 82' lang='lat' dir='ltr'><strong>solum</strong></span> 
     </span>
     <span class='ocr_line' id='line_1_5' title="bbox 150 462 1602 515; baseline -0.003 -12"><span class='ocrx_word' id='word_1_37' title='bbox 150 466 350 504; x_wconf 76' lang='lat' dir='ltr'><strong>infinibus</strong></span> <span class='ocrx_word' id='word_1_38' title='bbox 374 467 601 513; x_wconf 56' lang='lat' dir='ltr'><strong>Biturigum,</strong></span> <span class='ocrx_word' id='word_1_39' title='bbox 633 467 697 503; x_wconf 86' lang='lat' dir='ltr'><strong>sed</strong></span> <span class='ocrx_word' id='word_1_40' title='bbox 732 466 769 503; x_wconf 85' lang='lat' dir='ltr'><strong>in</strong></span> <span class='ocrx_word' id='word_1_41' title='bbox 803 465 958 515; x_wconf 84' lang='lat' dir='ltr'><strong>reliquis</strong></span> <span class='ocrx_word' id='word_1_42' title='bbox 988 465 1059 501; x_wconf 80' lang='lat' dir='ltr'><strong>liac</strong></span> <span class='ocrx_word' id='word_1_43' title='bbox 1094 465 1180 501; x_wconf 88' lang='lat' dir='ltr'><strong>illac</strong></span> <span class='ocrx_word' id='word_1_44' title='bbox 1212 476 1447 513; x_wconf 87' lang='lat' dir='ltr'><strong>quocunqne</strong></span> <span class='ocrx_word' id='word_1_45' title='bbox 1467 462 1602 499; x_wconf 84' lang='lat' dir='ltr'><strong>oculos</strong></span> 
     </span>
     <span class='ocr_line' id='line_1_6' title="bbox 150 526 1605 575; baseline -0.004 -7"><span class='ocrx_word' id='word_1_46' title='bbox 150 529 332 575; x_wconf 83' lang='lat' dir='ltr'><strong>flecteres,</strong></span> <span class='ocrx_word' id='word_1_47' title='bbox 361 531 537 568; x_wconf 86' lang='lat' dir='ltr'><strong>incendia</strong></span> <span class='ocrx_word' id='word_1_48' title='bbox 558 531 823 574; x_wconf 82' lang='lat' dir='ltr'><strong>cernebantur,</strong></span> <span class='ocrx_word' id='word_1_49' title='bbox 846 543 920 566; x_wconf 91' lang='lat' dir='ltr'><strong>non</strong></span> <span class='ocrx_word' id='word_1_50' title='bbox 942 529 1021 565; x_wconf 89' lang='lat' dir='ltr'><strong>sine</strong></span> <span class='ocrx_word' id='word_1_51' title='bbox 1042 528 1219 565; x_wconf 78' lang='lat' dir='ltr'><strong>omnium</strong></span> <span class='ocrx_word' id='word_1_52' title='bbox 1233 526 1390 564; x_wconf 85' lang='lat' dir='ltr'><strong>dolore:</strong></span> <span class='ocrx_word' id='word_1_53' title='bbox 1426 538 1538 575; x_wconf 85' lang='lat' dir='ltr'><strong>quem</strong></span> <span class='ocrx_word' id='word_1_54' title='bbox 1558 538 1605 562; x_wconf 86' lang='lat' dir='ltr'><strong>ea</strong></span> 
     </span>
     <span class='ocr_line' id='line_1_7' title="bbox 150 591 1604 644; baseline -0.001 -13"><span class='ocrx_word' id='word_1_55' title='bbox 150 606 238 644; x_wconf 84' lang='lat' dir='ltr'><strong>spes</strong></span> <span class='ocrx_word' id='word_1_56' title='bbox 259 595 415 639; x_wconf 78' lang='lat' dir='ltr'><strong>lenibat,</strong></span> <span class='ocrx_word' id='word_1_57' title='bbox 438 595 542 644; x_wconf 81' lang='lat' dir='ltr'><strong>qnod</strong></span> <span class='ocrx_word' id='word_1_58' title='bbox 566 601 671 644; x_wconf 77' lang='lat' dir='ltr'><strong>parta</strong></span> <span class='ocrx_word' id='word_1_59' title='bbox 690 593 847 630; x_wconf 81' lang='lat' dir='ltr'><strong>victoria</strong></span> <span class='ocrx_word' id='word_1_60' title='bbox 876 593 954 630; x_wconf 89' lang='lat' dir='ltr'><strong>cito</strong></span> <span class='ocrx_word' id='word_1_61' title='bbox 984 604 1116 628; x_wconf 87' lang='lat' dir='ltr'><strong>omnes</strong></span> <span class='ocrx_word' id='word_1_62' title='bbox 1149 591 1299 641; x_wconf 88' lang='lat' dir='ltr'><strong>perdita</strong></span> <span class='ocrx_word' id='word_1_63' title='bbox 1332 596 1604 629; x_wconf 83' lang='lat' dir='ltr'><strong>restaurarent.</strong></span> 
     </span>
     <span class='ocr_line' id='line_1_8' title="bbox 150 653 1604 707; baseline -0.003 -12"><span class='ocrx_word' id='word_1_64' title='bbox 150 658 210 695; x_wconf 91' lang='lat' dir='ltr'><strong>De</strong></span> <span class='ocrx_word' id='word_1_65' title='bbox 232 659 398 696; x_wconf 86' lang='lat' dir='ltr'><strong>Avarico</strong></span> <span class='ocrx_word' id='word_1_66' title='bbox 420 660 456 696; x_wconf 91' lang='lat' dir='ltr'><strong>in</strong></span> <span class='ocrx_word' id='word_1_67' title='bbox 473 658 628 696; x_wconf 83' lang='lat' dir='ltr'><strong>consilio</strong></span> <span class='ocrx_word' id='word_1_68' title='bbox 647 657 832 707; x_wconf 75' lang='lat' dir='ltr'><strong>agitatum</strong></span> <span class='ocrx_word' id='word_1_69' title='bbox 853 663 922 699; x_wconf 86' lang='lat' dir='ltr'><strong>est,</strong></span> <span class='ocrx_word' id='word_1_70' title='bbox 945 668 993 692; x_wconf 88' lang='lat' dir='ltr'><strong>an</strong></span> <span class='ocrx_word' id='word_1_71' title='bbox 1013 655 1167 692; x_wconf 88' lang='lat' dir='ltr'><strong>incendi</strong></span> <span class='ocrx_word' id='word_1_72' title='bbox 1198 654 1304 698; x_wconf 87' lang='lat' dir='ltr'><strong>illud,</strong></span> <span class='ocrx_word' id='word_1_73' title='bbox 1338 667 1385 691; x_wconf 86' lang='lat' dir='ltr'><strong>an</strong></span> <span class='ocrx_word' id='word_1_74' title='bbox 1416 653 1604 691; x_wconf 88' lang='lat' dir='ltr'><strong>intactum</strong></span> 
     </span>
     <span class='ocr_line' id='line_1_9' title="bbox 149 716 1603 771; baseline -0.003 -13"><span class='ocrx_word' id='word_1_75' title='bbox 149 720 269 771; x_wconf 84' lang='lat' dir='ltr'>linqui</span> <span class='ocrx_word' id='word_1_76' title='bbox 291 723 422 759; x_wconf 84' lang='lat' dir='ltr'><strong>melius</strong></span> <span class='ocrx_word' id='word_1_77' title='bbox 459 722 569 758; x_wconf 87' lang='lat' dir='ltr'><strong>foret.</strong></span> <span class='ocrx_word' id='word_1_78' title='bbox 628 723 830 758; x_wconf 86' lang='lat' dir='ltr'><strong>Enimvero</strong></span> <span class='ocrx_word' id='word_1_79' title='bbox 850 719 898 756; x_wconf 87' lang='lat' dir='ltr'><strong>ad</strong></span> <span class='ocrx_word' id='word_1_80' title='bbox 922 719 995 756; x_wconf 85' lang='lat' dir='ltr'><strong>hoc</strong></span> <span class='ocrx_word' id='word_1_81' title='bbox 1017 719 1176 756; x_wconf 88' lang='lat' dir='ltr'><strong>verbum</strong></span> <span class='ocrx_word' id='word_1_82' title='bbox 1207 718 1256 755; x_wconf 90' lang='lat' dir='ltr'><strong>ad</strong></span> <span class='ocrx_word' id='word_1_83' title='bbox 1280 716 1603 767; x_wconf 78' lang='lat' dir='ltr'><strong>Vercingetorigis</strong></span> 
     </span>
     <span class='ocr_line' id='line_1_10' title="bbox 149 780 1606 836; baseline -0.004 -14"><span class='ocrx_word' id='word_1_84' title='bbox 149 786 268 835; x_wconf 87' lang='lat' dir='ltr'><strong>pedes</strong></span> <span class='ocrx_word' id='word_1_85' title='bbox 289 786 570 836; x_wconf 80' lang='lat' dir='ltr'>Gallorumque</span> <span class='ocrx_word' id='word_1_86' title='bbox 591 786 758 822; x_wconf 88' lang='lat' dir='ltr'><strong>omnium</strong></span> <span class='ocrx_word' id='word_1_87' title='bbox 780 784 846 834; x_wconf 83' lang='lat' dir='ltr'><strong>qui</strong></span> <span class='ocrx_word' id='word_1_88' title='bbox 867 783 1030 820; x_wconf 84' lang='lat' dir='ltr'><strong>consilio</strong></span> <span class='ocrx_word' id='word_1_89' title='bbox 1051 783 1257 821; x_wconf 73' lang='lat' dir='ltr'><strong>intererant</strong></span> <span class='ocrx_word' id='word_1_90' title='bbox 1275 781 1385 818; x_wconf 84' lang='lat' dir='ltr'><strong>affusi</strong></span> <span class='ocrx_word' id='word_1_91' title='bbox 1407 780 1606 830; x_wconf 78' lang='lat' dir='ltr'><strong>Bituriges,</strong></span> 
     </span>
     <span class='ocr_line' id='line_1_11' title="bbox 149 845 1607 899; baseline -0.004 -13"><span class='ocrx_word' id='word_1_92' title='bbox 149 849 404 893; x_wconf 81' lang='lat' dir='ltr'><strong>obtestantur,</strong></span> <span class='ocrx_word' id='word_1_93' title='bbox 438 854 506 886; x_wconf 88' lang='lat' dir='ltr'><strong>‘ne</strong></span> <span class='ocrx_word' id='word_1_94' title='bbox 528 849 827 899; x_wconf 79' lang='lat' dir='ltr'><strong>pulcherrimum</strong></span> <span class='ocrx_word' id='word_1_95' title='bbox 850 847 1065 884; x_wconf 83' lang='lat' dir='ltr'><strong>Galliarum</strong></span> <span class='ocrx_word' id='word_1_96' title='bbox 1085 846 1244 896; x_wconf 82' lang='lat' dir='ltr'><strong>opidum</strong></span> <span class='ocrx_word' id='word_1_97' title='bbox 1274 845 1364 882; x_wconf 83' lang='lat' dir='ltr'><strong>⁷⁵de</strong></span> <span class='ocrx_word' id='word_1_98' title='bbox 1385 845 1499 893; x_wconf 83' lang='lat' dir='ltr'><strong>cujus</strong></span> <span class='ocrx_word' id='word_1_99' title='bbox 1520 857 1607 894; x_wconf 87' lang='lat' dir='ltr'><strong>pro-</strong></span> 
     </span>
     <span class='ocr_line' id='line_1_12' title="bbox 151 909 1606 963; baseline -0.003 -14"><span class='ocrx_word' id='word_1_100' title='bbox 151 912 285 950; x_wconf 87' lang='lat' dir='ltr'><strong>vinciae</strong></span> <span class='ocrx_word' id='word_1_101' title='bbox 306 913 554 963; x_wconf 79' lang='lat' dir='ltr'><strong>Biturigensis</strong></span> <span class='ocrx_word' id='word_1_102' title='bbox 575 927 620 950; x_wconf 85' lang='lat' dir='ltr'><strong>ac</strong></span> <span class='ocrx_word' id='word_1_103' title='bbox 642 912 862 963; x_wconf 84' lang='lat' dir='ltr'><strong>praesidium</strong></span> <span class='ocrx_word' id='word_1_104' title='bbox 884 911 1046 949; x_wconf 80' lang='lat' dir='ltr'><strong>flammis</strong></span> <span class='ocrx_word' id='word_1_105' title='bbox 1068 910 1264 948; x_wconf 85' lang='lat' dir='ltr'><strong>immeritis</strong></span> <span class='ocrx_word' id='word_1_106' title='bbox 1293 909 1483 946; x_wconf 86' lang='lat' dir='ltr'><strong>deleatur:</strong></span> <span class='ocrx_word' id='word_1_107' title='bbox 1515 920 1606 946; x_wconf 87' lang='lat' dir='ltr'><strong>cum</strong></span> 
     </span>
     <span class='ocr_line' id='line_1_13' title="bbox 152 972 1607 1027; baseline -0.004 -13"><span class='ocrx_word' id='word_1_108' title='bbox 152 976 308 1014; x_wconf 89' lang='lat' dir='ltr'><strong>defendi</strong></span> <span class='ocrx_word' id='word_1_109' title='bbox 330 985 455 1027; x_wconf 81' lang='lat' dir='ltr'><strong>posset</strong></span> <span class='ocrx_word' id='word_1_110' title='bbox 475 978 581 1014; x_wconf 84' lang='lat' dir='ltr'><strong>locus</strong></span> <span class='ocrx_word' id='word_1_111' title='bbox 602 990 698 1027; x_wconf 84' lang='lat' dir='ltr'><strong>pene</strong></span> <span class='ocrx_word' id='word_1_112' title='bbox 719 976 1024 1026; x_wconf 81' lang='lat' dir='ltr'><strong>inexpugnabilis</strong></span> <span class='ocrx_word' id='word_1_113' title='bbox 1046 982 1192 1019; x_wconf 87' lang='lat' dir='ltr'><strong>natura,</strong></span> <span class='ocrx_word' id='word_1_114' title='bbox 1215 974 1274 1011; x_wconf 90' lang='lat' dir='ltr'><strong>cni</strong></span> <span class='ocrx_word' id='word_1_115' title='bbox 1295 973 1324 1011; x_wconf 90' lang='lat' dir='ltr'><strong>si</strong></span> <span class='ocrx_word' id='word_1_116' title='bbox 1344 972 1516 1010; x_wconf 83' lang='lat' dir='ltr'><strong>defensio</strong></span> <span class='ocrx_word' id='word_1_117' title='bbox 1537 972 1607 1008; x_wconf 91' lang='lat' dir='ltr'><strong>mi-</strong></span> 
     </span>
     <span class='ocr_line' id='line_1_14' title="bbox 151 1037 1607 1090; baseline -0.003 -13"><span class='ocrx_word' id='word_1_118' title='bbox 151 1040 271 1078; x_wconf 86' lang='lat' dir='ltr'><strong>litaris</strong></span> <span class='ocrx_word' id='word_1_119' title='bbox 291 1042 508 1086; x_wconf 80' lang='lat' dir='ltr'><strong>accesserit,</strong></span> <span class='ocrx_word' id='word_1_120' title='bbox 531 1041 708 1079; x_wconf 87' lang='lat' dir='ltr'><strong>maledici</strong></span> <span class='ocrx_word' id='word_1_121' title='bbox 732 1041 850 1090; x_wconf 79' lang='lat' dir='ltr'><strong>possit</strong></span> <span class='ocrx_word' id='word_1_122' title='bbox 870 1053 945 1078; x_wconf 91' lang='lat' dir='ltr'><strong>non</strong></span> <span class='ocrx_word' id='word_1_123' title='bbox 968 1039 1123 1078; x_wconf 84' lang='lat' dir='ltr'><strong>noceri.&#39;</strong></span> <span class='ocrx_word' id='word_1_124' title='bbox 1169 1038 1383 1075; x_wconf 88' lang='lat' dir='ltr'><strong>Movebant</strong></span> <span class='ocrx_word' id='word_1_125' title='bbox 1400 1037 1459 1074; x_wconf 79' lang='lat' dir='ltr'><strong>11ae</strong></span> <span class='ocrx_word' id='word_1_126' title='bbox 1476 1048 1607 1086; x_wconf 87' lang='lat' dir='ltr'><strong>preces</strong></span> 
     </span>
     <span class='ocr_line' id='line_1_15' title="bbox 151 1100 1610 1154; baseline -0.003 -12"><span class='ocrx_word' id='word_1_127' title='bbox 151 1105 298 1142; x_wconf 84' lang='lat' dir='ltr'><strong>animos</strong></span> <span class='ocrx_word' id='word_1_128' title='bbox 336 1112 579 1149; x_wconf 84' lang='lat' dir='ltr'><strong>cunctorum,</strong></span> <span class='ocrx_word' id='word_1_129' title='bbox 615 1118 711 1141; x_wconf 87' lang='lat' dir='ltr'><strong>unus</strong></span> <span class='ocrx_word' id='word_1_130' title='bbox 751 1105 1039 1154; x_wconf 70' lang='lat' dir='ltr'><strong>Vercingetorix</strong></span> <span class='ocrx_word' id='word_1_131' title='bbox 1068 1103 1217 1141; x_wconf 88' lang='lat' dir='ltr'><strong>cunctis</strong></span> <span class='ocrx_word' id='word_1_132' title='bbox 1246 1102 1442 1146; x_wconf 77' lang='lat' dir='ltr'><strong>obstabat,</strong></span> <span class='ocrx_word' id='word_1_133' title='bbox 1478 1100 1542 1151; x_wconf 88' lang='lat' dir='ltr'><strong>qui</strong></span> <span class='ocrx_word' id='word_1_134' title='bbox 1571 1107 1610 1138; x_wconf 92' lang='lat' dir='ltr'><strong>et</strong></span> 
     </span>
     <span class='ocr_line' id='line_1_16' title="bbox 151 1163 1610 1217; baseline -0.003 -12"><span class='ocrx_word' id='word_1_135' title='bbox 151 1169 232 1217; x_wconf 86' lang='lat' dir='ltr'><strong>ipse</strong></span> <span class='ocrx_word' id='word_1_136' title='bbox 253 1168 407 1206; x_wconf 84' lang='lat' dir='ltr'><strong>taudem</strong></span> <span class='ocrx_word' id='word_1_137' title='bbox 430 1170 552 1206; x_wconf 89' lang='lat' dir='ltr'><strong>victus</strong></span> <span class='ocrx_word' id='word_1_138' title='bbox 575 1167 834 1206; x_wconf 75' lang='lat' dir='ltr'><strong>misericordia</strong></span> <span class='ocrx_word' id='word_1_139' title='bbox 867 1168 904 1204; x_wconf 91' lang='lat' dir='ltr'><strong>in</strong></span> <span class='ocrx_word' id='word_1_140' title='bbox 941 1166 1162 1204; x_wconf 72' lang='lat' dir='ltr'><strong>sententiam</strong></span> <span class='ocrx_word' id='word_1_141' title='bbox 1196 1172 1425 1202; x_wconf 77' lang='lat' dir='ltr'><strong>caeterorum</strong></span> <span class='ocrx_word' id='word_1_142' title='bbox 1448 1163 1610 1201; x_wconf 89' lang='lat' dir='ltr'><strong>transiit.</strong></span> 
     </span>
     <span class='ocr_line' id='line_1_17' title="bbox 152 1227 1609 1282; baseline -0.003 -14"><span class='ocrx_word' id='word_1_143' title='bbox 152 1232 214 1269; x_wconf 83' lang='lat' dir='ltr'><strong>Sic</strong></span> <span class='ocrx_word' id='word_1_144' title='bbox 233 1232 496 1270; x_wconf 79' lang='lat' dir='ltr'><strong>defensoribus</strong></span> <span class='ocrx_word' id='word_1_145' title='bbox 518 1233 708 1282; x_wconf 85' lang='lat' dir='ltr'><strong>rebusque</strong></span> <span class='ocrx_word' id='word_1_146' title='bbox 729 1231 812 1268; x_wconf 88' lang='lat' dir='ltr'><strong>aliis</strong></span> <span class='ocrx_word' id='word_1_147' title='bbox 846 1230 893 1268; x_wconf 88' lang='lat' dir='ltr'><strong>ad</strong></span> <span class='ocrx_word' id='word_1_148' title='bbox 926 1230 1145 1269; x_wconf 84' lang='lat' dir='ltr'><strong>custodiam</strong></span> <span class='ocrx_word' id='word_1_149' title='bbox 1176 1227 1377 1278; x_wconf 83' lang='lat' dir='ltr'><strong>oportunis</strong></span> <span class='ocrx_word' id='word_1_150' title='bbox 1405 1240 1452 1264; x_wconf 91' lang='lat' dir='ltr'><strong>eo</strong></span> <span class='ocrx_word' id='word_1_151' title='bbox 1486 1234 1609 1264; x_wconf 85' lang='lat' dir='ltr'><strong>trans·</strong></span> 
     </span>
     <span class='ocr_line' id='line_1_18' title="bbox 152 1290 1611 1340; baseline -0.003 -8"><span class='ocrx_word' id='word_1_152' title='bbox 152 1295 288 1340; x_wconf 82' lang='lat' dir='ltr'><strong>missis,</strong></span> <span class='ocrx_word' id='word_1_153' title='bbox 312 1303 482 1334; x_wconf 81' lang='lat' dir='ltr'><strong>servatur</strong></span> <span class='ocrx_word' id='word_1_154' title='bbox 501 1296 702 1334; x_wconf 75' lang='lat' dir='ltr'><strong>Avaricum</strong></span> <span class='ocrx_word' id='word_1_155' title='bbox 732 1309 754 1332; x_wconf 87' lang='lat' dir='ltr'><strong>a</strong></span> <span class='ocrx_word' id='word_1_156' title='bbox 783 1295 984 1333; x_wconf 85' lang='lat' dir='ltr'><strong>Gallorum</strong></span> <span class='ocrx_word' id='word_1_157' title='bbox 1016 1293 1190 1337; x_wconf 84' lang='lat' dir='ltr'><strong>flammis,</strong></span> <span class='ocrx_word' id='word_1_158' title='bbox 1213 1291 1278 1329; x_wconf 80' lang='lat' dir='ltr'><strong>sed</strong></span> <span class='ocrx_word' id='word_1_159' title='bbox 1301 1304 1375 1328; x_wconf 89' lang='lat' dir='ltr'><strong>non</strong></span> <span class='ocrx_word' id='word_1_160' title='bbox 1396 1291 1446 1328; x_wconf 85' lang='lat' dir='ltr'><strong>ab</strong></span> <span class='ocrx_word' id='word_1_161' title='bbox 1467 1290 1611 1328; x_wconf 84' lang='lat' dir='ltr'><strong>obsidi-</strong></span> 
     </span>
     <span class='ocr_line' id='line_1_19' title="bbox 151 1355 1611 1410; baseline -0.003 -15"><span class='ocrx_word' id='word_1_162' title='bbox 151 1372 222 1396; x_wconf 86' lang='lat' dir='ltr'><strong>one</strong></span> <span class='ocrx_word' id='word_1_163' title='bbox 258 1361 541 1397; x_wconf 81' lang='lat' dir='ltr'><strong>Romanorum:</strong></span> <span class='ocrx_word' id='word_1_164' title='bbox 573 1360 609 1397; x_wconf 91' lang='lat' dir='ltr'><strong>in</strong></span> <span class='ocrx_word' id='word_1_165' title='bbox 644 1372 719 1410; x_wconf 90' lang='lat' dir='ltr'><strong>qua</strong></span> <span class='ocrx_word' id='word_1_166' title='bbox 749 1359 907 1408; x_wconf 84' lang='lat' dir='ltr'><strong>quidem</strong></span> <span class='ocrx_word' id='word_1_167' title='bbox 937 1358 1196 1396; x_wconf 78' lang='lat' dir='ltr'><strong>obsidentium</strong></span> <span class='ocrx_word' id='word_1_168' title='bbox 1230 1355 1336 1393; x_wconf 89' lang='lat' dir='ltr'><strong>fortis</strong></span> <span class='ocrx_word' id='word_1_169' title='bbox 1370 1362 1409 1392; x_wconf 86' lang='lat' dir='ltr'><strong>et</strong></span> <span class='ocrx_word' id='word_1_170' title='bbox 1439 1355 1611 1392; x_wconf 80' lang='lat' dir='ltr'><strong>animosa</strong></span> 
     </span>
     <span class='ocr_line' id='line_1_20' title="bbox 150 1418 1610 1471; baseline -0.005 -11"><span class='ocrx_word' id='word_1_171' title='bbox 150 1423 354 1461; x_wconf 83' lang='lat' dir='ltr'><strong>tolerantia</strong></span> <span class='ocrx_word' id='word_1_172' title='bbox 373 1424 544 1462; x_wconf 88' lang='lat' dir='ltr'><strong>emicuit.</strong></span> <span class='ocrx_word' id='word_1_173' title='bbox 601 1425 700 1462; x_wconf 90' lang='lat' dir='ltr'><strong>Cum</strong></span> <span class='ocrx_word' id='word_1_174' title='bbox 729 1424 827 1462; x_wconf 84' lang='lat' dir='ltr'><strong>enim</strong></span> <span class='ocrx_word' id='word_1_175' title='bbox 856 1423 943 1461; x_wconf 84' lang='lat' dir='ltr'><strong>hinc</strong></span> <span class='ocrx_word' id='word_1_176' title='bbox 975 1421 1263 1471; x_wconf 81' lang='lat' dir='ltr'><strong>Vercingetorix</strong></span> <span class='ocrx_word' id='word_1_177' title='bbox 1293 1427 1418 1457; x_wconf 88' lang='lat' dir='ltr'><strong>castra</strong></span> <span class='ocrx_word' id='word_1_178' title='bbox 1449 1418 1610 1468; x_wconf 87' lang='lat' dir='ltr'><strong>propius</strong></span> 
     </span>
     <span class='ocr_line' id='line_1_21' title="bbox 151 1483 1612 1539; baseline -0.003 -15"><span class='ocrx_word' id='word_1_179' title='bbox 151 1487 396 1534; x_wconf 74' lang='lat' dir='ltr'><strong>admovisset,</strong></span> <span class='ocrx_word' id='word_1_180' title='bbox 417 1495 456 1526; x_wconf 91' lang='lat' dir='ltr'><strong>et</strong></span> <span class='ocrx_word' id='word_1_181' title='bbox 484 1489 533 1526; x_wconf 88' lang='lat' dir='ltr'><strong>ab</strong></span> <span class='ocrx_word' id='word_1_182' title='bbox 561 1488 868 1539; x_wconf 81' lang='lat' dir='ltr'><strong>exploratoribus</strong></span> <span class='ocrx_word' id='word_1_183' title='bbox 888 1500 957 1537; x_wconf 86' lang='lat' dir='ltr'><strong>per</strong></span> <span class='ocrx_word' id='word_1_184' title='bbox 975 1486 1140 1535; x_wconf 82' lang='lat' dir='ltr'><strong>singulas</strong></span> <span class='ocrx_word' id='word_1_185' title='bbox 1162 1485 1274 1522; x_wconf 76' lang='lat' dir='ltr'><strong>horas</strong></span> <span class='ocrx_word' id='word_1_186' title='bbox 1294 1483 1388 1534; x_wconf 91' lang='lat' dir='ltr'><strong>quid</strong></span> <span class='ocrx_word' id='word_1_187' title='bbox 1410 1483 1447 1520; x_wconf 90' lang='lat' dir='ltr'><strong>in</strong></span> <span class='ocrx_word' id='word_1_188' title='bbox 1470 1483 1612 1520; x_wconf 81' lang='lat' dir='ltr'><strong>Roma·</strong></span> 
     </span>
     <span class='ocr_line' id='line_1_22' title="bbox 152 1547 1612 1602; baseline -0.004 -13"><span class='ocrx_word' id='word_1_189' title='bbox 152 1552 209 1589; x_wconf 85' lang='lat' dir='ltr'><strong>nis</strong></span> <span class='ocrx_word' id='word_1_190' title='bbox 230 1552 365 1589; x_wconf 79' lang='lat' dir='ltr'><strong>castris</strong></span> <span class='ocrx_word' id='word_1_191' title='bbox 381 1560 568 1602; x_wconf 83' lang='lat' dir='ltr'><strong>ageretur,</strong></span> <span class='ocrx_word' id='word_1_192' title='bbox 586 1552 761 1596; x_wconf 84' lang='lat' dir='ltr'><strong>edoctus,</strong></span> <span class='ocrx_word' id='word_1_193' title='bbox 796 1564 906 1588; x_wconf 87' lang='lat' dir='ltr'><strong>omne</strong></span> <span class='ocrx_word' id='word_1_194' title='bbox 926 1551 998 1588; x_wconf 88' lang='lat' dir='ltr'><strong>iter</strong></span> <span class='ocrx_word' id='word_1_195' title='bbox 1026 1563 1157 1587; x_wconf 88' lang='lat' dir='ltr'><strong>eorum</strong></span> <span class='ocrx_word' id='word_1_196' title='bbox 1189 1549 1435 1593; x_wconf 82' lang='lat' dir='ltr'><strong>observaret3</strong></span> <span class='ocrx_word' id='word_1_197' title='bbox 1466 1553 1504 1584; x_wconf 89' lang='lat' dir='ltr'><strong>et</strong></span> <span class='ocrx_word' id='word_1_198' title='bbox 1535 1547 1612 1583; x_wconf 87' lang='lat' dir='ltr'><strong>Ro-</strong></span> 
     </span>
     <span class='ocr_line' id='line_1_23' title="bbox 152 1611 1612 1663; baseline -0.003 -11"><span class='ocrx_word' id='word_1_199' title='bbox 152 1627 286 1652; x_wconf 85' lang='lat' dir='ltr'><strong>manos</strong></span> <span class='ocrx_word' id='word_1_200' title='bbox 307 1616 451 1653; x_wconf 82' lang='lat' dir='ltr'><strong>circum</strong></span> <span class='ocrx_word' id='word_1_201' title='bbox 473 1615 651 1652; x_wconf 85' lang='lat' dir='ltr'><strong>omnibus</strong></span> <span class='ocrx_word' id='word_1_202' title='bbox 671 1616 811 1652; x_wconf 76' lang='lat' dir='ltr'><strong>exustis</strong></span> <span class='ocrx_word' id='word_1_203' title='bbox 831 1621 990 1663; x_wconf 87' lang='lat' dir='ltr'><strong>urgente</strong></span> <span class='ocrx_word' id='word_1_204' title='bbox 1011 1614 1235 1651; x_wconf 84' lang='lat' dir='ltr'><strong>necessitate</strong></span> <span class='ocrx_word' id='word_1_205' title='bbox 1256 1613 1405 1661; x_wconf 83' lang='lat' dir='ltr'><strong>longius</strong></span> <span class='ocrx_word' id='word_1_206' title='bbox 1422 1611 1612 1662; x_wconf 85' lang='lat' dir='ltr'><strong>pabulan-</strong></span> 
     </span>
     <span class='ocr_line' id='line_1_24' title="bbox 155 1675 1612 1722; baseline -0.003 -6"><span class='ocrx_word' id='word_1_207' title='bbox 155 1686 223 1722; x_wconf 86' lang='lat' dir='ltr'><strong>tes,</strong></span> <span class='ocrx_word' id='word_1_208' title='bbox 246 1679 389 1717; x_wconf 87' lang='lat' dir='ltr'><strong>crebris</strong></span> <span class='ocrx_word' id='word_1_209' title='bbox 408 1678 663 1716; x_wconf 81' lang='lat' dir='ltr'><strong>incommodis</strong></span> <span class='ocrx_word' id='word_1_210' title='bbox 696 1691 741 1715; x_wconf 89' lang='lat' dir='ltr'><strong>ac</strong></span> <span class='ocrx_word' id='word_1_211' title='bbox 763 1678 910 1716; x_wconf 87' lang='lat' dir='ltr'><strong>damnis</strong></span> <span class='ocrx_word' id='word_1_212' title='bbox 942 1678 1125 1715; x_wconf 84' lang='lat' dir='ltr'><strong>afficeret.</strong></span> <span class='ocrx_word' id='word_1_213' title='bbox 1184 1677 1293 1714; x_wconf 88' lang='lat' dir='ltr'><strong>lllinc</strong></span> <span class='ocrx_word' id='word_1_214' title='bbox 1316 1690 1405 1714; x_wconf 92' lang='lat' dir='ltr'><strong>vero</strong></span> <span class='ocrx_word' id='word_1_215' title='bbox 1426 1675 1538 1713; x_wconf 77' lang='lat' dir='ltr'><strong>AEdui</strong></span> <span class='ocrx_word' id='word_1_216' title='bbox 1567 1687 1612 1711; x_wconf 80' lang='lat' dir='ltr'><strong>ac</strong></span> 
     </span>
     <span class='ocr_line' id='line_1_25' title="bbox 154 1740 1614 1792; baseline -0.002 -13"><span class='ocrx_word' id='word_1_217' title='bbox 154 1742 242 1791; x_wconf 86' lang='lat' dir='ltr'><strong>Boji</strong></span> <span class='ocrx_word' id='word_1_218' title='bbox 263 1742 402 1792; x_wconf 72' lang='lat' dir='ltr'><strong>quilius</strong></span> <span class='ocrx_word' id='word_1_219' title='bbox 422 1755 466 1779; x_wconf 86' lang='lat' dir='ltr'><strong>ea</strong></span> <span class='ocrx_word' id='word_1_220' title='bbox 487 1755 580 1779; x_wconf 83' lang='lat' dir='ltr'><strong>cura</strong></span> <span class='ocrx_word' id='word_1_221' title='bbox 611 1741 792 1778; x_wconf 88' lang='lat' dir='ltr'><strong>mandata</strong></span> <span class='ocrx_word' id='word_1_222' title='bbox 813 1748 915 1779; x_wconf 87' lang='lat' dir='ltr'><strong>erat:</strong></span> <span class='ocrx_word' id='word_1_223' title='bbox 948 1740 998 1778; x_wconf 89' lang='lat' dir='ltr'><strong>illi</strong></span> <span class='ocrx_word' id='word_1_224' title='bbox 1033 1740 1188 1791; x_wconf 89' lang='lat' dir='ltr'><strong>quidem</strong></span> <span class='ocrx_word' id='word_1_225' title='bbox 1220 1741 1326 1790; x_wconf 82' lang='lat' dir='ltr'><strong>quod</strong></span> <span class='ocrx_word' id='word_1_226' title='bbox 1356 1745 1504 1776; x_wconf 86' lang='lat' dir='ltr'><strong>mutato</strong></span> <span class='ocrx_word' id='word_1_227' title='bbox 1524 1751 1614 1788; x_wconf 84' lang='lat' dir='ltr'><strong>erga</strong></span> 
     </span>
     <span class='ocr_line' id='line_1_26' title="bbox 153 1803 1613 1854; baseline -0.001 -13"><span class='ocrx_word' id='word_1_228' title='bbox 153 1805 351 1842; x_wconf 83' lang='lat' dir='ltr'><strong>Romanos</strong></span> <span class='ocrx_word' id='word_1_229' title='bbox 371 1805 498 1841; x_wconf 87' lang='lat' dir='ltr'><strong>animo</strong></span> <span class='ocrx_word' id='word_1_230' title='bbox 518 1817 593 1841; x_wconf 91' lang='lat' dir='ltr'><strong>non</strong></span> <span class='ocrx_word' id='word_1_231' title='bbox 615 1804 818 1849; x_wconf 84' lang='lat' dir='ltr'><strong>curabant,</strong></span> <span class='ocrx_word' id='word_1_232' title='bbox 841 1804 879 1841; x_wconf 87' lang='lat' dir='ltr'><strong>hi</strong></span> <span class='ocrx_word' id='word_1_233' title='bbox 895 1817 1052 1854; x_wconf 89' lang='lat' dir='ltr'><strong>quoque</strong></span> <span class='ocrx_word' id='word_1_234' title='bbox 1073 1817 1207 1854; x_wconf 86' lang='lat' dir='ltr'><strong>parum</strong></span> <span class='ocrx_word' id='word_1_235' title='bbox 1229 1809 1418 1854; x_wconf 87' lang='lat' dir='ltr'><strong>poterant,</strong></span> <span class='ocrx_word' id='word_1_236' title='bbox 1434 1816 1511 1840; x_wconf 89' lang='lat' dir='ltr'><strong>rem</strong></span> <span class='ocrx_word' id='word_1_237' title='bbox 1533 1803 1613 1839; x_wconf 84' lang='lat' dir='ltr'><strong>Ro-</strong></span> 
     </span>
     <span class='ocr_line' id='line_1_27' title="bbox 153 1867 1615 1917; baseline -0.002 -12"><span class='ocrx_word' id='word_1_238' title='bbox 153 1881 303 1905; x_wconf 86' lang='lat' dir='ltr'><strong>manam</strong></span> <span class='ocrx_word' id='word_1_239' title='bbox 325 1869 489 1917; x_wconf 85' lang='lat' dir='ltr'><strong>maligne</strong></span> <span class='ocrx_word' id='word_1_240' title='bbox 510 1868 790 1905; x_wconf 85' lang='lat' dir='ltr'><strong>commeatibus</strong></span> <span class='ocrx_word' id='word_1_241' title='bbox 811 1868 1067 1917; x_wconf 82' lang='lat' dir='ltr'><strong>adjuvarent:</strong></span> <span class='ocrx_word' id='word_1_242' title='bbox 1100 1867 1214 1917; x_wconf 70' lang='lat'>[125]</span> <span class='ocrx_word' id='word_1_243' title='bbox 1240 1868 1287 1905; x_wconf 88' lang='lat' dir='ltr'><strong>ad</strong></span> <span class='ocrx_word' id='word_1_244' title='bbox 1319 1874 1464 1904; x_wconf 84' lang='lat' dir='ltr'><strong>tantam</strong></span> <span class='ocrx_word' id='word_1_245' title='bbox 1497 1878 1615 1916; x_wconf 86' lang='lat' dir='ltr'><strong>penu-</strong></span> 
     </span>
     <span class='ocr_line' id='line_1_28' title="bbox 152 1929 1614 1981; baseline -0.002 -12"><span class='ocrx_word' id='word_1_246' title='bbox 152 1931 247 1969; x_wconf 83' lang='lat' dir='ltr'><strong>riam</strong></span> <span class='ocrx_word' id='word_1_247' title='bbox 278 1930 505 1976; x_wconf 87' lang='lat' dir='ltr'><strong>7⁶devenire,</strong></span> <span class='ocrx_word' id='word_1_248' title='bbox 529 1939 568 1969; x_wconf 90' lang='lat' dir='ltr'><strong>ut</strong></span> <span class='ocrx_word' id='word_1_249' title='bbox 589 1931 726 1969; x_wconf 89' lang='lat' dir='ltr'><strong>diebus</strong></span> <span class='ocrx_word' id='word_1_250' title='bbox 746 1931 920 1981; x_wconf 85' lang='lat' dir='ltr'><strong>plurimis</strong></span> <span class='ocrx_word' id='word_1_251' title='bbox 945 1931 1138 1968; x_wconf 89' lang='lat' dir='ltr'><strong>frumento</strong></span> <span class='ocrx_word' id='word_1_252' title='bbox 1159 1937 1330 1967; x_wconf 81' lang='lat' dir='ltr'><strong>carentes</strong></span> <span class='ocrx_word' id='word_1_253' title='bbox 1350 1929 1455 1967; x_wconf 89' lang='lat' dir='ltr'><strong>tenui</strong></span> <span class='ocrx_word' id='word_1_254' title='bbox 1476 1942 1614 1979; x_wconf 86' lang='lat' dir='ltr'><strong>pecore</strong></span> 
     </span>
     <span class='ocr_line' id='line_1_29' title="bbox 155 1994 1616 2046; baseline -0.001 -14"><span class='ocrx_word' id='word_1_255' title='bbox 155 1996 216 2032; x_wconf 89' lang='lat' dir='ltr'><strong>vix</strong></span> <span class='ocrx_word' id='word_1_256' title='bbox 238 1995 450 2045; x_wconf 83' lang='lat' dir='ltr'><strong>proferrent</strong></span> <span class='ocrx_word' id='word_1_257' title='bbox 471 1996 698 2033; x_wconf 85' lang='lat' dir='ltr'><strong>imbecillem</strong></span> <span class='ocrx_word' id='word_1_258' title='bbox 722 1996 917 2046; x_wconf 86' lang='lat' dir='ltr'><strong>spiritnm;</strong></span> <span class='ocrx_word' id='word_1_259' title='bbox 949 2008 1146 2044; x_wconf 88' lang='lat' dir='ltr'><strong>nunquam</strong></span> <span class='ocrx_word' id='word_1_260' title='bbox 1176 2001 1303 2031; x_wconf 88' lang='lat' dir='ltr'><strong>tamen</strong></span> <span class='ocrx_word' id='word_1_261' title='bbox 1336 1994 1384 2031; x_wconf 87' lang='lat' dir='ltr'><strong>ab</strong></span> <span class='ocrx_word' id='word_1_262' title='bbox 1415 2006 1616 2044; x_wconf 84' lang='lat' dir='ltr'><strong>oppugna-</strong></span> 
     </span>
     <span class='ocr_line' id='line_1_30' title="bbox 155 2058 1615 2110; baseline -0.001 -13"><span class='ocrx_word' id='word_1_263' title='bbox 155 2060 257 2097; x_wconf 85' lang='lat' dir='ltr'><strong>tione</strong></span> <span class='ocrx_word' id='word_1_264' title='bbox 277 2068 493 2105; x_wconf 87' lang='lat' dir='ltr'><strong>cessarent;</strong></span> <span class='ocrx_word' id='word_1_265' title='bbox 525 2073 720 2110; x_wconf 87' lang='lat' dir='ltr'><strong>nunquam</strong></span> <span class='ocrx_word' id='word_1_266' title='bbox 753 2061 811 2098; x_wconf 89' lang='lat' dir='ltr'><strong>vel</strong></span> <span class='ocrx_word' id='word_1_267' title='bbox 847 2060 943 2098; x_wconf 86' lang='lat' dir='ltr'><strong>irata</strong></span> <span class='ocrx_word' id='word_1_268' title='bbox 977 2060 1037 2096; x_wconf 87' lang='lat' dir='ltr'><strong>vel</strong></span> <span class='ocrx_word' id='word_1_269' title='bbox 1066 2059 1192 2097; x_wconf 88' lang='lat' dir='ltr'><strong>mollis</strong></span> <span class='ocrx_word' id='word_1_270' title='bbox 1222 2058 1451 2107; x_wconf 81' lang='lat' dir='ltr'><strong>cujusquam</strong></span> <span class='ocrx_word' id='word_1_271' title='bbox 1472 2071 1518 2093; x_wconf 77' lang='lat' dir='ltr'><strong>ex</strong></span> <span class='ocrx_word' id='word_1_272' title='bbox 1550 2070 1615 2095; x_wconf 87' lang='lat' dir='ltr'><strong>ore</strong></span> 
     </span>
     <span class='ocr_line' id='line_1_31' title="bbox 155 2123 1615 2173; baseline -0.001 -14"><span class='ocrx_word' id='word_1_273' title='bbox 155 2136 229 2160; x_wconf 82' lang='lat' dir='ltr'><strong>vox</strong></span> <span class='ocrx_word' id='word_1_274' title='bbox 249 2131 482 2173; x_wconf 78' lang='lat' dir='ltr'><strong>erutnperet;</strong></span> <span class='ocrx_word' id='word_1_275' title='bbox 514 2132 580 2161; x_wconf 87' lang='lat' dir='ltr'><strong>aut</strong></span> <span class='ocrx_word' id='word_1_276' title='bbox 608 2125 793 2162; x_wconf 81' lang='lat' dir='ltr'><strong>Romanae</strong></span> <span class='ocrx_word' id='word_1_277' title='bbox 813 2138 888 2162; x_wconf 88' lang='lat' dir='ltr'><strong>non</strong></span> <span class='ocrx_word' id='word_1_278' title='bbox 911 2125 1142 2162; x_wconf 85' lang='lat' dir='ltr'><strong>conveniens</strong></span> <span class='ocrx_word' id='word_1_279' title='bbox 1165 2123 1365 2173; x_wconf 84' lang='lat' dir='ltr'><strong>majestati.</strong></span> <span class='ocrx_word' id='word_1_280' title='bbox 1422 2123 1505 2159; x_wconf 89' lang='lat' dir='ltr'><strong>Imo</strong></span> <span class='ocrx_word' id='word_1_281' title='bbox 1526 2135 1615 2159; x_wconf 69' lang='lat' dir='ltr'><strong>vero</strong></span> 
     </span>
     <span class='ocr_line' id='line_1_32' title="bbox 154 2185 1616 2235; baseline -0.002 -11"><span class='ocrx_word' id='word_1_282' title='bbox 154 2199 243 2224; x_wconf 86' lang='lat' dir='ltr'><strong>cum</strong></span> <span class='ocrx_word' id='word_1_283' title='bbox 272 2188 400 2225; x_wconf 81' lang='lat' dir='ltr'><strong>Caesar</strong></span> <span class='ocrx_word' id='word_1_284' title='bbox 434 2188 603 2225; x_wconf 82' lang='lat' dir='ltr'><strong>laborem</strong></span> <span class='ocrx_word' id='word_1_285' title='bbox 643 2189 804 2225; x_wconf 86' lang='lat' dir='ltr'><strong>militum</strong></span> <span class='ocrx_word' id='word_1_286' title='bbox 841 2190 1040 2226; x_wconf 84' lang='lat' dir='ltr'><strong>miseratus</strong></span> <span class='ocrx_word' id='word_1_287' title='bbox 1071 2189 1168 2225; x_wconf 86' lang='lat' dir='ltr'><strong>inter</strong></span> <span class='ocrx_word' id='word_1_288' title='bbox 1200 2185 1482 2223; x_wconf 82' lang='lat' dir='ltr'><strong>exhortandum</strong></span> <span class='ocrx_word' id='word_1_289' title='bbox 1513 2198 1616 2235; x_wconf 75' lang='lat' dir='ltr'><strong>saepe</strong></span> 
     </span>
     <span class='ocr_line' id='line_1_33' title="bbox 154 2250 1616 2302; baseline -0.001 -15"><span class='ocrx_word' id='word_1_290' title='bbox 154 2250 324 2288; x_wconf 82' lang='lat' dir='ltr'><strong>diceret:</strong></span> <span class='ocrx_word' id='word_1_291' title='bbox 356 2258 364 2272; x_wconf 80' lang='lat'><strong><em>⁶</em></strong></span> <span class='ocrx_word' id='word_1_292' title='bbox 381 2252 409 2287; x_wconf 81' lang='lat' dir='ltr'><strong>si</strong></span> <span class='ocrx_word' id='word_1_293' title='bbox 430 2251 544 2289; x_wconf 83' lang='lat' dir='ltr'><strong>nimis</strong></span> <span class='ocrx_word' id='word_1_294' title='bbox 564 2265 701 2301; x_wconf 83' lang='lat' dir='ltr'><strong>aspera</strong></span> <span class='ocrx_word' id='word_1_295' title='bbox 723 2259 810 2289; x_wconf 84' lang='lat' dir='ltr'><strong>sunt</strong></span> <span class='ocrx_word' id='word_1_296' title='bbox 833 2253 902 2290; x_wconf 82' lang='lat' dir='ltr'><strong>ista</strong></span> <span class='ocrx_word' id='word_1_297' title='bbox 932 2264 1152 2302; x_wconf 82' lang='lat' dir='ltr'><strong>progressu,</strong></span> <span class='ocrx_word' id='word_1_298' title='bbox 1184 2250 1287 2289; x_wconf 88' lang='lat' dir='ltr'><strong>nulla</strong></span> <span class='ocrx_word' id='word_1_299' title='bbox 1319 2263 1386 2300; x_wconf 85' lang='lat' dir='ltr'><strong>per</strong></span> <span class='ocrx_word' id='word_1_300' title='bbox 1417 2262 1477 2287; x_wconf 81' lang='lat' dir='ltr'><strong>ine</strong></span> <span class='ocrx_word' id='word_1_301' title='bbox 1511 2262 1616 2286; x_wconf 86' lang='lat' dir='ltr'><strong>mora</strong></span> 
     </span>
     <span class='ocr_line' id='line_1_34' title="bbox 155 2313 1617 2366; baseline -0.001 -14"><span class='ocrx_word' id='word_1_302' title='bbox 155 2322 224 2360; x_wconf 79' lang='lat' dir='ltr'><strong>est,</strong></span> <span class='ocrx_word' id='word_1_303' title='bbox 259 2316 588 2366; x_wconf 80' lang='lat' dir='ltr'><strong>oppugnationem</strong></span> <span class='ocrx_word' id='word_1_304' title='bbox 623 2317 798 2354; x_wconf 88' lang='lat' dir='ltr'><strong>omittere</strong></span> <span class='ocrx_word' id='word_1_305' title='bbox 820 2330 902 2354; x_wconf 89' lang='lat' dir='ltr'><strong>sum</strong></span> <span class='ocrx_word' id='word_1_306' title='bbox 926 2324 1080 2366; x_wconf 88' lang='lat' dir='ltr'><strong>paratus</strong></span> <span class='ocrx_word' id='word_1_307' title='bbox 1096 2318 1120 2360; x_wconf 87' lang='lat'><strong>;’</strong></span> <span class='ocrx_word' id='word_1_308' title='bbox 1155 2314 1383 2352; x_wconf 86' lang='lat' dir='ltr'><strong>unanimiter</strong></span> <span class='ocrx_word' id='word_1_309' title='bbox 1406 2313 1617 2363; x_wconf 86' lang='lat' dir='ltr'><strong>responde-</strong></span> 
     </span>
     <span class='ocr_line' id='line_1_35' title="bbox 157 2379 1616 2430; baseline -0.001 -14"><span class='ocrx_word' id='word_1_310' title='bbox 157 2385 266 2416; x_wconf 88' lang='lat' dir='ltr'><strong>rent:</strong></span> <span class='ocrx_word' id='word_1_311' title='bbox 311 2384 320 2398; x_wconf 93' lang='lat'>‘</span> <span class='ocrx_word' id='word_1_312' title='bbox 342 2379 430 2416; x_wconf 80' lang='lat' dir='ltr'><strong>Non</strong></span> <span class='ocrx_word' id='word_1_313' title='bbox 467 2379 550 2416; x_wconf 81' lang='lat' dir='ltr'><strong>haec</strong></span> <span class='ocrx_word' id='word_1_314' title='bbox 582 2393 803 2429; x_wconf 84' lang='lat' dir='ltr'><strong>quaesumus</strong></span> <span class='ocrx_word' id='word_1_315' title='bbox 833 2380 980 2430; x_wconf 86' lang='lat' dir='ltr'><strong>optime</strong></span> <span class='ocrx_word' id='word_1_316' title='bbox 1000 2380 1232 2429; x_wconf 83' lang='lat' dir='ltr'><strong>imperator:</strong></span> <span class='ocrx_word' id='word_1_317' title='bbox 1264 2379 1317 2415; x_wconf 89' lang='lat' dir='ltr'><strong>sic</strong></span> <span class='ocrx_word' id='word_1_318' title='bbox 1337 2379 1475 2416; x_wconf 84' lang='lat' dir='ltr'><strong>multos</strong></span> <span class='ocrx_word' id='word_1_319' title='bbox 1496 2390 1616 2415; x_wconf 85' lang='lat' dir='ltr'><strong>annos</strong></span> 
     </span>
     <span class='ocr_line' id='line_1_36' title="bbox 158 2441 1614 2492; baseline -0.001 -13"><span class='ocrx_word' id='word_1_320' title='bbox 158 2450 194 2479; x_wconf 87' lang='lat' dir='ltr'><strong>te</strong></span> <span class='ocrx_word' id='word_1_321' title='bbox 209 2442 309 2479; x_wconf 88' lang='lat' dir='ltr'><strong>duce</strong></span> <span class='ocrx_word' id='word_1_322' title='bbox 330 2443 590 2489; x_wconf 86' lang='lat' dir='ltr'><strong>militavimus,</strong></span> <span class='ocrx_word' id='word_1_323' title='bbox 615 2451 654 2482; x_wconf 90' lang='lat' dir='ltr'><strong>ut</strong></span> <span class='ocrx_word' id='word_1_324' title='bbox 676 2446 803 2482; x_wconf 86' lang='lat' dir='ltr'><strong>nullus</strong></span> <span class='ocrx_word' id='word_1_325' title='bbox 826 2451 961 2489; x_wconf 87' lang='lat' dir='ltr'><strong>metus,</strong></span> <span class='ocrx_word' id='word_1_326' title='bbox 983 2444 1186 2481; x_wconf 85' lang='lat' dir='ltr'><strong>difficultas</strong></span> <span class='ocrx_word' id='word_1_327' title='bbox 1207 2443 1309 2480; x_wconf 87' lang='lat' dir='ltr'><strong>nulla</strong></span> <span class='ocrx_word' id='word_1_328' title='bbox 1339 2456 1406 2479; x_wconf 86' lang='lat' dir='ltr'><strong>nos</strong></span> <span class='ocrx_word' id='word_1_329' title='bbox 1438 2441 1614 2492; x_wconf 82' lang='lat' dir='ltr'><strong>fregerit:</strong></span> 
     </span>
     <span class='ocr_line' id='line_1_37' title="bbox 158 2505 1616 2558; baseline -0.001 -16"><span class='ocrx_word' id='word_1_330' title='bbox 158 2506 285 2543; x_wconf 85' lang='lat' dir='ltr'><strong>nullus</strong></span> <span class='ocrx_word' id='word_1_331' title='bbox 307 2507 473 2543; x_wconf 74' lang='lat' dir='ltr'><strong>hostium</strong></span> <span class='ocrx_word' id='word_1_332' title='bbox 496 2507 606 2544; x_wconf 86' lang='lat' dir='ltr'><strong>nobis</strong></span> <span class='ocrx_word' id='word_1_333' title='bbox 638 2510 735 2545; x_wconf 70' lang='lat' dir='ltr'><strong>lianc</strong></span> <span class='ocrx_word' id='word_1_334' title='bbox 770 2509 1015 2558; x_wconf 81' lang='lat' dir='ltr'><strong>ignominiam</strong></span> <span class='ocrx_word' id='word_1_335' title='bbox 1051 2508 1256 2557; x_wconf 73' lang='lat' dir='ltr'><strong>⁷⁷irrogant</strong></span> <span class='ocrx_word' id='word_1_336' title='bbox 1291 2513 1331 2543; x_wconf 91' lang='lat' dir='ltr'><strong>ut</strong></span> <span class='ocrx_word' id='word_1_337' title='bbox 1365 2512 1489 2555; x_wconf 76' lang='lat' dir='ltr'><strong>coepta</strong></span> <span class='ocrx_word' id='word_1_338' title='bbox 1511 2505 1616 2541; x_wconf 81' lang='lat' dir='ltr'><strong>dese-</strong></span> 
     </span>
     <span class='ocr_line' id='line_1_38' title="bbox 159 2567 1617 2620; baseline -0.002 -15"><span class='ocrx_word' id='word_1_339' title='bbox 159 2582 305 2606; x_wconf 82' lang='lat' dir='ltr'><strong>ramus:</strong></span> <span class='ocrx_word' id='word_1_340' title='bbox 352 2583 398 2606; x_wconf 85' lang='lat' dir='ltr'><strong>ne</strong></span> <span class='ocrx_word' id='word_1_341' title='bbox 432 2577 473 2607; x_wconf 87' lang='lat' dir='ltr'><strong>tu</strong></span> <span class='ocrx_word' id='word_1_342' title='bbox 512 2583 601 2620; x_wconf 82' lang='lat' dir='ltr'><strong>ergo</strong></span> <span class='ocrx_word' id='word_1_343' title='bbox 640 2572 718 2608; x_wconf 86' lang='lat' dir='ltr'><strong>dux</strong></span> <span class='ocrx_word' id='word_1_344' title='bbox 755 2579 885 2609; x_wconf 80' lang='lat' dir='ltr'><strong>noster</strong></span> <span class='ocrx_word' id='word_1_345' title='bbox 925 2571 1023 2608; x_wconf 88' lang='lat' dir='ltr'><strong>hanc</strong></span> <span class='ocrx_word' id='word_1_346' title='bbox 1059 2577 1240 2607; x_wconf 68' lang='lat' dir='ltr'><strong>aeternam</strong></span> <span class='ocrx_word' id='word_1_347' title='bbox 1287 2568 1473 2605; x_wconf 84' lang='lat' dir='ltr'><strong>maculam</strong></span> <span class='ocrx_word' id='word_1_348' title='bbox 1507 2567 1617 2603; x_wconf 85' lang='lat' dir='ltr'><strong>nobis</strong></span> 
     </span>
     <span class='ocr_line' id='line_1_39' title="bbox 162 2633 1619 2686; baseline -0.003 -17"><span class='ocrx_word' id='word_1_349' title='bbox 162 2633 428 2678; x_wconf 66' lang='lat' dir='ltr'><strong>⁷³i1nmiseri53</strong></span> <span class='ocrx_word' id='word_1_350' title='bbox 462 2635 541 2672; x_wconf 80' lang='lat' dir='ltr'><strong>sine</strong></span> <span class='ocrx_word' id='word_1_351' title='bbox 575 2635 686 2673; x_wconf 80' lang='lat' dir='ltr'><strong>inodo</strong></span> <span class='ocrx_word' id='word_1_352' title='bbox 719 2637 846 2673; x_wconf 87' lang='lat' dir='ltr'><strong>omnia</strong></span> <span class='ocrx_word' id='word_1_353' title='bbox 882 2637 963 2686; x_wconf 83' lang='lat' dir='ltr'><strong>pati</strong></span> <span class='ocrx_word' id='word_1_354' title='bbox 993 2634 1226 2677; x_wconf 80' lang='lat' dir='ltr'><strong>⁷⁹1nalitnus,</strong></span> <span class='ocrx_word' id='word_1_355' title='bbox 1261 2645 1374 2682; x_wconf 73' lang='lat' dir='ltr'><strong>quain</strong></span> <span class='ocrx_word' id='word_1_356' title='bbox 1410 2644 1456 2666; x_wconf 89' lang='lat' dir='ltr'><strong>ne</strong></span> <span class='ocrx_word' id='word_1_357' title='bbox 1491 2637 1619 2666; x_wconf 70' lang='lat' dir='ltr'><strong>nostra</strong></span> 
     </span>
    </p>
   </div>
   <div class='ocr_carea' id='block_1_3' title="bbox 162 2736 1616 2832">
    <p class='ocr_par' dir='ltr' id='par_1_3' title="bbox 162 2736 1616 2832">
     <span class='ocr_line' id='line_1_40' title="bbox 197 2736 1616 2781; baseline 0 -15"><span class='ocrx_word' id='word_1_358' title='bbox 197 2740 236 2767; x_wconf 76' lang='lat'><strong>75</strong></span> <span class='ocrx_word' id='word_1_359' title='bbox 262 2738 581 2775; x_wconf 73' lang='lat' dir='ltr'><strong>Forte‚‹lecus.—-Tti</strong></span> <span class='ocrx_word' id='word_1_360' title='bbox 606 2741 709 2780; x_wconf 75' lang='lat' dir='ltr'><strong>Lege,</strong></span> <span class='ocrx_word' id='word_1_361' title='bbox 726 2741 968 2773; x_wconf 53' lang='lat' dir='ltr'><strong>deveneram—27</strong></span> <span class='ocrx_word' id='word_1_362' title='bbox 997 2740 1334 2781; x_wconf 63' lang='lat' dir='ltr'><strong>Lege‚1·1-1-og&lt;t.-—rs</strong></span> <span class='ocrx_word' id='word_1_363' title='bbox 1360 2737 1475 2776; x_wconf 82' lang='lat' dir='ltr'><strong>Forte,</strong></span> <span class='ocrx_word' id='word_1_364' title='bbox 1503 2736 1616 2767; x_wconf 61' lang='lat' dir='ltr'><strong>inuias(-</strong></span> 
     </span>
     <span class='ocr_line' id='line_1_41' title="bbox 162 2792 614 2832; baseline 0.004 -12"><span class='ocrx_word' id='word_1_365' title='bbox 162 2792 307 2821; x_wconf 49' lang='lat' dir='ltr'><strong>riam—79</strong></span> <span class='ocrx_word' id='word_1_366' title='bbox 333 2792 439 2832; x_wconf 66' lang='lat' dir='ltr'><strong>Lege,</strong></span> <span class='ocrx_word' id='word_1_367' title='bbox 457 2793 614 2823; x_wconf 56' lang='lat' dir='ltr'><strong>malumne.</strong></span> 
     </span>
    </p>
   </div>
  </div>
 </body>
</html>
