1850 3109
408 183 503 214 mn.
536 182 585 212 11.
618 181 725 212 cAP.
755 171 826 213 18.
859 182 923 212 DE
957 183 1114 213 BELLO
1146 185 1317 216 CIVILI.

137 283 250 313 motus
265 278 538 322 praepositionem
554 277 721 308 revocavi.
768 276 835 308 Adi

137 331 180 362 ad
206 332 247 362 B.
274 331 318 362 G.
344 338 396 360 vi.
425 330 455 359 3.
483 333 518 359 ct
545 328 588 359 G.
610 328 643 359 J.
669 328 765 360 Voss,
793 328 835 359 (le

140 382 276 412 Constr.
293 390 320 410 c.
334 382 388 410 46.

183 435 220 461 15
244 430 284 460 Sc
305 429 412 469 certis]
444 429 587 460 Ursinus
617 434 732 460 monet
761 439 834 462 csse

137 481 254 511 Virum
273 479 421 514 doctum,
434 479 489 519 qui
508 479 629 519 probet
643 480 768 511 secretis
782 490 835 517 n.;

136 529 224 571 quod
241 533 294 560 est
311 529 342 558 in
358 528 460 568 ipsius
476 529 572 566 Cod.,
587 529 635 559 uti
651 534 687 560 ct
704 530 735 559 in
754 530 836 561 Vos·

135 580 240 612 siano.
286 581 372 610 Mihi
389 590 454 611 non
471 581 594 620 placet.

178 633 219 660 lo
248 629 367 664 Quibus
394 630 484 660 rebus
511 631 690 670 perterritis
716 631 835 662 civibus

134 679 296 720 Romanis]
331 680 422 719 Lego
438 690 479 710 ex
498 680 657 711 Palatino
673 685 709 711 ct
725 681 830 721 Bong.

130 731 315 770 perterritos
329 730 409 761 cites
426 731 590 762 Romanos.
628 731 673 762 Et
689 732 737 762 sic
754 742 835 772 quo-

135 780 248 820 quein
273 780 403 811 duobus
427 781 519 811 libris
544 787 717 821 repererat
744 784 836 813 Ciac-

132 839 209 861 con.
253 831 384 862 Vossius.
432 831 617 862 Per-territis
645 832 761 863 civibus
790 833 833 864 R.

133 885 173 912 ut
207 881 328 921 Aldus,
360 882 491 923 Grypli.
520 882 671 914 Plantin.
709 888 745 914 et
781 884 836 914 alii

133 931 229 971 dant,
245 931 382 963 defendi
399 938 514 972 posset
529 943 571 964 ex
587 933 639 973 iis,
654 944 727 975 quae
740 939 836 965 nota-

133 981 238 1013 vimus
256 983 297 1013 ad
314 992 378 1014 vu.
395 986 427 1014 4.
453 984 462 1000 ‘
477 984 682 1015 Convocatis
706 984 837 1015 clienti-

133 1032 207 1071 bus,
230 1032 329 1064 facile
346 1033 520 1073 incendit‚’
548 1035 678 1065 scilicet
689 1044 755 1066 eos.-
779 1034 835 1065 ubi

134 1084 289 1123 vidimus,
327 1094 400 1115 eain
439 1086 730 1116 constructionem
769 1095 835 1116 non

133 1143 209 1164 raro
238 1134 270 1164 in
299 1134 431 1165 Caesare
459 1135 612 1174 reperiri.
664 1136 710 1166 Et
740 1141 834 1167 certe

131 1183 335 1224 suffragatur
359 1185 481 1216 Petav.
509 1186 543 1216 in
570 1185 666 1216 Leid.
692 1196 745 1226 pr.
767 1196 836 1227 per-

133 1236 262 1266 territus
286 1235 360 1266 ciris
388 1236 478 1267 Rom.
509 1236 703 1268 Per-territus
729 1237 835 1269 habet

135 1295 267 1326 quoque
284 1286 420 1317 Lovau:
451 1286 532 1317 cives
555 1287 653 1318 abest
680 1297 698 1318 a
723 1288 833 1328 Bong.

133 1336 251 1367 Malim
290 1340 403 1367 tamen
439 1337 594 1376 credere,
631 1338 834 1369 varietatem

135 1390 245 1417 ortam
263 1395 304 1417 ex
318 1385 528 1417 Accusativo
545 1386 634 1418 ciris.
676 1388 725 1418 Ut
748 1389 833 1419 Vos-

135 1437 201 1468 sius
232 1437 392 1475 correxst,
424 1437 610 1469 exhibitum
645 1438 720 1479 jam
753 1439 833 1471 olim

133 1498 153 1519 a
185 1489 301 1530 primis
335 1489 545 1528 Editoribus,
578 1490 661 1521 item
691 1491 831 1523 Vascos.

131 1539 250 1580 Steph.
266 1539 391 1579 Scalig.
409 1539 561 1580 aliisque.
607 1539 723 1581 Atque
747 1541 794 1572 ita
815 1551 833 1572 e

132 1590 199 1621 suis
215 1590 297 1621 Mss.
325 1589 538 1621 scribendum
554 1595 758 1622 monuerunt
782 1591 834 1623 Ci-

133 1649 251 1672 accon.
269 1640 410 1672 Hotom.
427 1645 461 1671 et
477 1640 648 1671 Brantius.

179 1693 216 1720 17
241 1691 292 1721 Aa
316 1691 426 1730 Remp.
453 1691 732 1722 administrandam
759 1692 832 1723 HS.

133 1740 216 1780 cxc]
247 1740 287 1770 In
303 1740 491 1771 Petaviano
508 1745 560 1771 est
576 1749 708 1781 eLxxx,
731 1742 834 1773 etiam

133 1791 208 1823 Pal.
225 1801 397 1822 numerum
415 1800 512 1822 Lxxx
528 1792 665 1831 retinet,
681 1793 834 1833 quamvis

133 1846 293 1881 corrupte
310 1841 344 1871 in
365 1851 404 1872 eo
425 1842 556 1882 legatur
571 1842 708 1873 cohortes
723 1852 833 1875 Lxxx.

132 1892 178 1924 Et
200 1892 364 1933 Bongars.
387 1893 526 1924 cohortes
547 1901 679 1924 CLXXX.
727 1893 834 1925 Ortus

131 1952 226 1974 error
243 1952 284 1974 ex
301 1942 392 1974 notis
409 1951 464 1973 us.
489 1952 550 1983 pro
567 1943 686 1983 quibus
709 1943 743 1974 iu
768 1944 834 1975 Pe-

132 1998 200 2025 tav.
217 2004 351 2035 quoque
376 1994 540 2034 scriptum
557 1997 608 2024 est
626 2002 686 2025 εΗ.
731 1994 834 2025 Unde

130 2045 181 2076 illi
201 2045 337 2076 cohortes
361 2043 537 2076 fecerunt:
566 2054 642 2075 narn
669 2049 705 2076 et
730 2045 835 2075 cohors

133 2094 166 2125 in
188 2095 358 2127 veteribus
381 2095 549 2135 lapidibus
569 2095 729 2126 scribitur
749 2104 834 2126 con.

134 2150 170 2176 et
185 2154 368 2176 CHOHORS.
385 2150 422 2177 et
436 2154 563 2176 cnons.
593 2145 721 2176 Vossius.
761 2146 833 2177 Nu-

132 2205 262 2226 merum
300 2204 420 2227 ctxxx
455 2196 593 2236 reposui
629 2196 834 2227 auctoritate

133 2247 237 2278 etiam
280 2247 365 2278 Mss.
415 2246 534 2277 Leidd.
564 2246 692 2276 Lovan.
726 2247 833 2277 Dorv.

132 2298 258 2338 Scalig.
275 2297 497 2338 aliorumque.
537 2297 578 2328 In
595 2306 737 2338 quorum
752 2297 835 2327 mul—

133 2346 176 2378 tis
202 2347 288 2378 male
313 2347 450 2378 cohortes
477 2355 587 2387 Lxxxx,
615 2347 670 2377 vel
697 2347 835 2378 cohortes

133 2405 257 2429 chxx
272 2399 445 2430 scribitur.
491 2397 579 2429 Edd.
598 2408 655 2439 pp.
680 2399 763 2429 adm.
787 2409 833 2430 co—

131 2447 235 2479 hortes
246 2457 407 2479 cnxxxx
432 2448 592 2487 Nonagies
608 2453 739 2479 tautum
750 2449 834 2479 Var.

131 2497 232 2529 Lect.
248 2499 388 2529 Vascos.
412 2498 461 2529 uti
478 2502 512 2529 et
537 2499 734 2539 conjecerat
758 2499 836 2529 Gla-

135 2554 269 2584 reanus,
283 2548 454 2587 vulgatum
472 2551 585 2578 tamen
602 2547 760 2579 retinens.
794 2548 834 2579 In

134 2598 304 2628 nonnullis
319 2597 435 2637 inepte
448 2597 583 2628 additur
597 2598 706 2630 millia.

135 2673 139 2675 ,
179 2648 220 2677 19
243 2648 369 2687 Co'e'git]
391 2649 446 2679 Sic
465 2649 549 2680 Mss.
566 2653 603 2680 et
618 2649 726 2680 Editt.
740 2650 835 2681 Vett.

138 2695 238 2727 Quod
264 2702 301 2728 et
328 2703 516 2738 temporum
543 2699 631 2730 ratio
659 2700 835 2740 postulat;

137 2749 279 2786 propter
293 2748 558 2791 praecedentem,
573 2749 780 2790 proedicavit;
799 2755 836 2782 et

1476 178 1588 221 1421

887 282 1097 319 sequentem,
1123 280 1315 319 injungebat.
1367 281 1589 316 Recentiorcs

886 328 1013 360 liabent
1055 330 1150 369 cogit.
1193 331 1300 361 Clark.
1361 332 1412 362 Ex
1443 333 1526 364 Mss.
1555 339 1591 366 et

888 379 997 409 Editis
1032 381 1111 412 Ber.
1141 381 1272 421 Gryph.
1303 381 1443 422 aliisque
1475 384 1589 415 multis

887 430 1137 461 rescribendum
1154 432 1268 471 coegit,
1295 437 1328 462 ut
1349 432 1450 463 etiam
1473 434 1591 465 Clark-

887 478 937 509 ius
952 480 1141 512 adnotavit.
1174 482 1284 512 Datis.
1310 491 1380 513 cur.
1401 492 1470 513 sec.
1517 484 1590 516 Ma-

887 530 936 570 gis
976 532 1061 561 Mss.
1104 533 1309 563 auctoritate
1341 538 1377 564 et
1412 544 1591 576 consensu,

887 589 985 620 quam
1009 586 1200 621 temporum
1226 583 1370 622 ratione,
1398 584 1491 625 (quie
1518 595 1591 616 sex-

887 631 1014 662 centies
1031 632 1079 662 ita
1101 634 1288 670 variantur,
1316 639 1354 664 ut
1372 645 1463 675 saepe
1483 637 1589 667 moni-

887 682 988 720 tum‚)
1009 687 1180 722 permotus
1207 684 1308 723 co'e'gz't
1338 686 1486 724 reposui.
1532 686 1590 718 Sic

886 733 974 763 enim
1003 735 1174 774 reperitur
1198 735 1231 765 in
1259 736 1342 766 meis
1373 737 1527 769 omnibus
1555 743 1590 770 et

886 783 974 814 Edd.
989 784 1124 824 primis:
1143 784 1176 815 in
1193 785 1284 816 nullo
1300 786 1395 825 cogit.

929 838 967 865 21
999 835 1097 866 Verba
1127 839 1218 875 atque
1248 836 1418 867 orationem
1448 839 1591 870 adversus

887 885 998 925 Remp.
1030 885 1366 925 habuissent—,iudicia
1396 889 1428 918 in
1452 889 1592 928 privatos

886 936 1048 976 reddebat]
1083 937 1219 968 Judicia
1247 938 1282 968 in
1309 938 1519 978 privatorum
1540 949 1591 971 re-

888 984 949 1016 bus
973 986 1196 1027 constituere,
1219 996 1285 1018 non
1310 987 1411 1019 modo
1440 989 1591 1030 iniquum

886 1045 952 1066 non
970 1040 1034 1075 est,
1046 1036 1104 1067 sed
1122 1037 1223 1067 etiam
1240 1038 1448 1077 praetorium.
1475 1040 1591 1071 Quare

887 1085 988 1116 nihilo
1006 1086 1214 1126 probabilior
1239 1088 1351 1118 [rsiui
1369 1094 1428 1119 aut
1453 1090 1592 1121 Octavii

885 1135 1093 1175 Pantagathi
1108 1137 1302 1168 emendatio
1319 1142 1382 1175 est,
1400 1139 1455 1179 qui
1473 1139 1592 1179 legunt

886 1185 1014 1216 edebat.-
1038 1186 1253 1228 domitorque
1279 1188 1343 1219 hoc
1368 1189 1409 1219 ab
1433 1190 1498 1220 illis
1522 1200 1591 1221 non

887 1234 1115 1266 observatum.
1160 1237 1272 1268 Locus
1291 1238 1381 1268 enim
1406 1238 1452 1270 sic
1479 1249 1591 1270 emen-

888 1285 1021 1316 dandus
1050 1291 1115 1326 est,
1145 1292 1184 1318 ut
1208 1288 1278 1319 sine
1311 1289 1592 1329 interpunctione

887 1337 1107 1368 continenter
1133 1339 1279 1378 legatur,
1303 1339 1399 1379 quasi
1424 1340 1590 1381 scriptum

885 1386 935 1417 ita
951 1392 1062 1418 esset:
1090 1389 1133 1418 Et
1153 1389 1280 1426 judicia
1306 1389 1338 1420 in
1362 1390 1514 1429 privatos,
1536 1392 1592 1431 qui

884 1439 975 1470 verba
1005 1443 1095 1480 atque
1124 1442 1292 1472 orationem
1324 1443 1469 1473 adt-ersus
1498 1443 1592 1474 Rem-

881 1490 955 1530 pub.
994 1491 1183 1532 habuissent,
1226 1493 1392 1524 reddebat:
1432 1504 1591 1534 eorumque

885 1540 964 1571 bona.
984 1542 1017 1572 in
1037 1542 1193 1582 publicum
1209 1543 1383 1574 addicebat.
1429 1543 1591 1575 Edictum

886 1590 1020 1627 scilicet
1049 1597 1296 1632 proposuerat:
1333 1593 1391 1624 ‘Si
1427 1594 1501 1634 quis
1533 1593 1591 1624 ad-

885 1649 1004 1671 versus
1031 1641 1211 1682 Rempub.‘
1249 1642 1300 1683 (id
1330 1646 1396 1680 est,
1426 1643 1588 1674 adversus

885 1689 1104 1730 Pompeium)
1127 1691 1250 1722 ‘verba
1266 1691 1418 1733 fecisset,
1443 1703 1478 1724 se
1498 1692 1591 1733 judi-

886 1739 976 1770 cium
998 1749 1039 1770 eo
1065 1741 1200 1772 nomine
1224 1741 1399 1773 daturum:
1429 1743 1593 1774 damnati-

886 1800 952 1831 que
975 1791 1065 1822 bona
1087 1792 1122 1822 in
1149 1792 1322 1832 publicum
1349 1793 1591 1825 addictorum!

887 1841 1014 1878 Quare,
1028 1841 1085 1882 qui
1102 1842 1306 1881 particulam
1328 1853 1396 1873 cero
1413 1844 1592 1884 inteljece-

886 1894 966 1921 runt
989 1895 1067 1921 ante
1092 1890 1196 1930 cerba,
1223 1892 1423 1923 stultissime
1448 1893 1522 1924 illos
1545 1893 1593 1924 fe-

886 1940 972 1971 cisse
1011 1946 1167 1981 apparet.
1231 1942 1277 1972 Et
1315 1942 1432 1973 similis
1466 1943 1591 1984 judicii

885 1987 1029 2021 formula
1050 1995 1147 2022 extat
1170 1991 1260 2032 apud
1283 1992 1416 2024 Livium
1440 1994 1462 2025 l.
1489 2002 1591 2026 xxw.

882 2041 890 2056 ‘
906 2041 1190 2081 Pronuntiarunt,
1211 2043 1316 2073 verba
1336 2043 1592 2085 orationemque

886 2101 943 2122 eos
972 2091 1132 2122 adversus
1164 2092 1287 2133 Remp.
1323 2093 1492 2133 habuisse,
1525 2104 1591 2135 quo

886 2142 1077 2182 conjuratio
1104 2143 1302 2174 deserendae
1332 2143 1446 2175 Italiae
1474 2154 1592 2176 caussa

885 2186 1011 2223 fieret.“
1051 2194 1157 2224 Totus
1174 2198 1286 2224 autem
1302 2194 1411 2235 locus,
1424 2195 1480 2236 qui
1497 2196 1591 2227 varie

887 2242 1109 2274 conturbatus
1126 2248 1190 2284 cst,
1205 2244 1255 2275 ita
1270 2245 1503 2277 restituendus
1519 2250 1590 2277 est:

889 2294 976 2328 Quas
993 2295 1111 2325 Coesari
1129 2306 1192 2326 esse
1214 2297 1330 2327 amicas
1354 2297 1497 2328 civitates
1509 2297 1593 2328 arbi-

886 2343 1042 2383 trabatur,
1058 2345 1098 2375 iis
1117 2346 1263 2384 graviora
1285 2344 1593 2388 onerainjungebat,

882 2394 1091 2435 proesidiaque
1107 2405 1140 2426 eo
1163 2396 1341 2436 deducebat,
1365 2400 1394 2428 et
1412 2398 1537 2435 judicia
1558 2398 1592 2429 in

882 2446 1023 2484 privatos
1039 2446 1197 2486 reddebat,
1221 2448 1273 2487 qui
1296 2448 1388 2479 verba
1410 2452 1501 2488 atque
1523 2458 1592 2479 ora-

886 2497 1000 2528 tionem
1023 2498 1168 2528 adt-ersus
1192 2498 1301 2538 Remp.
1327 2498 1515 2537 habuissent,
1542 2508 1588 2529 eo-

886 2557 1012 2587 rumque
1049 2547 1125 2578 bona
1162 2548 1194 2578 z‘n
1225 2548 1380 2588 publicam
1416 2548 1589 2579 addicebat.

885 2597 989 2638 (Haec
1020 2598 1220 2638 conjectura
1248 2598 1332 2628 mire
1362 2597 1516 2628 firmatur
1546 2606 1590 2627 ex

887 2656 938 2687 eo,
961 2647 1049 2688 quod
1069 2648 1216 2680 eundem
1233 2649 1412 2679 verborum
1436 2646 1589 2677 ordinem

887 2698 1047 2730 exhibeat
1062 2700 1129 2730 Ms.
1148 2699 1291 2731 Norvic.
1313 2699 1377 2728 nisi
1393 2697 1482 2737 quod
1499 2697 1532 2728 in
1549 2706 1590 2728 eo

888 2751 1066 2783 omittatur
1099 2745 1310 2792 proesidia'que
1347 2760 1380 2781 eo
1408 2749 1588 2782 deducebat.
