1850 3109
382 202 472 231 LlB.
506 201 578 230 111.
611 191 806 230 cAP.55.
838 201 901 230 nu
936 200 1090 230 BELLo
1122 203 1293 233 υινιω.

111 293 233 324 tunicis
263 292 402 324 donati.’
447 292 516 324 Per
547 292 611 323 alia
647 293 807 324 militaria

109 343 210 381 dona,
225 343 375 382 intellige
392 342 549 379 armillas,
564 342 676 373 hastas
692 352 806 382 puras,

109 398 179 431 aut,
205 402 280 433 qum
304 393 438 430 similia,
461 392 688 423 obsidionales
712 403 806 424 coro·

109 452 179 480 nas,
203 447 259 474 aut
283 447 430 483 torques.
472 443 605 473 Vossius.
638 444 748 474 Locus
771 443 805 474 in

109 494 191 525 Mss.
207 499 397 534 corruptus.
423 495 568 525 Codices
581 495 805 536 antiquissimi

107 543 246 582 habent,
262 543 436 583 frumento,
458 555 557 584 vespe,
582 546 702 585 ciariis,
725 546 806 576 mili·

105 592 281 632 laribusque
307 594 404 624 donis.
443 595 540 625 Unde
569 595 706 626 Vossius
731 596 805 627 feli-

105 643 235 674 cissima
258 645 453 684 conjectura
469 645 615 685 extudit,
634 646 805 687 frumento,

106 701 232 731 VESTE,
243 702 286 724 Εἰ·
300 703 390 725 Αιιις
400 696 588 727 militm-ibus
597 699 696 728 donis.
717 699 744 728 N
752 708 804 728 am

105 743 186 774 illud
200 754 268 783 que,
293 745 382 786 quod
401 746 475 776 voci
491 747 679 778 militaribus
695 747 804 778 adh-‹12-

102 794 211 833 sit‚ex
228 797 406 827 sententiae
426 797 681 836 perturbatione
694 803 805 829 ortum

104 853 169 875 nou
196 845 338 877 dubitat.
377 847 466 878 Mire
492 847 605 881 firmat
630 849 705 880 Viri
728 850 805 881 doc-

103 896 224 926 tissimi
240 898 480 938 conjecturam,
495 899 586 939 quod
607 899 639 929 iu
656 900 720 931 Ms.
738 900 805 932 Re-

103 946 158 986 gio
185 948 343 987 repperl;
381 958 503 989 nempe
531 950 683 980 voculam
713 950 805 981 illam

103 1007 157 1036 que
182 1003 258 1037 post
284 998 473 1029 militm-ibus
493 998 633 1037 abesse;
663 1000 804 1031 alteram

102 1052 216 1078 autem
233 1049 388 1079 voculam
410 1052 453 1087 et,
475 1059 572 1090 quam
600 1050 805 1090 interposuit

102 1096 164 1127 Vir
192 1097 416 1136 doctissimus,
452 1099 532 1129 item
567 1099 599 1129 in
630 1101 698 1130 Ms.
727 1106 806 1141 post

95 1146 291 1186 smmencove
306 1157 513 1188 comparere.
532 1149 639 1180 Clark.
656 1150 805 1180 Frumen-

101 1200 168 1228 tove
183 1201 213 1228 et
227 1199 397 1238 speciariis.
431 1199 486 1230 Sic
502 1200 640 1241 quidem
656 1201 804 1240 exhibui,

103 1253 241 1280 secutus
258 1249 433 1281 Editiones
447 1250 584 1291 primaS,
599 1251 681 1282 item
701 1251 804 1283 Basil.

102 1299 242 1331 Vascos.
267 1301 385 1341 Steph.
409 1301 583 1342 aliasque:
606 1311 680 1342 quoe
701 1302 804 1333 lectio

101 1350 274 1381 invenitur
298 1351 402 1381 etiam
427 1351 460 1381 in
493 1351 620 1381 Lovan.
647 1356 682 1382 et
709 1351 804 1383 Leid.

101 1409 168 1432 see.
199 1410 238 1431 ac
277 1401 468 1433 vindicatur
503 1412 522 1432 a
551 1402 626 1433 Jac.
653 1403 803 1434 Duruut.

103 1450 249 1482 Casellio
266 1452 289 1482 l.
312 1460 351 1482 11.
376 1452 509 1482 Variar.
527 1461 557 1482 c.
575 1455 624 1483 15.
648 1452 696 1483 Ut
710 1454 805 1492 speci-

100 1502 167 1532 aria
180 1503 259 1533 dona
269 1503 338 1534 sint
352 1503 514 1541 triticum,
525 1503 667 1542 lardum,
680 1504 803 1544 oleum,

103 1552 230 1592 vinum,
242 1555 307 1584 ἃς.
324 1563 399 1594 quae
415 1564 434 1584 a
445 1554 543 1585 JCtis
557 1554 672 1594 species
687 1555 803 1585 dicun-

101 1607 165 1633 tur.
216 1603 301 1634 Mihi
325 1608 552 1634 commentum
577 1613 643 1634 non
676 1604 802 1644 placet.

101 1652 223 1683 Potius
261 1652 349 1683 enim
398 1653 539 1684 dixisset
567 1653 802 1694 frumentoque.-

100 1702 184 1734 licet
209 1713 276 1734 non
304 1713 437 1743 negem,
460 1713 496 1734 ve
524 1704 701 1745 aliquando
725 1715 804 1735 con·

94 1752 250 1793 jungere,
265 1763 330 1784 non
347 1763 425 1784 vero
441 1753 645 1794 disjungere.
679 1755 804 1785 Turne-

103 1802 162 1833 bus
176 1802 321 1835 Advens
336 1813 452 1836 xxvn.
464 1807 515 1834 24.
527 1805 686 1835 emendat
701 1805 804 1843 Veste,

96 1855 286 1893 pecuniariis
314 1855 510 1886 militaribus.
551 1855 632 1886 Ant.
659 1855 803 1896 August.

92 1903 141 1940 fr.
159 1908 251 1944 reste,
260 1907 392 1946 pecunia
417 1906 545 1946 aliisque
563 1906 752 1937 militaribus
772 1907 803 1938 d.

102 1954 256 1986 Victorio
293 1956 484 1987 adsentitur
520 1956 730 1987 stewechius
761 1957 804 1987 ad

99 2005 225 2046 Veget.
252 2015 292 2037 ιι.
317 2009 349 2038 7.
385 2008 393 2023 ‘
411 2006 477 2039 Qui
501 2006 596 2037 binas
621 2016 805 2048 conseque-

100 2055 225 2087 bantur
241 2056 413 2087 annonas!
442 2057 562 2087 Vossio
579 2057 733 2097 proxime
750 2067 803 2088 ac-

101 2105 193 2137 cedit
215 2107 366 2138 Fae‘rnus
382 2106 430 2144 sr.
456 2110 548 2146 veste,
570 2107 617 2137 vel
637 2107 711 2138 aliis
725 2107 805 2137 mili-

99 2154 219 2186 taribus
238 2156 336 2187 donis.
376 2156 432 2186 De
453 2157 583 2196 pecunia
607 2161 642 2188 et
666 2160 748 2187 reste
770 2162 805 2188 et

99 2205 171 2236 aliis
196 2205 293 2236 donis
320 2205 396 2236 vide
422 2207 463 2236 ad
491 2206 642 2237 Frontin.
666 2215 715 2237 xv.
736 2209 767 2237 7.
791 2208 805 2246 §

100 2258 153 2287 36.
184 2256 299 2287 Etiam
323 2256 409 2287 Mss.
438 2256 503 2287 mei
526 2265 603 2287 cum
630 2257 718 2287 Edd.
742 2257 806 2288 Be—

100 2307 205 2338 roald.
236 2307 323 2338 Ven.
349 2309 415 2338 &c-
453 2307 580 2338 habent
609 2306 806 2344 srumentore

98 2356 258 2397 specim-iis
280 2356 526 2397 militaribusque
548 2358 578 2388 d.
615 2357 691 2388 Nisi
715 2356 805 2397 quod

101 2411 130 2438 ee
145 2417 191 2448 sp.
208 2408 252 2440 sit
276 2408 309 2439 in
333 2409 414 2439 Lov.
433 2417 472 2438 ac
488 2418 544 2448 que
566 2408 652 2439 absit
671 2418 691 2438 a
709 2408 803 2439 Voss.

101 2458 209 2490 Immo
225 2459 426 2499 conjectura
440 2462 522 2489 teste
534 2461 564 2489 et
573 2458 645 2489 aliis
658 2458 805 2490 mimari-

101 2508 253 2540 Imsdonis
264 2509 401 2550 egregie
415 2508 637 2539 confirmatur
654 2518 672 2538 a
686 2509 804 2539 codice

103 2560 198 2591 Leia.
215 2570 282 2592 sec.
299 2561 356 2601 qui
373 2561 432 2591 dat
446 2559 644 2598 frumentove
666 2563 697 2591 et
709 2560 805 2601 specs-

101 2610 174 2642 aliis
185 2611 371 2642 militaribus
385 2612 484 2643 donis.
517 2612 557 2642 In
573 2612 669 2642 Leid.
687 2622 738 2652 pr.
754 2616 805 2643 est

104 2660 310 2702 militibusque
339 2663 427 2693 donis
457 2662 666 2702 amplissimis.
714 2663 804 2694 Veste

106 2710 240 2750 placet:
284 2712 346 2742 sed
369 2712 507 2753 insuper
530 2712 666 2744 videtur
689 2714 803 2745 Caesar

104 2760 231 2800 «licere,
259 2770 296 2792 se
327 2761 515 2794 univeisam
544 2763 719 2794 cohortem
747 2764 804 2794 sti-

1446 197 1461 235 l
1471 198 1555 237 497

858 295 981 334 pendio
1014 294 1184 327 frumento
1221 302 1383 338 vesteque
1417 299 1558 340 duplici,

855 344 914 374 sed
933 346 1108 384 speciatim
1124 347 1252 388 aliquos
1273 357 1315 378 ex
1332 349 1473 380 cohorte
1490 351 1558 381 sin-

857 395 1029 432 gularibus
1060 396 1155 427 donis
1181 398 1383 428 militaribus
1405 399 1558 432 donasse.

858 445 931 476 Nec.
954 446 1113 478 videntur
1139 447 1269 478 librarii
1307 451 1478 487 vulgarem
1502 459 1561 481 voa

856 504 927 526 cem
944 496 1015 526 aliis
1031 501 1097 526 tam
1114 497 1197 527 mire
1213 499 1405 538 corrupturi
1419 498 1536 531 fuisse.
1558 521 1560 524 v

899 553 969 576 L1v.
997 549 1017 575 4
1054 547 1194 578 Alteram
1222 551 1339 579 noctem
1365 549 1561 581 subnubilam

855 594 978 634 nactus]
1019 595 1078 626 Ait
1110 597 1308 628 Ciacconius
1336 603 1370 629 et
1398 599 1555 631 Fulvius:

855 647 864 662 ‘
877 645 928 675 vel
942 645 1025 676 illud
1042 646 1171 676 alteram
1184 648 1345 687 abundat,
1359 650 1410 680 vel
1428 650 1557 691 aliquid

856 695 966 734 deest,
985 696 1074 736 quod
1099 697 1141 727 de
1165 698 1327 738 Pompeio
1351 699 1478 731 dictum
1501 701 1557 741 sit,

856 745 913 786 qui
928 746 1108 777 subnubila
1122 753 1223 779 nocte
1238 754 1297 779 aut
1313 755 1424 780 casti-a
1439 751 1558 781 movis-

855 801 920 833 set,
950 801 1008 827 aut
1032 796 1075 826 ad
1104 798 1307 829 munitiones
1333 800 1558 832 accessisset!

856 848 1011 879 Falsum:
1061 858 1124 880 nec
1161 849 1321 889 abundat,
1358 861 1421 882 nec
1459 852 1557 883 deest

855 898 1050 939 quidquam.
1106 900 1228 930 Statim
1266 901 1354 931 enim
1394 902 1559 941 praemisit

856 950 970 980 Coesar
985 959 992 979 :
1017 950 1026 966 ‘
1042 950 1222 990 Pompeius
1239 956 1340 982 noctu
1357 952 1488 992 magnis
1503 952 1562 983 ad·

855 998 932 1029 ditis
948 999 1212 1030 munitionibus!
1242 1001 1375 1032 Vossius.

897 1052 915 1078 5
949 1049 1131 1080 Exstructis
1152 1060 1180 1080 0.
1204 1053 1374 1081 castrorum
1392 1053 1504 1091 portis,
1528 1057 1558 1084 et

854 1100 892 1129 ad
904 1100 1129 1138 impediendum
1145 1099 1283 1140 objectis]
1317 1101 1449 1133 Deesse
1465 1103 1559 1134 vide-

855 1155 910 1180 tur
925 1151 1062 1181 cratibus
1077 1157 1136 1181 aut
1150 1152 1276 1192 aliquid
1293 1153 1401 1183 simile
1415 1164 1422 1184 :
1447 1158 1476 1185 et
1492 1164 1560 1184 cru-

854 1199 937 1231 tibus
947 1202 986 1231 ad
998 1201 1224 1241 impediendum
1235 1202 1374 1242 obJ'ectis,
1382 1205 1433 1242 ᾅτ-
1450 1205 1558 1236 Clark.

856 1250 934 1281 Non
950 1252 1056 1291 magis
1068 1260 1132 1291 ego
1145 1252 1256 1292 capio,
1269 1253 1351 1294 quid
1364 1254 1408 1285 sit
1422 1259 1561 1286 exstruc-

856 1300 898 1330 tis
910 1301 1022 1340 portis.
1058 1302 1219 1333 Ciaccon.
1237 1304 1375 1343 conjicit
1395 1304 1561 1337 obstructis

855 1360 882 1380 ο.
905 1361 931 1380 c.
947 1352 1046 1390 portis
1059 1354 1091 1381 et
1105 1350 1204 1388 fossis
1223 1353 1263 1382 ad
1285 1353 1357 1392 imp.
1375 1354 1498 1392 objectis
1514 1365 1557 1386 ex

856 1400 895 1430 B.
909 1400 998 1431 Gall.
1015 1409 1048 1430 v.
1061 1404 1114 1431 51.
1138 1404 1147 1418 ‘
1162 1401 1344 1433 obstructis
1361 1404 1393 1434 in
1408 1406 1557 1445 speciem

855 1449 985 1490 portis?
1001 1460 1040 1480 ac
1064 1451 1106 1481 B.
1124 1451 1197 1482 Civ.
1223 1461 1247 1482 1.
1269 1455 1320 1484 27.
1344 1456 1353 1470 ⁶
1371 1460 1485 1494 portas
1503 1456 1561 1487 ob-

856 1500 975 1538 struit,
1009 1499 1114 1531 fossas
1145 1506 1355 1534 transversas
1387 1505 1448 1536 viis
1474 1516 1559 1547 prae-

855 1550 974 1582 ducit.’
1015 1551 1192 1582 Obstructis
1207 1553 1310 1585 etiam
1333 1556 1478 1597 margini
1502 1558 1558 1589 ad-

854 1601 1060 1641 scripserant
1076 1602 1208 1642 Lipsius
1230 1608 1265 1634 et
1286 1605 1441 1638 Perizon.
1457 1607 1559 1639 immo

854 1651 1036 1682 ediderunt
1067 1652 1139 1692 jam
1174 1654 1224 1684 ita
1262 1655 1401 1686 Vascos.
1439 1657 1557 1698 Steph.

855 1701 989 1739 Suada,
1005 1703 1138 1743 Gryph.
1151 1708 1240 1743 post.
1257 1710 1293 1735 et
1306 1705 1432 1746 liquido
1446 1708 1563 1739 inveni—

854 1751 888 1780 in
902 1751 1028 1791 Scalig.
1044 1761 1083 1782 ac
1099 1753 1256 1784 Leideusi
1274 1755 1381 1795 primo
1403 1756 1411 1771 ‘
1429 1762 1559 1797 portas-

857 1811 921 1841 que
948 1801 1089 1832 obstrui'
1114 1811 1146 1833 v.
1168 1806 1222 1834 50.
1251 1809 1286 1835 et
1315 1806 1437 1845 passim
1468 1809 1558 1848 apud

855 1852 949 1882 alios.
986 1852 1039 1884 Ill.
1071 1853 1189 1884 Heius.
1218 1855 1383 1887 excidisse
1413 1858 1560 1897 putabat

855 1905 955 1942 terra,
977 1908 1016 1933 ut
1034 1902 1139 1934 fuerit
1161 1906 1329 1936 exstructis
1347 1907 1449 1946 portis
1459 1914 1495 1938 et
1510 1908 1561 1939 ob-

855 1952 948 1983 tectis
963 1956 1058 1984 tem-a.
1087 1953 1211 1984 Verum
1227 1964 1294 1985 non
1319 1956 1434 1996 potuit
1458 1957 1558 1988 Pom—

856 2003 951 2043 peius
966 2009 1038 2034 tum
1054 2003 1188 2035 demum
1205 2006 1412 2037 exstruxisse
1429 2012 1559 2047 portas.

859 2053 936 2084 Non
961 2054 1051 2084 euim
1071 2054 1190 2085 habuit
1213 2060 1326 2087 castra
1345 2056 1416 2087 sine
1439 2058 1558 2097 portis.

856 2104 932 2135 Nec
963 2105 1099 2136 videtur
1128 2110 1209 2136 tunc
1239 2116 1295 2137 eas
1326 2107 1557 2140 obstruxisse:

856 2154 944 2185 uude
956 2155 1044 2185 enini
1059 2161 1139 2187 tunc
1151 2165 1308 2196 egressus
1321 2162 1374 2189 est
1391 2163 1426 2189 et
1440 2159 1559 2190 eduxit

855 2205 1059 2236 exercitum?
1079 2206 1179 2237 Forte
1192 2207 1408 2239 scribendum
1420 2210 1558 2242 destruc-

856 2255 899 2285 tis
919 2255 1030 2295 portis,
1052 2259 1083 2286 et
1113 2258 1153 2287 ud
1179 2257 1397 2298 inpediendum
1423 2259 1558 2300 objectis,

856 2314 955 2335 sensu
969 2305 1172 2337 clarissimo:
1199 2312 1233 2338 et
1246 2317 1311 2338 non
1328 2315 1504 2349 comparet
1526 2310 1560 2341 iu

856 2355 968 2396 Bong.
985 2355 1082 2386 Voss.
1096 2365 1159 2387 nec
1173 2356 1260 2387 Edd.
1276 2357 1404 2397 primis.

898 2413 954 2436 ιν,
980 2408 998 2435 2
1026 2406 1072 2435 Et
1100 2405 1139 2440 Q.
1167 2405 1331 2448 Sabinum]
1366 2408 1444 2439 Nou
1471 2410 1560 2440 mala

856 2455 994 2486 videtur
1019 2456 1191 2487 Ciaccouii
1213 2457 1413 2497 conjectura
1426 2459 1482 2499 qui
1509 2469 1562 2490 re—

855 2505 976 2537 scribit
987 2509 1016 2536 et
1033 2506 1069 2537 C.
1098 2506 1186 2547 (scil.
1200 2507 1393 2547 Calvisium)
1411 2509 1561 2540 Sabinum

848 2555 921 2595 jam
949 2565 1049 2596 supra
1083 2563 1319 2589 memoratum.
1359 2560 1467 2590 Clark.
1511 2560 1561 2591 At

855 2606 973 2637 melior
989 2612 1041 2638 est
1054 2607 1258 2648 Glandorpii
1268 2610 1463 2649 conjectura
1474 2610 1560 2650 eique

856 2657 926 2687 Sab.
961 2667 1060 2698 quam
1090 2662 1126 2688 et
1155 2667 1223 2689 01·ae
1253 2657 1332 2689 libri
1357 2658 1407 2688 sui
1430 2658 1559 2691 adlevit

855 2707 997 2747 Lipsius.
1031 2708 1126 2738 Caius
1138 2707 1180 2738 ab
1196 2707 1352 2747 Appiano
1367 2713 1509 2739 vocatur
1522 2716 1559 2741 et

854 2766 873 2787 a
889 2762 1005 2789 nostro
1025 2757 1123 2797 liujus
1139 2756 1217 2787 libri
1231 2766 1260 2787 c.
1277 2759 1328 2789 34.
1371 2758 1558 2792 Numerum
