1850 3109
259 158 280 196 1
288 155 371 197 438

257 261 319 292 ciae
354 261 548 301 Senatores,
586 265 628 297 ad
669 266 955 306 jurisdictionem.

264 310 397 342 Vossius.
444 313 494 344 Ex
508 314 549 351 si,
565 315 655 355 quod
672 316 775 346 ctiam
800 317 832 346 in
859 317 954 348 Leia.

257 369 307 400 pr.
334 361 460 393 Lovan.
506 364 666 395 Vossiano
694 375 731 395 ac
760 366 883 405 Scalig.
908 367 956 397 iu-

257 411 405 451 venitur,
431 412 513 444 fecit
529 414 601 454 jam
625 414 749 444 dudum
778 416 804 444 is
832 416 956 446 Grute-

258 471 332 493 rus:
369 463 459 503 qnod
491 465 608 494 merito
638 464 760 504 probat
791 465 955 496 (Tiarkius.

258 512 414 553 Cujacius
431 513 631 544 emendabat
647 514 684 552 ii,
699 515 751 554 qui
767 518 953 546 constarent.

256 563 406 594 Verbum
423 574 503 594 sane
520 564 552 594 in
571 565 690 604 plurali
707 570 757 596 est
774 565 807 596 in
826 565 954 597 Lovan.

258 613 344 645 Edd.
362 615 458 646 Vasc.
482 615 549 646 Str.
574 615 693 655 steph.
711 616 842 656 Gryph.
866 622 953 656 post.

259 664 337 694 Non
366 669 477 695 autem
494 666 632 696 Vossius
658 667 805 697 inserere
830 666 955 699 debue-

257 719 307 744 rat
324 717 423 752 eram,
447 716 535 756 quod
560 725 626 747 non
653 721 703 747 est
728 717 789 746 nisi
818 717 849 747 in
867 717 952 748 Mss.

257 765 500 795 recentioribus
518 766 627 796 l'alat.
651 767 756 805 Boug.
774 767 867 798 Leid.
887 777 954 799 sec.

258 813 404 844 Dorvill.
430 816 563 846 Cari-ar.
592 821 624 846 et
648 817 734 847 Edd.
762 818 895 857 primis3
921 819 953 849 in

257 864 377 904 quibus
395 865 547 895 omnibus
564 866 651 905 legas
671 867 847 897 amicissimi
866 871 954 898 eraut

256 923 323 944 cum
349 915 442 944 ctiam
470 925 509 944 ι.ι·
533 925 561 945 r.
609 916 757 946 Verbum
774 917 954 948 substanti-

257 973 346 999 vum,
384 969 421 994 ut
455 965 639 1004 saepissime
676 966 764 1006 apud
802 971 954 997 nostrum

255 1013 360 1052 (Vide
385 1023 413 1044 c.
437 1014 503 1053 29.)
529 1014 794 1055 subintelligitur
820 1016 954 1056 elegan-

256 1062 334 1093 tius.

297 1116 318 1143 ὓ
341 1113 451 1144 Palam
469 1114 679 1155 loquebantur]
725 1115 766 1146 In
782 1127 813 1147 v.
831 1126 861 1147 c.
879 1126 954 1148 nos-

256 1167 323 1201 tro,
354 1164 430 1194 Pet.
453 1169 489 1196 et
512 1166 583 1196 Pal.
600 1171 649 1196 cst
672 1176 773 1196 omnes
792 1167 825 1197 in
839 1168 954 1207 palam.

257 1214 360 1253 Lego,
375 1215 552 1252 omnesjam
567 1217 679 1256 palam.
713 1217 797 1248 Voss.
844 1218 953 1249 Codd.

256 1263 354 1294 Voss.
384 1264 462 1295 Pet.
486 1264 598 1296 Palnt.
625 1271 660 1297 et
692 1267 799 1298 Now.
827 1267 954 1300 habent

255 1313 400 1352 inpalam,
418 1313 505 1344 unde
521 1314 664 1354 Dionys.
682 1316 819 1347 Vossius
835 1318 954 1348 rescri-

255 1363 305 1393 bit
323 1363 393 1401 jam
415 1364 528 1403 palam.
574 1363 619 1395 At
635 1365 767 1396 illorum
784 1366 953 1398 Mstorunr

255 1413 432 1444 lectionem
449 1413 528 1445 ferri
545 1424 645 1454 posse
661 1416 816 1448 arbitror.
854 1418 953 1449 Glos-

253 1465 376 1494 sarium
395 1464 527 1505 Isidori,
546 1466 698 1506 lnpalam,
713 1471 827 1507 aperte.
858 1469 952 1499 Hila-

256 1514 323 1545 rius
354 1514 514 1546 adversus
543 1516 777 1548 Constantium
815 1529 848 1558 p.
880 1522 951 1550 199.

255 1567 262 1581 ‘
279 1564 510 1604 Pugnaremus
535 1567 623 1598 enini
648 1568 792 1608 inpalam
819 1574 854 1600 ct
877 1580 951 1600 cuin

254 1613 379 1645 fiducia
403 1620 519 1646 contra
540 1618 728 1657 negantes?
776 1620 851 1650 Non
876 1630 951 1651 raro

254 1673 334 1694 sanc
352 1675 370 1694 a
394 1666 566 1697 veteribus
592 1669 847 1708 pra-positiones
864 1670 953 1701 inter

253 1724 289 1745 se
306 1721 562 1754 componuntnr.
593 1718 708 1748 Caesar
725 1718 862 1758 hujusce
878 1719 953 1750 libri

254 1775 283 1795 c.
297 1767 329 1795 9.
352 1767 361 1782 ⁴
373 1765 472 1796 Hanc
488 1766 626 1807 insuper
642 1768 953 1808 contignationem!

254 1815 340 1847 Vide
368 1821 403 1847 et
429 1817 472 1847 G.
490 1816 522 1848 J.
542 1817 697 1848 Vossium
723 1818 765 1849 (le
786 1818 882 1850 Anal.
902 1829 950 1850 lv.

254 1870 307 1899 23.
331 1868 441 1898 Daris.
470 1869 613 1900 Codices
630 1871 791 1909 nonnulli,
807 1872 951 1912 inpalam.

255 1917 352 1949 Quod
372 1918 492 1958 probat
518 1919 688 1958 Davisius,
713 1926 855 1961 propter
875 1931 952 1953 ana-

253 1968 375 2007 logiam
390 1968 444 1997 τοῦ
460 1967 598 2008 insuper,
615 1972 650 1999 et
674 1979 716 1999 ex
733 1969 951 2004 Auctoritate

254 2018 494 2049 Recentiorum
539 2019 757 2059 quorumdam
800 2021 951 2062 Scripto-

253 2076 336 2099 rum.
379 2067 446 2099 Sed
474 2077 538 2098 vox
562 2068 626 2099 ista
650 2079 863 2111 nequaquam
881 2073 952 2103 Cae-

252 2128 360 2149 sarem
390 2119 489 2158 sapit.
556 2120 726 2151 Quocirca
761 2121 808 2152 D.
839 2122 950 2153 Vossii

252 2169 458 2209 conjectura?
475 2170 650 2208 assentior,
670 2171 726 2212 qui
743 2172 951 2212 scribit‚jam

248 2219 364 2258 palam.
391 2220 498 2250 Clark.
552 2221 630 2251 Non
655 2222 760 2252 ansiin
787 2233 849 2261 ego
877 2233 950 2263 pro-

252 2268 401 2299 scribere
425 2269 558 2309 inpalam
577 2275 744 2311 tamquam
763 2273 870 2303 minus
887 2274 948 2304 La-

253 2317 373 2355 tinum,
389 2321 576 2358 praeseriim
594 2331 669 2351 cuni
694 2323 787 2360 plura
804 2322 949 2363 singula-

250 2367 301 2397 ria
335 2368 457 2398 habeat
494 2371 619 2400 Cavsar.
685 2371 949 2411 Aristipulantur

252 2418 354 2447 etiam
372 2419 451 2449 MS„
471 2420 564 2450 Leia.
585 2431 633 2459 pr.
657 2422 782 2452 Lovan.
805 2423 946 2453 Dorvill.

251 2466 374 2505 Scalig.
421 2469 474 2498 Sic
502 2479 566 2499 non
593 2480 666 2500 raro
689 2473 836 2502 occurrit
859 2473 948 2511 inibi,

251 2517 398 2555 incoram,
417 2519 549 2550 insimul.
595 2522 655 2551 1⁴:⁵1
677 2523 725 2551 sir
741 2522 874 2560 doetus,
891 2524 945 2563 qui

251 2569 396 2608 conjecit
413 2580 513 2599 ‹nnms
527 2572 616 2605 clam,
630 2573 731 2610 palam
745 2573 765 2601 l.

295 2626 436 2649 xxxvn.
461 2621 478 2649 7
513 2620 619 2657 Longe
649 2621 685 2650 ab
714 2622 804 2652 (ftica
831 2623 946 2662 abesse]

250 2668 325 2699 Vox
350 2669 438 2707 longe
466 2669 541 2700 Pet.
568 2671 747 2701 Ciacconio
775 2673 946 2703 abundare

250 2718 399 2757 videtur,
416 2719 512 2758 cujus
530 2720 695 2760 judiciuin
721 2728 857 2753 secutus
872 2724 945 2755 Jos.

248 2768 412 2811 Scaliger,
436 2779 522 2810 eain,
543 2775 663 2811 utpote
684 2771 874 2814 delendam,
890 2783 945 2804 un-

719 172 860 205 NOTAE
893 173 1109 206 VARIORU
1122 176 1153 206 M
1188 176 1238 207 IN

1008 267 1094 298 cinis
1121 269 1241 300 cinxit.
1294 269 1437 302 Codices
1467 273 1580 302 antem
1605 272 1712 312 perti-

1007 319 1138 351 naciter
1165 321 1330 351 retinent:
1367 331 1406 352 ac
1435 326 1527 352 recte
1559 321 1709 362 quidem.

1009 366 1142 399 Hirtius
1172 370 1259 400 Belli
1287 370 1387 401 Alex.
1418 381 1447 401 c.
1477 374 1529 402 36.
1562 371 1711 404 ‘Castra

1007 418 1119 456 posuit
1141 419 1229 457 longe
1244 430 1262 449 a
1280 419 1424 460 Nicopoli
1447 421 1585 451 circiter
1601 421 1712 454 millia.

1008 475 1163 505 passuum
1180 472 1257 500 vu.’
1301 471 1345 500 Et
1363 471 1420 501 lib.
1438 471 1479 501 de
1497 472 1583 503 Bell.
1601 470 1711 504 Afric.

1007 525 1038 546 c.
1062 519 1114 547 67.
1136 517 1146 535 ‘
1159 518 1208 548 Ab
1223 519 1286 557 <jus
1301 521 1413 550 castris
1428 521 1534 552 millia
1551 531 1709 561 passuum

1007 573 1042 594 vi
1059 566 1158 605 longe,
1186 567 1282 597 trinis
1300 569 1419 599 eastris
1446 569 1635 610 dispartitis
1654 581 1710 603 co-

1006 615 1072 655 piis
1099 616 1278 646 consedit.’
1322 619 1411 649 Vide
1435 624 1469 651 et
1497 630 1571 661 cap.
1594 624 1647 653 68.
1671 626 1708 654 et

1005 667 1058 695 77.
1080 666 1191 698 Daris.
1237 667 1322 697 Vide
1341 668 1382 698 ad
1401 669 1439 699 B.
1453 669 1497 700 G.
1516 680 1548 702 V.
1562 674 1615 703 47.
1639 672 1648 689 ‘
1663 681 1707 704 ιιι

1004 716 1097 746 milia
1118 716 1217 757 longe
1235 727 1254 747 a
1270 719 1390 748 castris
1406 720 1622 752 consedisse?

1050 768 1088 795 10
1114 767 1316 806 Reliquusque
1337 768 1493 808 equitatus
1514 770 1709 813 mitteretur]

1006 814 1046 844 In
1072 816 1177 855 Bong.
1205 822 1259 848 est
1285 819 1456 858 mitterent,
1474 825 1509 851 at
1537 821 1570 852 in
1595 821 1708 854 Palm.

1005 865 1100 895 Leid.
1120 876 1187 897 sec.
1203 873 1238 898 ct
1255 868 1360 900 Dorv.
1378 870 1585 902 mitterentur.
1610 872 1710 906 Leia.

1004 924 1083 945 vero
1116 917 1242 956 primus
1273 918 1332 949 dat
1359 920 1526 960 reliquique
1553 922 1708 961 equitatus

1003 966 1213 997 mitterentur.
1261 968 1410 1001 Omnino
1427 969 1526 1002 bene.
1563 972 1631 1004 Adi
1647 982 1705 1004 uo-

1005 1019 1077 1045 tata
1093 1015 1134 1045 ad
1152 1016 1192 1047 B.
1209 1016 1253 1048 G.
1273 1027 1320 1048 vr.
1334 1022 1366 1049 (ἰ.

1048 1080 1210 1104 xxxviii.
1226 1077 1244 1104 4
1270 1074 1436 1116 Sabat-am]
1460 1077 1498 1108 In
1518 1077 1708 1111 Petaviano

1005 1131 1044 1151 ac
1083 1123 1246 1164 Bongars.
1280 1126 1412 1156 assidue
1445 1132 1495 1159 est
1525 1127 1708 1162 Saburram.

1004 1171 1115 1202 Etiam
1135 1173 1168 1203 in
1185 1173 1344 1214 Appiano
1368 1177 1408 1206 B.
1425 1178 1463 1208 C.
1482 1179 1503 1210 l.
1521 1188 1559 1211 n.
1584 1190 1615 1220 p.
1631 1183 1708 1212 455.

1003 1221 1173 1261 Σαβούρῤα.
1240 1226 1355 1257 Quare
1393 1227 1533 1259 licentia
1570 1229 1706 1269 poctica

1004 1272 1182 1311 scripserit
1198 1273 1354 1305 Lucanus
1372 1285 1419 1306 lv.
1443 1279 1516 1308 722.
1551 1279 1560 1295 ‘
1573 1279 1622 1310 Ut
1638 1279 1702 1311 sibi

1004 1322 1171 1352 commissi
1207 1323 1382 1356 simulator
1416 1326 1571 1358 Sabbura
1597 1328 1705 1361 belli!

1006 1372 1082 1401 Non
1100 1372 1256 1404 arbitror.
1304 1374 1344 1405 Id
1362 1376 1431 1407 scio
1447 1377 1548 1408 talem
1564 1377 1706 1411 formam

1004 1425 1118 1462 7731&
1135 1432 1200 1453 non
1217 1423 1399 1455 admittere
1421 1426 1548 1466 duplex
1567 1428 1619 1467 R;
1644 1429 1706 1460 ita·

1005 1483 1069 1513 que
1088 1475 1192 1515 inagis
1209 1485 1226 1506 e
1254 1484 1417 1518 corrupta
1441 1480 1611 1512 locutione
1637 1482 1706 1514 Ro-

1004 1534 1176 1557 manorum
1209 1528 1352 1560 alterum
1384 1531 1411 1561 R
1444 1536 1507 1571 cst,
1538 1537 1573 1563 et
1610 1539 1707 1565 recta

1006 1575 1132 1605 Lucani
1171 1577 1340 1617 scriptura
1361 1590 1368 1609 ε
1416 1581 1516 1611 etiam
1563 1582 1706 1614 Caesaris

1005 1625 1153 1663 vulgata.
1180 1627 1265 1658 l'oss.
1311 1627 1479 1660 Saburram
1493 1631 1574 1662 Mss.
1591 1641 1706 1664 omnes

1004 1674 1057 1704 hic
1075 1679 1110 1705 ct
1128 1675 1229 1714 infra,
1245 1682 1279 1707 et
1304 1678 1343 1708 B.
1362 1678 1468 1710 Afric.
1492 1690 1521 1711 c.
1539 1684 1591 1712 48.
1636 1682 1704 1714 Sed

1004 1724 1081 1755 vide
1100 1726 1141 1756 ad
1159 1726 1283 1757 Lucani
1302 1728 1424 1759 locuni.

1050 1778 1090 1806 12
1114 1775 1175 1806 Sed
1189 1777 1260 1808 Rex
1275 1778 1413 1809 omnibns
1427 1780 1523 1820 copiis
1536 1781 1706 1822 insequeba-

1004 1825 1071 1864 tur]
1126 1827 1214 1866 Lege
1246 1830 1308 1858 sea.
1359 1829 1430 1859 Rea·
1460 1840 1534 1861 cum
1566 1832 1705 1864 omnibus

1002 1874 1112 1914 copiis,
1125 1875 1178 1913 ᾂϊ.
1224 1876 1278 1906 Sic
1295 1882 1389 1907 certe
1411 1878 1475 1909 Ms.
1505 1880 1642 1912 Non-vic.
1668 1888 1705 1913 et

1002 1923 1051 1954 sic
1075 1924 1275 1961 Beroaldus,
1301 1926 1472 1967 Grypliius
1497 1934 1532 1960 et
1559 1929 1704 1963 Ursinus

1003 1973 1197 2005 ediderunt.
1230 1976 1339 2006 Dacis.
1372 1987 1443 2008 cur.
1474 1989 1541 2010 sec.
1596 1979 1703 2013 Acce-

1003 2023 1088 2054 dunt
1126 2025 1222 2055 Leia.
1256 2036 1323 2056 sec.
1355 2028 1451 2058 Voss.
1486 2028 1633 2061 Dorvill.
1667 2035 1703 2062 et

1003 2074 1123 2115 reliqui
1141 2074 1252 2106 forsan
1270 2082 1394 2116 praeter
1407 2077 1529 2118 Scalig.
1547 2088 1585 2110 ac
1604 2079 1700 2111 Leid.

1002 2125 1158 2164 primum,
1185 2126 1233 2155 uti
1262 2131 1296 2156 ct
1324 2127 1500 2158 Editiones
1529 2129 1703 2169 Romanae,

1002 2173 1087 2204 Vcn.
1105 2173 1199 2204 Mea.
1217 2176 1315 2205 Vasc.
1339 2177 1456 2215 Stepb.
1483 2181 1518 2208 et
1542 2179 1637 2210 aliae:
1664 2184 1703 2212 ut

1001 2223 1015 2262 ς
1033 2226 1060 2254 l.
1085 2223 1181 2264 liujus
1198 2226 1282 2265 Cap.
1300 2231 1334 2256 et
1355 2236 1426 2268 seq.
1441 2237 1480 2258 ac.
1497 2229 1700 2268 saepissime:

1002 2274 1061 2304 sed
1085 2280 1121 2305 ct
1145 2284 1236 2315 sa'pe.
1261 2275 1389 2307 omittit
1418 2279 1699 2316 praepositionem.

1001 2323 1068 2354 Adi
1086 2329 1202 2355 notata
1218 2325 1259 2355 ad
1280 2326 1320 2356 B.
1338 2326 1381 2356 G.
1395 2335 1435 2356 ιι.
1452 2329 1482 2356 7.
1508 2328 1699 2360 ‘Omnibus

1001 2375 1106 2414 copiis
1135 2375 1176 2405 ad
1201 2381 1313 2405 castra
1339 2376 1587 2409 contenderunt
1601 2378 1620 2416 3'
1643 2378 1699 2413 ubi

1000 2425 1083 2454 inire
1098 2425 1229 2455 variant
1248 2426 1350 2456 docti.

1044 2483 1175 2505 xxxix.
1196 2479 1235 2506 16
1260 2477 1353 2516 Capti
1375 2478 1509 2509 homines
1524 2481 1698 2522 equitesque

997 2525 1252 2566 producebantur]
1285 2528 1359 2557 Pet.
1378 2528 1576 2560 Cim-conius
1593 2535 1627 2562 et
1639 2532 1696 2563 Fr.

1000 2575 1234 2605 lloioniaunus
1263 2587 1303 2607 ex
1331 2579 1528 2617 conjectura
1555 2590 1696 2621 repone·

1001 2625 1080 2655 bant
1108 2627 1189 2665 capti
1216 2627 1352 2658 homines
1378 2630 1522 2668 equique‚·
1546 2632 1605 2662 sed
1630 2632 1694 2664 hoe

997 2684 1038 2704 ex
1056 2684 1095 2704 eo
1111 2676 1237 2712 evcnit,
1253 2677 1344 2716 quod
1366 2677 1501 2708 homines
1516 2679 1557 2710 de
1575 2681 1696 2720 pediti-

997 2724 1057 2754 bus
1080 2724 1147 2755 κατ’
1164 2725 1275 2763 ἐξοχὴν
1301 2727 1368 2757 dici
1394 2736 1459 2758 non
1483 2729 1694 2762 animadver-

998 2780 1120 2807 terent.
1178 2777 1293 2808 Livius
1324 2786 1405 2810 xxi.
1435 2781 1487 2816 27.
1526 2780 1693 2816 ‘Omnem
