1850 3109
241 147 353 189 1800
667 158 703 188 J.
737 157 877 188 CELSI
911 157 1263 187 COMMENTARH

241 255 470 305 stupefactis
504 262 678 306 aspectu,
719 256 908 306 ingentem
929 257 1004 294 vim
1037 257 1217 294 frumenti
1251 270 1295 294 ac
1317 256 1465 307 pecoris
1491 256 1566 293 late
1585 255 1697 293 effusi

241 320 419 369 adeptus,
452 327 606 369 egentes
627 333 753 357 rerum
774 320 943 357 omnium
965 320 1145 369 legiones,
1175 320 1344 369 dispersa
1370 320 1468 357 inter
1486 333 1550 356 eos
1573 332 1696 357 rerum

240 385 355 434 copia
370 384 564 421 recreavit.
602 385 703 420 Dum
722 384 804 420 haec
821 384 869 419 ab
884 383 1110 432 imperatore
1126 390 1202 420 tam
1222 384 1391 421 celeriter
1407 396 1521 432 quam
1538 382 1700 421 feliciter

241 454 460 497 gererentur
480 448 624 492 legatus
644 446 700 482 vir
720 446 949 482 fortissimus
969 447 1156 483 Labienus
1175 447 1209 482 in
1232 447 1551 496 perplexitatibus
1570 447 1698 483 multis

240 518 346 554 erat;
383 510 580 559 profectus
604 522 738 558 nempe
759 522 846 545 cum
869 515 1036 558 quatuor
1069 509 1280 559 legionibus
1318 510 1503 546 Lutetiam
1540 510 1699 546 Parisio-

242 587 325 612 rum
348 587 433 621 qute
456 573 491 608 in
514 571 634 609 insula
652 572 808 608 Sec-anae
829 572 899 609 >ita
920 579 1012 616 erat,
1036 572 1100 609 ubi
1127 586 1229 609 nunc
1250 580 1307 609 est
1321 573 1436 610 totius
1459 573 1699 622 transalpinae

243 637 383 675 Gattiae
416 636 595 672 famosior
630 636 761 672 civitas
784 636 943 673 fundata
979 637 1155 681 Parisius‘,
1195 650 1332 685 magna
1366 637 1416 673 ibi
1452 639 1481 659 ⁷⁵
1496 637 1701 674 multitudo

245 701 412 739 hostium
449 706 648 749 exceptus,
685 706 723 737 et
754 700 1020 750 nequidquam
1055 707 1200 738 tentato
1221 701 1379 738 transitu
1400 701 1574 749 repulsus
1593 706 1699 737 erat:

245 765 310 802 sed
346 770 533 801 nocturno
565 764 654 800 inde
689 764 839 801 silentio
873 764 1062 813 digressus
1100 765 1352 801 Melodunum
1389 765 1506 809 venit,
1541 764 1700 813 opidum

243 835 336 866 tnnc
373 829 593 865 Senonum:
623 834 661 864 et
695 828 856 865 navibus
890 828 1052 865 inventis
1086 828 1121 864 in
1156 827 1323 871 flumine,
1357 828 1623 875 introgressus,
1654 840 1699 864 ac

245 905 342 942 pene
364 904 528 928 vacuum
552 898 689 927 nactus
711 891 863 935 locum;
897 892 1001 940 quod
1026 904 1114 940 pars
1137 891 1299 927 maxima
1330 891 1550 928 accolarum
1587 891 1701 927 Lute-

242 956 333 992 tiam
350 955 396 992 ad
423 955 565 990 bellum
593 955 705 1002 jussa
734 961 962 1003 perrexerat,
998 955 1076 992 siue
1107 954 1414 991 contradictione
1448 959 1515 991 aut
1548 954 1626 991 ulla
1647 967 1703 991 re-

243 1018 452 1069 pugnantia
488 1030 574 1053 cum
597 1017 711 1066 cepit.
770 1018 863 1053 Inde
898 1031 1014 1067 snper
1044 1031 1195 1055 amnem
1228 1018 1373 1056 refecto
1407 1025 1535 1068 ponte,
1569 1019 1701 1068 copias

243 1081 436 1126 transfert,
469 1087 585 1129 atque
609 1081 679 1117 illis
701 1087 876 1118 terrestre
897 1082 966 1118 iter
996 1082 1209 1131 agentibus,
1246 1082 1325 1130 ipse
1347 1081 1514 1118 secundo
1537 1080 1701 1118 fluminis

243 1146 354 1183 alveo
376 1144 567 1182 Lutetiam
600 1145 758 1193 repetit:
791 1158 868 1194 quo
898 1145 1133 1193 praecognito
1172 1145 1300 1181 hostes
1333 1144 1493 1193 opidum
1527 1144 1704 1181 incende-

244 1216 343 1254 runt,
379 1215 590 1259 pontesque
621 1208 740 1257 opidi,
776 1222 940 1258 quorum
972 1209 1065 1246 alter
1098 1208 1292 1245 dexteram
1329 1209 1451 1257 ripam
1488 1207 1704 1245 circumflui

244 1274 364 1310 amnis
385 1271 550 1309 ⁷⁶levem
571 1272 663 1308 alter
682 1271 894 1320 attingebat
929 1272 1179 1308 resciderunt.
1211 1271 1322 1321 [149]
1347 1271 1403 1307 lbi
1427 1284 1513 1308 vero
1534 1284 1608 1308 non
1631 1272 1705 1309 Pa-

244 1336 417 1373 risiorum
450 1336 555 1379 sola»,
592 1335 659 1371 sed
682 1334 930 1371 finitimarum
952 1348 1081 1371 omnes
1102 1335 1273 1384 gentium
1295 1335 1420 1384 copiae
1441 1335 1702 1380 constiterant,

244 1398 453 1449 praeposito
473 1397 651 1435 omnibus
674 1398 986 1446 ⁷⁷Camulogeno,
1004 1411 1082 1447 quo
1103 1398 1152 1434 de
1172 1399 1399 1448 cognomine
1421 1399 1589 1441 Aurelio,
1611 1399 1703 1436 alibi

247 1462 445 1500 Aurelium
468 1461 643 1497 invenio:
675 1460 735 1497 hic
758 1461 812 1497 vir
833 1461 938 1497 senio
958 1461 1095 1511 gravis,
1118 1462 1183 1499 sed
1206 1463 1257 1498 rei
1279 1462 1426 1499 bellicae
1450 1463 1703 1511 peritissimus

246 1525 483 1563 habebatur:
516 1531 672 1573 propter
701 1524 805 1574 quod
830 1525 930 1562 hunc
949 1526 1120 1563 laborem
1142 1539 1330 1563 consensu
1352 1526 1522 1562 omnium
1545 1532 1704 1563 coactus

245 1595 415 1627 extrema
447 1589 482 1625 in
517 1595 628 1626 :etate
663 1596 892 1638 susceperat.
960 1590 1021 1626 Sic
1054 1603 1093 1627 se
1124 1590 1237 1627 rebus
1271 1590 1503 1627 habentibus
1533 1603 1704 1628 rumores

248 1652 340 1690 varii
367 1653 642 1701 jactabantur:
675 1654 868 1689 Caesarem
890 1655 1086 1701 Gergouia
1118 1653 1333 1703 digressum
1367 1667 1411 1691 ac
1445 1654 1569 1702 Ligeri
1590 1654 1706 1692 inter-

247 1716 395 1754 clusum
417 1715 569 1752 demum
592 1715 773 1753 frumenti
803 1716 931 1766 inopia
953 1716 1083 1754 ultima
1110 1718 1362 1767 compulsum,
1399 1718 1434 1755 in
1470 1718 1704 1765 provinciam

248 1780 461 1818 Romanam
481 1779 535 1815 eis
559 1779 789 1816 Rhodanum
811 1780 1074 1817 concessisse:
1106 1780 1251 1818 AEduos
1273 1781 1502 1819 rebellasse:
1537 1781 1706 1819 Galliam

247 1856 398 1881 omnem
418 1843 454 1880 in
483 1849 589 1880 motu
610 1856 706 1880 esse.
765 1843 918 1886 Quibus
939 1845 1051 1881 rebus
1072 1845 1265 1882 Labienus
1287 1846 1363 1895 ipse
1386 1851 1596 1895 permotus,
1630 1858 1706 1882 non

247 1920 417 1958 pugnare
435 1907 681 1944 decreverat:
712 1907 829 1956 idque
852 1921 968 1945 unum
990 1908 1116 1945 animo
1139 1909 1327 1953 volvebat,
1363 1909 1525 1958 qualiter
1544 1907 1708 1957 ⁷³Agid-

249 1971 390 2016 vicum,
422 1970 459 2007 id
481 1970 600 2019 opido
622 1984 758 2007 nomen
779 1978 873 2016 erat,
906 1973 1005 2009 unde
1026 1973 1268 2017 discusserat,
1301 1979 1416 2022 atque
1439 1972 1503 2009 ubi
1525 1971 1706 2022 praesidio

249 2034 433 2083 imposito
454 2033 729 2083 impedimenta
742 2034 950 2080 dimiserat,
967 2037 1088 2072 salvas
1109 2035 1310 2073 reduceret
1326 2036 1508 2084 legiones.
1550 2035 1706 2073 Interim

248 2105 375 2136 tamen
397 2104 431 2134 et
455 2098 651 2135 Bellovaci
672 2098 767 2134 inter
788 2098 922 2135 Gallos
954 2098 1102 2144 famosi,
1136 2100 1302 2136 motibus
1323 2098 1436 2136 tantis
1458 2104 1705 2143 accesserant,

246 2168 284 2199 et
298 2161 502 2199 rebellione
515 2161 727 2198 AEduorum
744 2162 858 2199 exciti
872 2161 1003 2200 odium
1020 2163 1084 2200 diu
1099 2163 1261 2200 celatum
1279 2168 1525 2212 aperuerant;
1543 2161 1707 2210 jamque

247 2225 372 2275 aperti
388 2226 514 2262 hostes
528 2226 562 2261 in
579 2226 690 2262 arinis
704 2233 830 2264 erant:
852 2227 983 2277 itaque
999 2228 1188 2264 ⁷⁹Parisiis
1206 2227 1294 2264 inde
1312 2226 1535 2269 Bellovacis,
1552 2232 1588 2261 et
1605 2225 1708 2262 varia

250 2288 338 2326 belli
355 2289 450 2325 mole
468 2302 618 2339 pressus
632 2296 670 2327 et
683 2289 983 2336 circumventus,
1006 2291 1207 2329 consilium
1229 2289 1437 2327 ⁸0invitavit
1459 2302 1504 2325 cx
1521 2295 1706 2338 tempore,

251 2351 460 2401 statuitque
495 2352 687 2389 fortunam
723 2354 846 2402 proelii
878 2360 1048 2398 tentarc;
1085 2360 1274 2391 nocturna
1304 2358 1533 2401 tempestate
1555 2351 1708 2389 horrida

248 2413 418 2464 adjutus,
433 2416 740 2464 exploratoribus
757 2417 921 2454 hostium
944 2418 997 2454 nil
1017 2418 1091 2454 tale
1108 2416 1368 2466 cogitantibus
1383 2414 1606 2460 interfectis,
1626 2421 1710 2453 tota

291 2579 330 2607 77»
356 2577 459 2617 Lege,
473 2575 767 2608 munumina—76
791 2577 894 2617 Lege,
920 2577 1123 2608 Ioeram.—77
1152 2577 1265 2616 Forte,
1294 2576 1514 2614 Camulogeno,
1530 2575 1708 2613 cognomine

252 2630 394 2661 Aulerco.
439 2630 495 2661 Sic
527 2630 742 2661 eman—78
778 2629 972 2670 Agendicum
1003 2629 1229 2661 emath-79
1264 2628 1376 2669 Adde,
1401 2627 1569 2660 hina—80
1595 2627 1710 2668 Forte,

252 2683 396 2714 natavit.
