1850 3109
356 190 448 221 mn.
482 190 555 220 111.
587 190 692 221 cAi‘.
723 180 794 220 44.
831 191 891 220 Da
927 192 1082 221 BELLo
1115 194 1286 224 Civim.

124 282 306 323 legendnm
332 282 478 324 conjecit
502 283 580 313 Pet.
607 283 820 314 Ciacconius.

124 334 166 365 In
182 335 249 366 ΜΒ,
273 334 411 365 Norvic.
435 339 485 365 est
500 335 709 373 communivit,
732 336 820 376 quod

124 385 243 416 eodem
260 385 359 415 redit.
402 384 512 421 Vulgrg
539 385 726 420 communit;
743 386 820 417 huic

123 440 235 466 autem
263 434 399 465 lectioni
422 435 530 464 minus
555 435 640 465 bene
662 437 820 467 convenit

123 494 199 515 cum
215 484 324 514 verbis
351 485 517 524 pra’tcriti
545 485 717 524 temporis,
743 496 817 526 quoe

122 538 308 575 sequuntur
322 539 356 564 et
369 534 588 566 antecedunt.
604 535 714 567 Davis.
750 537 819 566 Mei

122 590 232 615 tamen
271 584 378 614 Codd.
409 575 535 615 liabent
567 587 745 624 communie,
782 590 820 616 ut

120 634 242 674 passim
258 634 296 664 iit
313 639 488 666 contracte
504 636 665 667 scribitur
691 646 751 676 per
772 637 819 667 z'e:

120 688 224 725 atque
255 685 289 715 id
323 691 479 717 amarunt
505 687 664 725 Veteres,
695 687 744 718 uti
777 696 820 717 ex

120 735 232 776 poetis
249 736 367 776 liquet.

162 788 183 817 6
207 786 455 828 Quod—posset]
476 787 598 818 Tribus
613 788 706 820 hisee
723 789 819 820 lineis

120 837 304 868 Parenthesz·
320 837 468 876 inclusis,
484 838 571 878 quod
595 840 820 877 neglexerunt

119 887 294 926 Editores;
320 888 403 918 mira
418 888 553 919 accedit
568 889 724 920 Orationi
745 900 819 931 per-

117 937 293 977 spicuitas.
342 938 448 969 Clark.

161 990 202 1018 12
227 988 315 1029 Niti]
338 989 422 1019 Mss.
441 989 527 1028 Reg.
545 993 581 1020 et
605 990 734 1021 Eliens.
759 991 819 1022 uti.

117 1038 204 1070 Quae
231 1039 258 1069 si
284 1048 366 1069 vera
392 1044 484 1070 esset
512 1039 635 1077 lectio;
671 1040 819 1071 scriben-

115 1087 196 1118 dum
212 1087 300 1119 foret
315 1099 373 1128 qua
386 1089 438 1118 ille
452 1091 590 1119 maxima
605 1090 663 1121 uti.
701 1091 811 1121 Clark.

120 1137 179 1168 Uti
201 1137 371 1168 invenitur
387 1147 519 1179 quoque
546 1139 581 1168 in
601 1139 721 1170 Petav.
753 1141 818 1171 Pa-

113 1187 174 1219 lat.
189 1192 224 1219 et
240 1188 335 1220 Leid.
355 1198 422 1220 sec.
441 1188 534 1227 „Sed
561 1188 696 1229 frustra,
723 1195 759 1221 et
776 1201 817 1221 ex

116 1236 288 1279 frequenti
305 1237 516 1270 confusione.
551 1239 640 1271 Vide
658 1240 699 1272 ad
716 1242 756 1273 B.
772 1242 816 1273 G.

115 1297 163 1320 ιν.
179 1291 231 1320 24.

158 1347 256 1370 xuv.
273 1342 294 1370 9
319 1341 412 1380 quue
428 1340 556 1382 accidit]
586 1342 652 1372 Ms.
671 1342 814 1374 Norvic.

114 1389 217 1422 habet
231 1390 264 1420 id
282 1392 360 1430 quod
375 1390 499 1421 accidit.
525 1392 678 1423 Rectius.
701 1393 816 1434 Scrip-

116 1446 171 1473 tor
184 1441 226 1473 de
253 1443 294 1473 B.
324 1442 424 1482 Hisp.
451 1452 480 1473 c.
498 1446 549 1474 15.
577 1443 586 1460 ‘
605 1443 646 1473 Id
664 1444 753 1484 quod
782 1445 816 1475 in

115 1492 178 1523 hoc.
206 1492 334 1524 accidit
363 1492 572 1523 certamine!
629 1492 680 1524 Ac
708 1503 737 1525 c.
761 1496 815 1525 29.

112 1543 122 1559 ‘
140 1542 182 1573 Id
199 1542 287 1583 quod
313 1542 525 1574 adversarios
542 1543 816 1575 existimabamus

115 1602 190 1624 esse
205 1591 377 1624 facturos?
422 1592 510 1624 Vide
523 1597 558 1624 et
575 1603 606 1625 c.
621 1597 673 1624 36.
700 1595 814 1626 Davis.

116 1643 202 1676 Quae
218 1643 406 1682 elegantior
421 1643 559 1674 locutio.
599 1644 706 1675 Clark.
751 1645 817 1675 Im-

115 1701 171 1723 mo
194 1697 311 1724 nostro
327 1691 522 1731 familiaris;
547 1703 650 1733 quare
672 1695 817 1726 auctori-

115 1746 188 1774 tate
226 1743 310 1774 Cod.
338 1742 518 1774 Petaviani
555 1745 632 1783 quod
669 1745 816 1785 reposui.

115 1791 158 1822 Β.
175 1791 219 1823 G.
237 1801 285 1824 ιν.
308 1794 361 1823 29.
388 1793 398 1810 ‘
412 1793 452 1824 Id
472 1793 561 1834 quod
586 1803 725 1825 necesse
743 1800 817 1826 erat

116 1842 294 1874 accidere.'
333 1853 398 1874 vn.
419 1846 472 1875 66.
505 1844 568 1875 ‘Id
595 1845 684 1885 quod
709 1846 816 1886 magis

114 1891 266 1924 futurum
283 1893 456 1925 confidat!
483 1894 574 1926 Hirt.
586 1904 666 1927 vm.
683 1899 732 1928 10.
748 1897 757 1913 ⁴
775 1897 816 1927 Id

115 1942 206 1983 quod
232 1943 390 1975 accidere
420 1949 495 1976 erat
521 1945 684 1978 neeesse!
728 1947 817 1978 vide

114 1992 214 2025 etiam
228 1994 272 2024 ad
289 2005 319 2026 c.
337 1998 388 2026 86.
415 1996 423 2011 ‘
440 1995 480 2026 Id
497 1996 586 2036 quod
602 1996 724 2028 tacturi
740 2007 817 2029 cou-

113 2040 359 2076 firmaverunt.’
412 2047 452 2077 B.
482 2046 590 2078 Afric.
619 2057 649 2078 c.
667 2050 720 2079 44.
746 2049 756 2065 ‘
775 2048 815 2079 Id

116 2093 207 2133 quod
221 2093 333 2126 facere
350 2096 508 2128 debens!
525 2106 555 2128 c.
573 2100 626 2129 51.
643 2099 651 2115 ⁴
669 2098 710 2129 Id
725 2098 817 2140 quod

115 2147 217 2174 antea
240 2153 331 2185 saepe
358 2146 555 2178 acciderat!
601 2148 642 2178 Β.
670 2149 816 2189 Hispan.

116 2202 146 2224 c.
164 2196 194 2224 8.
209 2195 219 2212 ‘
237 2193 277 2225 Id
293 2195 383 2235 quod
406 2195 441 2226 in
458 2195 518 2227 hoc
536 2197 680 2237 contigit
700 2198 815 2229 bello.'

114 2243 171 2275 Sic
188 2244 276 2275 enim
296 2245 380 2275 Mss.
398 2250 433 2276 et
449 2255 478 2277 c.
496 2249 547 2277 15.
569 2247 578 2263 ‘
597 2247 638 2277 Id
666 2249 755 2288 quod
782 2249 816 2279 in

114 2293 179 2325 hoc
197 2294 322 2326 accidit
341 2296 550 2327 certamine!
576 2298 620 2327 Et
648 2297 696 2328 ita
725 2299 816 2338 apud

113 2344 208 2377 alios.
263 2344 388 2376 Confer
416 2346 509 2377 Cort.
539 2347 580 2377 ad
615 2347 750 2379 Sallust.
773 2349 814 2379 B.

115 2395 191 2428 Cat.
217 2405 246 2427 c.
264 2398 318 2427 30.
346 2397 355 2413 ‘
373 2396 406 2426 id
418 2397 508 2437 quod
525 2397 559 2428 in
577 2397 637 2428 tali
655 2408 690 2429 re
705 2399 815 2429 solet.'

158 2448 198 2477 10
223 2446 382 2486 Circuitu]
406 2448 509 2487 Lege,
531 2448 564 2478 in
578 2448 729 2479 circuitu.-
754 2449 816 2480 sic-

113 2504 178 2536 que
190 2495 275 2527 dant
285 2497 359 2528 Pal.
373 2502 408 2528 et
421 2497 585 2538 Bongars.
597 2503 678 2529 tert.
703 2500 814 2530 Davis.

116 2556 186 2577 cur.
201 2557 268 2579 sec.
313 2548 352 2580 1η
368 2548 465 2579 addit
480 2559 615 2591 quoque
628 2550 724 2581 Leid.
745 2560 814 2582 sec.

117 2596 308 2638 Quomodo,
324 2600 380 2630 vel
394 2599 428 2630 in
444 2599 621 2639 circuitum,
648 2606 736 2633 amat
754 2612 815 2633 531-

117 2646 252 2686 pissime
267 2648 356 2690 loqui
370 2655 502 2682 auctor.
546 2650 634 2683 Vide
651 2652 693 2682 ad
710 2661 745 2683 v.
761 2655 816 2685 43.

119 2705 198 2728 vxu.
223 2701 275 2729 32.
289 2709 297 2729 t
322 2704 358 2731 at
373 2701 423 2732 uti
439 2701 492 2733 hic
507 2703 651 2743 amplecti
665 2703 814 2744 circuitu,

117 2745 166 2778 ita
182 2756 258 2789 cap.
274 2757 345 2790 seq.
360 2749 370 2768 ‘
386 2759 556 2792 occupare
569 2752 734 2785 circuitu’
757 2765 813 2787 08-

1458 186 1571 229 1487

873 285 989 316 currit.
1034 286 1128 316 Mela
1156 295 1180 318 1.
1202 290 1253 318 17.
1283 287 1438 329 ‘Majore
1454 291 1573 322 circui-

873 339 908 364 tu
924 335 1021 374 plura
1038 337 1299 375 complectitur!
1344 340 1398 368 De
1430 349 1571 371 numero

873 394 1028 424 passuum
1047 385 1146 416 adeas
1164 386 1411 428 Glandorpium
1427 394 1462 420 et
1476 390 1572 421 (3138-

871 436 1017 466 conium.

896 489 954 516 *12
980 487 1084 526 Intra]
1116 487 1169 517 Sic
1189 488 1271 518 Mss.
1287 489 1441 529 Scaliger
1458 495 1492 521 ct
1507 491 1571 523 Re-

870 536 1038 567 centiores
1053 537 1232 568 ediderunt
1246 539 1338 570 inter.
1369 540 1467 572 Quod
1485 539 1569 571 ferri

870 595 1004 625 quoque
1034 590 1157 625 potest.
1200 588 1307 619 Clark.
1370 590 1460 620 Intra
1490 600 1566 621 cum

870 635 1062 667 Edd.Vett.
1082 637 1208 667 liabent
1230 639 1333 669 ctiam
1351 649 1467 672 omncs
1486 641 1568 674 Mss.

870 686 949 725 mei,
968 688 1056 728 quod
1072 688 1148 719 ideo
1166 691 1312 722 restitui.

914 739 952 767 13
978 737 1040 771 Qui
1066 748 1154 778 perp.
1177 751 1260 771 mun.
1293 742 1455 781 habebant,
1480 746 1568 784 perd.

869 795 909 816 esc
931 796 956 817 c.
985 787 1017 817 in
1045 798 1094 827 pr.
1122 790 1263 830 castella]
1310 792 1394 822 Haec
1417 793 1523 824 lectio
1548 804 1567 824 a

869 836 1043 877 Scaligero
1059 839 1189 870 intrusa
1206 846 1257 871 est
1284 842 1356 871 51118
1380 843 1448 873 11113
1472 843 1572 874 Codi-

871 896 946 918 cum
973 898 1050 928 ope,
1066 889 1128 919 nisi
1146 891 1234 930 quod
1262 892 1494 925 Hotomannus
1520 895 1569 925 di—

870 941 925 967 cat
942 937 974 967 in
987 947 1047 969 suo
1060 939 1200 980 antiquo
1215 951 1286 972 esse
1300 942 1461 974 habebant.
1481 944 1569 975 Nam

871 987 1068 1020 Edd.Vett.
1092 996 1128 1021 et
1153 991 1237 1022 Mss.
1263 992 1303 1022 ad
1329 1003 1430 1024 unum
1454 1004 1569 1026 omnes

870 1038 1028 1069 exhibent
1044 1044 1143 1071 nostri
1156 1051 1244 1082 perp.
1266 1044 1376 1074 munit.
1402 1045 1546 1077 ridebant
1558 1057 1571 1083 ,-

870 1088 965 1128 quasi
984 1089 1256 1130 intelligerentur
1272 1093 1490 1133 Pompeianae
1504 1105 1572 1126 mu-

868 1137 1024 1169 nitiones.
1075 1140 1137 1174 Qui
1155 1142 1281 1180 primus
1295 1143 1366 1182 jam
1384 1144 1569 1176 inculcavit

867 1186 1006 1219 Vascos.
1039 1198 1182 1230 eumque
1214 1196 1348 1222 secutus
1374 1194 1569 1234 Stephanus

868 1237 1004 1278 aliique.
1048 1239 1116 1270 Sed
1146 1246 1268 1273 contra
1306 1243 1388 1276 Mss.
1441 1245 1569 1276 Totam

866 1285 950 1318 113118
983 1288 1160 1328 periodum
1184 1295 1222 1320 ut
1245 1301 1491 1332 supervacuam
1515 1295 1571 1325 de-

867 1336 928 1366 leri
946 1337 1081 1368 volebat
1105 1339 1298 1371 Gruterus:
1325 1346 1360 1373 at
1389 1343 1468 1375 milii
1492 1355 1568 1385 pro-

867 1386 989 1418 babilis
1005 1389 1148 1420 maxime
1171 1391 1308 1421 videtur
1339 1393 1461 1424 Fa'eirni
1491 1403 1568 1425 con·

860 1436 998 1476 jectum
1026 1439 1124 1469 noslrz'
1150 1450 1239 1480 perp.
1269 1451 1351 1472 mun.
1379 1443 1569 1483 jungebant,

867 1486 982 1518 deleto
1014 1488 1116 1519 verbo
1152 1489 1327 1521 timebant.-
1371 1492 1461 1532 quod
1489 1502 1569 1523 sane

867 1536 1028 1576 abundat,
1051 1542 1089 1568 ut
1112 1548 1129 1568 e.
1153 1543 1225 1570 toto
1257 1538 1421 1572 contextu
1449 1542 1569 1582 liquet.

867 1589 937 1620 Pro
971 1590 1118 1620 videbant
1154 1591 1257 1621 scribi
1288 1596 1404 1632 posset
1433 1603 1569 1634 quoque

866 1639 1013 1678 agebant,
1029 1640 1208 1680 tuebantur,
1238 1643 1292 1672 vel
1335 1643 1445 1674 simile
1477 1644 1570 1685 quid.

868 1689 1081 1721 Perdat-ebant
1110 1691 1232 1722 incidit
1245 1693 1438 1724 Ciacconio.

910 1741 949 1770 21
979 1740 1064 1771 Totis
1078 1740 1187 1780 copiis]
1225 1742 1343 1772 Vidcri
1359 1748 1474 1782 posset
1488 1749 1570 1776 nata

868 1799 942 1820 esse
961 1799 1024 1820 vox
1055 1790 1150 1830 copiis
1176 1801 1194 1821 e
1211 1791 1334 1822 Glossa
1354 1793 1411 1822 τοῦ
1441 1793 1569 1832 viribus,

868 1839 956 1879 quod
974 1843 1080 1870 restat
1094 1841 1128 1870 in
1149 1841 1212 1871 Ms.
1229 1841 1353 1881 Vossii,
1369 1847 1404 1873 et
1421 1852 1510 1883 saepe
1525 1844 1568 1875 de

868 1889 975 1928 copiis
1003 1889 1153 1920 adhiberi
1177 1895 1294 1921 notum
1325 1897 1388 1923 est.
1433 1893 1500 1924 Adi
1526 1893 1569 1924 ad

869 1940 986 1970 Front.
1018 1949 1068 1971 iv.
1099 1943 1130 1971 7.
1164 1942 1228 1980 §a
1253 1951 1320 1981 quo
1352 1946 1464 1973 tamen
1494 1944 1570 1975 loco

868 1999 963 2028 cave,
982 1990 1171 2031 Vlamingio
1194 1991 1314 2022 credas
1343 1993 1377 2023 in
1406 1994 1571 2025 Petronio

868 2042 1095 2081 propugnanti
1111 2046 1261 2072 veterem
1278 2042 1489 2083 lectionem,‘
1502 2045 1570 2075 Da-

867 2091 923 2122 nai
951 2091 1105 2122 relaxant
1141 2092 1291 2122 claustra
1325 2098 1359 2124 et
1387 2092 1570 2125 effundunt

868 2141 975 2173 vires’
1004 2152 1065 2182 pro
1090 2142 1191 2173 viros:
1213 2152 1290 2173 nam
1321 2149 1490 2185 repugnat
1512 2146 1569 2176 lex

870 2191 983 2231 pedia,
1009 2202 1084 2232 quae
1109 2192 1264 2223 Iambum
1295 2195 1455 2233 postulat.
1500 2196 1569 2227 Hic

869 2247 982 2272 autem
1001 2243 1108 2282 Copiis
1131 2243 1281 2274 retineo:
1313 2254 1390 2275 113111
1409 2245 1568 2276 librarius

870 2292 980 2332 potius
1019 2292 1157 2322 videtur
1191 2291 1337 2323 offensus
1377 2304 1461 2325 voce
1491 2295 1567 2326 totis

869 2352 931 2383 pro
947 2343 1085 2373 omnibus
1099 2354 1109 2373 :
1131 2343 1164 2373 id
1189 2343 1276 2384 quod
1295 2349 1408 2375 tamen
1425 2355 1492 2377 non
1509 2346 1570 2377 mi-

867 2405 942 2434 11115,
961 2405 1058 2436 quani
1070 2395 1101 2425 iu
1114 2395 1186 2426 aliis
1202 2396 1413 2435 auctoribus,
1426 2397 1458 2427 in
1475 2397 1568 2430 hisce

867 2455 999 2486 qnoque
1017 2446 1268 2476 commentariis
1285 2447 1444 2478 occurrit.
1474 2448 1516 2478 Β.
1529 2448 1568 2481 C.

866 2499 959 2526 1.5o.
977 2497 986 2512 ‘
1005 2497 1056 2526 Ex
1086 2496 1165 2526 totis
1196 2496 1277 2536 ripis
1308 2497 1378 2526 tela
1394 2497 1569 2536 jacieban-

868 2545 945 2576 tur.’
992 2545 1083 2576 Hirt.
1101 2546 1140 2576 B.
1165 2545 1263 2576 Alex.
1281 2556 1358 2585 cap.
1375 2549 1427 2577 76.
1446 2547 1455 2563 ‘
1468 2547 1566 2577 Totae

868 2594 1091 2636 profligantur
1107 2597 1216 2636 copia*
1242 2596 1354 2636 regis.’

909 2650 949 2677 25
973 2646 1039 2678 Aut
1053 2656 1093 2677 ex
1104 2646 1230 2685 coactis,
1246 2650 1300 2677 aut
1324 2656 1364 2676 ex
1377 2645 1569 2684 cerdonibus,

865 2699 920 2728 aut
946 2707 986 2728 ex
1022 2697 1114 2727 coriis
1144 2696 1264 2727 tunicas
1277 2694 1435 2734 fecerant]
1482 2695 1567 2727 Tria

868 2747 930 2790 ait,
944 2750 1076 2786 coacta,
1092 2750 1267 2785 centones,
1280 2750 1316 2777 et
1331 2745 1470 2778 corium.
1504 2747 1567 2779 Co.
