1850 3109
403 214 508 244 cap.
528 201 599 242 26.
633 208 726 239 mn.
759 207 823 237 DE

108 313 241 351 Agitare
257 306 474 341 confirmatur
491 314 511 336 a
529 303 649 336 Petav.
663 303 752 335 Scal.
768 307 805 334 et

109 362 203 395 Leid.
221 371 270 403 pr.
285 368 388 402 quare
403 357 550 398 reposui.
575 355 702 387 Eadem
718 354 805 385 vari-

107 417 180 445 etas
193 412 226 442 in
242 409 388 450 Apuleio
406 407 492 439 Met.
508 407 526 438 l.
545 415 567 438 1.
585 415 618 446 p.
634 408 665 437 8.
682 408 689 422 ‘
702 405 730 435 si
749 404 804 446 qni

108 460 198 493 aliud
236 457 397 499 agitarit)
444 457 535 488 Dein
572 455 804 496 Glandorpius

107 511 190 552 legit
205 510 271 541 Hic
279 512 312 539 ue
321 508 442 547 fertur,
453 509 490 539 de
505 508 546 539 A.
566 508 614 538 M.
631 516 804 547 congressu.

106 562 227 594 Placet
250 560 355 600 magis
380 559 510 590 Davisii
537 559 722 599 restitutio,
751 559 806 590 cui

103 611 241 645 accedit
255 612 331 642 Pet.
349 610 381 641 in
395 613 502 641 contra
519 620 617 651 quem.
636 611 703 641 ΜΒ.
719 610 806 650 Reg.

106 662 173 693 Hic
197 660 315 699 fertur.
356 661 455 691 Voss.
499 665 534 691 et
578 659 666 691 Edd.
706 660 806 690 Vasc.

105 712 238 753 Gryph.
266 715 354 752 post.
381 711 500 752 Steph.
530 712 598 742 &c.
629 719 809 750 congressus

95 762 179 802 suit.
216 763 341 794 Locum
355 755 574 803 distinetione
589 766 723 793 mutata
739 761 807 793 cla-

106 814 229 845 riorem
244 812 390 844 reddidi.
455 849 458 853 ,
488 832 499 850 7

148 863 226 904 Hic,
241 867 275 894 ut
291 862 414 903 fertur,
427 862 560 903 Achillis
578 862 807 903 Memnonisque

103 923 291 954 congressus.
332 913 372 948 Q.
405 913 570 954 Pompeius
598 913 712 953 Niger,
738 912 808 953 δῖα]

106 965 175 996 Ms.
202 964 342 996 Norvic.
366 964 507 996 exhibet
539 963 601 1001 hic,
627 966 661 994 ut
685 962 807 1001 fertur,

104 1014 240 1047 Achillis
268 1015 500 1057 Memnonigque
515 1023 702 1053 congressus.
729 1014 807 1044 con-

104 1066 155 1095 tra
167 1074 254 1104 quem
269 1065 434 1104 Pompeius
448 1065 561 1104 NIger,
576 1065 629 1103 &a
650 1063 753 1103 unde,
771 1068 809 1094 ut

104 1122 220 1145 sensus
236 1114 404 1153 eliciatur,
428 1113 646 1153 transpositis
674 1118 808 1144 senten-

106 1163 176 1204 tiis,
202 1163 386 1204 legendum
413 1164 537 1202 agitare
566 1163 679 1203 (πρῖε,-
701 1166 809 1194 contra

105 1224 193 1255 quem
210 1215 375 1255 Pompeius
391 1214 514 1253 Niger:
623 1214 664 1244 ad
684 1223 809 1252 congre-

105 1266 250 1297 diendum
279 1275 471 1306 progressus.
517 1265 594 1305 Hic,
625 1269 661 1296 ut
687 1264 808 1305 fertur,

105 1316 239 1349 Achillis
266 1317 496 1357 Memnonisque
521 1325 720 1355 congressum
743 1325 809 1356 quo

106 1366 287 1408 proverbio
314 1375 460 1408 pugnam
489 1367 579 1398 inter
608 1365 809 1397 fortissimos

104 1417 297 1450 institutam
318 1417 471 1449 denotari
493 1417 672 1457 existimo;
700 1416 810 1448 Mern-

105 1478 173 1501 non
201 1469 407 1509 eni1n‚licet
437 1468 575 1500 tandem
606 1468 647 1499 ab
674 1467 809 1500 Achille

107 1519 311 1560 trucidatus,
333 1519 556 1551 maximarum
579 1519 702 1550 virium
725 1528 811 1550 sum-

104 1570 216 1612 mique
228 1570 327 1602 animi
339 1569 443 1601 fuisse
455 1570 656 1611 perhibetur
673 1580 692 1601 a
703 1570 810 1603 Quin-

106 1626 143 1653 to
170 1621 356 1662 Smyrnaeo,
378 1622 435 1662 qui
460 1622 524 1652 hoc
549 1621 708 1662 proelium
734 1619 810 1652 fuse

108 1678 143 1704 et
160 1673 336 1714 eleganter
361 1673 530 1705 describit
556 1673 656 1705 Iliad.
674 1682 714 1705 ιι.
733 1676 809 1704 395.

109 1733 202 1765 seqq.
248 1724 360 1755 Daris.
405 1724 485 1764 Sed,
502 1727 540 1755 ut
555 1724 588 1755 in
604 1724 667 1756 hoc
680 1724 810 1756 inculto

107 1773 271 1820 Auctore,
291 1773 373 1805 ferri
388 1775 518 1816 poterit
534 1775 637 1806 etiam
655 1775 811 1816 vulgatus

106 1824 286 1856 verborum
302 1825 397 1857 ord0.
445 1825 553 1856 Clark.

152 1877 192 1906 19
217 1874 354 1916 Quisque
365 1876 516 1916 partium,
529 1875 548 1893 ⁸*
558 1879 753 1917 expertorum
767 1875 812 1907 vi-

108 1926 377 1957 rorum—nisi
400 1929 527 1967 propter
549 1926 719 1967 equitum*
745 1936 812 1957 con-

108 1975 236 2016 cessum]
280 1976 368 2008 Haec
394 1977 507 2008 omnia
531 1977 616 2008 adeo
644 1982 722 2009 sunt
739 1986 811 2008 cor—

108 2030 209 2066 rupta
222 2029 258 2057 et
273 2025 408 2066 mutila,
423 2030 463 2058 ut
473 2027 658 2058 doemonium
671 2027 728 2066 sit,
745 2036 811 2058 non

107 2075 218 2116 homo,
233 2076 291 2118 qui
306 2086 349 2108 ex
365 2077 406 2108 iis
422 2087 557 2109 sensum
572 2077 721 2119 aliquem
737 2087 812 2119 pos-

107 2125 151 2156 sit
163 2126 364 2158 extundere.
410 2128 512 2161 Quod
529 2129 636 2160 solum
662 2139 812 2170 possum,

110 2176 283 2208 variantes
320 2177 487 2209 lectiones
525 2179 706 2211 exhibebo.
745 2180 811 2212 Ms-

110 2226 253 2258 Norvic.
279 2227 415 2268 Quisque
441 2238 482 2260 ex
501 2231 641 2269 partium
663 2231 811 2271 virorum,

101 2276 323 2318 satum-umque
335 2279 493 2310 voluntate
503 2279 704 2312 habebantur.
731 2281 813 2316 Quo-

109 2337 178 2359 rum
191 2327 310 2360 virtute
331 2329 432 2361 alacri
442 2340 536 2371 quum
550 2333 590 2362 ad
605 2331 813 2363 dimicandum

109 2377 142 2408 in
169 2378 333 2418 planitiem
360 2389 393 2410 se
421 2380 634 2423 contulissent,
657 2385 814 2413 scutorum

111 2428 210 2460 laudis
237 2429 379 2470 insignia
404 2430 597 2472 proefulgens
623 2442 698 2474 opus
724 2433 813 2464 coela-

110 2480 190 2520 tum,
215 2489 344 2519 quorum
367 2491 475 2521 pugna
502 2485 580 2514 esset
601 2482 740 2524 profecto
767 2483 815 2514 ‹li—

111 2532 205 2570 recta,
227 2530 289 2561 nisi
308 2535 438 2573 propter
461 2534 597 2574 equitum
613 2544 813 2566 consensum:

112 2579 215 2612 nihilo
236 2581 371 2622 quidem
396 2584 524 2625 sanius,
540 2595 639 2626 quam
666 2586 778 2627 vulgg.
794 2595 815 2617 a

113 2629 234 2670 quibus
271 2632 371 2666 editt.
407 2635 504 2666 Rom.
536 2636 623 2668 Ven.
653 2636 813 2668 Beroald.

113 2689 180 2711 nou
196 2681 332 2715 abeunt.
377 2685 494 2718 Davis.
507 2686 546 2704 ⁴¹²*
559 2689 760 2728 expertorum
771 2705 814 2711 —

111 2731 310 2764 constitisset.
355 2734 481 2767 Manca
505 2737 590 2768 adeo
606 2737 679 2770 haee
693 2742 729 2769 et
744 2747 816 2770 cor-

116 2786 216 2821 rupta
239 2782 360 2824 omnia,
375 2788 414 2817 ut
428 2787 606 2820 medicinae
630 2798 707 2831 spes
722 2789 815 2821 nulla

199 2834 312 2877 Delph.
330 2841 359 2869 et
381 2838 455 2872 Var.
470 2841 554 2873 Clas.

785 2841 894 2874 Caesur·

1448 197 1560 240 1666

860 303 916 334 sit.
933 300 1192 335 Observandum
1209 306 1334 341 tamen,
1350 312 1412 343 pro
1423 306 1562 338 roluntaa

858 354 1039 393 habebatur,
1051 355 1082 385 in
1100 355 1166 385 Ms.
1183 354 1310 385 Ellensi
1325 354 1390 394 legi
1404 355 1562 388 volunlate

858 404 1067 442 habebantur,-
1093 415 1154 445 pro
1184 405 1338 443 coelatum,
1357 406 1389 435 in
1407 406 1474 436 Ms.
1500 407 1564 437 Re-

858 458 913 497 gio
927 457 1091 498 scriptum
1106 466 1179 488 esse
1193 460 1389 497 opponerent,
1401 457 1481 488 etin
1497 458 1563 490 Ms.

858 511 970 542 Vossii
997 510 1141 541 coelatum
1173 511 1357 549 opponerent
1371 519 1383 545 ;
1409 517 1470 547 pro
1492 518 1563 539 con·

858 572 984 601 cessum,
998 562 1029 592 in
1049 562 1116 592 Ms.
1134 560 1262 591 Eliensi
1272 559 1426 590 etVossii
1439 569 1561 592 consen·

858 624 923 645 sum
934 624 944 649 ‚·
955 617 990 644 et
1000 622 1060 653 pro
1071 613 1145 643 Ιι-υἰε
1156 611 1562 650 armatura—constitisset,

858 664 892 696 in
910 663 976 694 Ms.
990 663 1076 702 Reg.
1093 666 1129 693 et
1144 661 1358 692 Vossiiletem
1372 664 1564 693 armaturam

858 713 1193 745 ——womtituissenn
1219 712 1322 752 siquis
1340 721 1382 743 ex
1399 712 1447 742 his
1465 711 1559 753 quic·

860 775 959 807 quam
977 764 1101 795 elicere
1116 763 1234 804 possit.
1265 763 1376 794 Clark.
1400 763 1469 794 Pro
1483 761 1565 802 quis-

858 826 914 857 que
931 816 963 846 in
983 816 1104 846 Petav.
1129 818 1164 845 et
1182 813 1278 845 Leid.
1298 822 1349 853 pr.
1376 822 1426 844 ex.
1449 812 1562 844 Deest

859 867 893 898 in
906 867 986 898 Urs.
1005 875 1044 897 ac
1058 866 1165 897 Dorv.
1188 866 1397 905 expertorum.
1418 862 1565 894 Virorum

851 917 1010 956 sactorum
1026 916 1122 947 Leid.
1141 924 1192 955 pr.
1215 914 1439 954 fautorumque
1462 914 1565 944 rotun-

858 972 924 999 tate
940 969 1018 999 Pet.
1036 967 1128 998 Dein
1144 965 1284 1005 insignia
1302 966 1378 996 Pet.
1397 963 1491 995 Leid.
1509 973 1561 1005 pr.

859 1019 1099 1059 Scalig.Dorv.
1148 1018 1233 1048 Post
1250 1018 1314 1048 coel.
1326 1016 1456 1047 addunt
1472 1025 1563 1057 oppo-

858 1074 966 1101 nerent
979 1069 1062 1100 Mss.
1076 1069 1190 1100 Ciacc.
1207 1067 1302 1098 Leid.
1317 1076 1384 1098 sec.
1401 1067 1510 1097 Dorv.
1527 1069 1564 1097 et

860 1121 947 1153 Edd.
962 1121 1062 1151 Vasc.
1091 1119 1224 1159 Gryph.
1244 1122 1334 1158 post.
1349 1116 1472 1157 Steph.
1499 1118 1563 1148 &cu

860 1179 922 1210 pro
938 1179 1063 1210 quorum
1078 1169 1112 1199 in
1139 1170 1245 1200 Dorv.
1257 1177 1373 1206 eorum,
1394 1172 1429 1198 et
1447 1167 1480 1198 in
1498 1165 1564 1198 Ed.

861 1220 957 1251 Rom.
975 1229 1112 1259 quocum.
1157 1219 1240 1249 Tum
1257 1218 1381 1258 direpta
1399 1217 1494 1248 Leid.
1509 1226 1564 1257 pr.

859 1270 977 1301 directa
991 1269 1095 1300 etiam
1124 1268 1248 1300 Petav.
1285 1268 1370 1299 Mox
1397 1267 1457 1298 leri
1483 1276 1564 1298 arm.

860 1320 947 1351 Edd.
966 1320 1064 1351 Rom.
1091 1319 1179 1350 Ven.
1201 1322 1237 1349 et
1261 1317 1355 1349 Med.
1381 1317 1441 1349 sed
1468 1319 1564 1348 let-em

859 1374 1049 1401 armaturam
1076 1369 1158 1401 dant
1183 1373 1312 1410 praeter
1338 1369 1460 1400 Petav.
1480 1368 1566 1400 Mss.

859 1421 926 1451 mei
947 1429 1086 1457 omnes3
1109 1424 1144 1450 et
1166 1419 1280 1450 Ciacc.
1298 1422 1334 1450 et
1355 1418 1442 1449 Edd.
1458 1418 1563 1449 Vasc.

861 1470 992 1512 Gryph.
1020 1475 1110 1510 post.
1136 1470 1254 1510 Stepli.
1285 1479 1324 1501 ac
1353 1468 1500 1509 Stradae,
1530 1468 1565 1499 in

861 1521 984 1562 quibus
996 1527 1031 1552 et
1047 1521 1288 1559 constituissent,
1300 1520 1350 1551 uti
1364 1525 1399 1551 et
1415 1520 1450 1550 in
1467 1519 1566 1552 Leid.

856 206 1013 237 BELLO
1047 206 1246 237 nisPAN.

860 1581 929 1603 sec.
958 1582 996 1604 ac
1012 1572 1159 1603 Dorvill.
1175 1571 1234 1603 sed
1251 1570 1463 1602 constituisset
1493 1571 1565 1602 sine

860 1625 896 1653 ut
939 1626 992 1653 est
1034 1622 1067 1653 in
1108 1622 1231 1653 Petav.
1276 1621 1438 1653 constituit
1468 1620 1564 1652 Leid.

861 1682 912 1714 pr.
937 1673 1060 1714 Scalig.
1100 1673 1259 1706 Quicum
1287 1672 1410 1703 Petav.
1434 1671 1566 1702 habent

861 1727 975 1764 castra,
992 1724 1066 1755 loco
1082 1726 1263 1755 castrorum.
1309 1722 1436 1754 Omnes
1463 1721 1566 1753 etiam

861 1776 948 1807 Mss.
976 1784 1038 1816 pro
1068 1778 1187 1805 nostros
1212 1774 1295 1805 dant
1323 1773 1434 1804 nostri.
1479 1772 1566 1803 Dum

861 1825 958 1857 abest
983 1835 1002 1856 a
1022 1825 1112 1856 Leid.
1140 1833 1208 1855 sec.
1237 1828 1273 1855 et
1288 1824 1450 1855 D01·v.et
1476 1823 1567 1853 dede·

860 1879 933 1906 rant
947 1876 981 1906 in
998 1876 1119 1907 Petav.
1145 1874 1265 1906 Leidd.
1283 1875 1394 1906 Dorv.
1423 1872 1502 1904 Non
1514 1881 1566 1903 me

862 1926 1028 1967 expedio:
1053 1935 1116 1957 nec
1142 1926 1250 1966 magis
1276 1923 1508 1965 Giandorpius
1532 1925 1569 1954 et

863 1977 1021 2009 Ciaccon.
1038 1986 1122 2018 quos
1138 1976 1206 2014 adi,
1222 1975 1249 2006 si
1270 1974 1379 2006 lubet.

906 2035 1012 2058 xxm.
1037 2030 1057 2058 4
1082 2026 1225 2066 Argento
1238 2033 1334 2066 prope
1350 2023 1426 2056 tecti
1437 2021 1567 2063 equites]

861 2078 961 2111 Joan.
1000 2076 1233 2117 Glandorpius
1270 2074 1406 2116 reponit
1438 2077 1568 2114 argemo

858 2139 954 2171 prope
969 2129 1061 2160 tectis
1072 2128 1157 2169 equis
1168 2139 1179 2165 ;
1202 2127 1261 2159 sed
1279 2137 1320 2158 ex
1338 2127 1404 2158 Ms.
1422 2125 1566 2157 Norvie.

861 2180 1042 2221 legendum
1075 2183 1206 2220 argento
1236 2189 1333 2220 prope
1361 2178 1437 2210 tecti
1466 2187 1568 2218 equos,

864 2231 922 2273 qui
938 2231 1132 2263 notissimus
1147 2234 1200 2262 est
1216 2229 1462 2262 Hellenismus.
1486 2229 1568 2260 Non

862 2281 1001 2313 interim
1017 2290 1088 2312 sum
1103 2280 1249 2321 nescius,
1275 2280 1392 2320 equites
1404 2288 1467 2319 pro
1484 2278 1568 2319 equis

863 2331 944 2372 poni
975 2340 1087 2372 posse.
1132 2330 1222 2361 Vide
1252 2339 1327 2371 quae
1358 2328 1490 2360 notavit
1516 2328 1569 2359 vir

864 2381 1066 2412 clarissimus
1104 2379 1212 2412 Janus
1250 2378 1485 2411 Broukhusius
1525 2378 1568 2409 ad

862 2432 1037 2474 Propertii
1061 2432 1158 2472 Eleg.
1176 2439 1227 2462 ιν.
1245 2433 1277 2463 3.
1295 2433 1347 2462 38.
1394 2429 1436 2461 Id
1454 2434 1569 2461 tamen

862 2483 918 2514 hic
934 2483 1001 2514 loci
1010 2482 1224 2513 durissimum
1235 2480 1375 2512 videtur
1388 2490 1397 2511 :
1422 2479 1566 2511 eandem

863 2534 952 2566 enim
964 2543 1084 2565 vocem
1099 2532 1234 2564 diverso
1248 2541 1349 2563 sensu
1360 2530 1474 2572 paullo
1487 2535 1565 2560 ante

862 2584 1016 2617 adhibuit
1045 2588 1171 2616 noster.
1217 2582 1328 2615 Datis.
1387 2580 1565 2613 veriorem

863 2636 1021 2667 existimo
1033 2635 1217 2667 lectionem
1235 2644 1322 2674 eam,
1336 2641 1436 2674 quam
1452 2631 1485 2662 in
1496 2630 1564 2661 Ms.

862 2687 975 2719 Vossii
1002 2686 1141 2728 repperi
1172 2686 1289 2727 equites
1318 2686 1449 2724 argento
1471 2689 1568 2728 prope

862 2737 938 2769 tecti
953 2747 966 2774 ‚·
986 2739 1027 2769 ad
1055 2739 1222 2776 Cam-em,
1246 2738 1298 2775 &a
1347 2733 1454 2765 Clark.
1499 2732 1566 2763 Ex-

863 2787 989 2829 pressit
1004 2792 1119 2820 tamen
1135 2786 1292 2820 Clarkius
1318 2782 1462 2816 Eliensis
1479 2782 1563 2814 Cod.

1378 2839 1396 2867 5
1422 2835 1455 2868 N
