1850 3109
217 182 331 226 1486

217 300 308 326 anes,-
331 299 368 321 ιτ
384 299 424 320 ex
439 289 487 320 his
503 288 650 329 abduxit]
682 288 750 319 Ms.
771 287 859 326 Reg.
886 291 920 316 et

217 340 310 372 Edit.
343 341 441 371 Rom.
468 338 733 374 —transduxil;
765 339 812 367 ila
840 340 920 366 iit-—

219 390 478 431 aggrederetur,
505 400 571 429 quae
596 392 681 419 erant
709 387 856 425 deligatae
881 385 920 414 ad

216 444 354 470 terram.-
381 443 470 478 alque
487 448 588 469 naves
602 447 638 468 1v
652 447 690 467 ex
702 437 750 467 his
763 433 921 473 abduxit]

219 490 329 521 Porro
345 490 428 519 Mss.
445 489 571 519 Elien5.
588 493 623 518 et
640 486 762 524 Vossii‚
788 494 848 525 pro
874 488 921 514 at·

219 549 277 580 que
290 540 405 577 inanes,
429 538 555 568 liabent
572 538 687 567 itidem
703 537 805 576 Atque
820 544 921 565 nuces.

217 590 285 620 Sed
310 593 475 628 praestare
493 587 628 618 videtur
646 588 781 626 vulguta
807 584 940 622 lectio„

220 641 326 670 Clark.
382 640 424 669 Ut
456 639 552 670 addit
582 648 716 679 quoque
747 636 841 668 Leid.
870 645 921 676 pr.

218 690 318 720 Voss.
336 690 430 720 Carr.
448 689 535 720 Edd.
552 688 791 729 primoe,Vasc.
805 687 921 727 steph.

218 742 375 782 aliaeque.
421 741 658 780 Aggrederelur
688 740 795 778 Bong.
826 737 921 768 Leid.

219 801 288 822 sec.
316 792 410 821 Carr.
438 796 473 821 et
507 790 592 821 Edd.
621 789 761 820 eaedem.
818 788 922 818 Nares

219 841 349 872 eaedem
376 840 464 872 Edd.
493 846 527 871 et
548 841 646 871 Voss
672 839 768 870 Leid.
793 847 862 870 sec.
889 839 922 868 in

218 901 311 922 naves
328 891 412 922 Lov.

264 949 340 972 xm.
372 944 391 971 2
431 940 637 980 Expugnalo]
682 940 739 971 Ita
769 949 811 969 ex
838 938 921 969 Mss.

219 992 347 1023 Eliens.
364 997 398 1023 et
416 992 526 1022 Vossii
550 991 655 1032 edidi,
680 991 799 1022 omissa
822 999 923 1030 copu-

218 1043 264 1073 la.
311 1041 398 1072 Vide
423 1051 522 1082 supra
548 1041 589 1071 ad
615 1042 654 1072 B.
683 1041 774 1072 Gall.
802 1049 842 1071 υ.
872 1042 921 1070 13.

220 1092 313 1123 Editi
330 1101 457 1128 omnm,
471 1095 499 1122 et
517 1095 705 1131 expugnato,
719 1092 770 1129 ὅγε.
811 1090 918 1120 Clark.

219 1141 285 1172 Vel
301 1141 416 1172 deleta
433 1141 568 1181 copula,
590 1140 785 1181 legendum,
804 1138 922 1179 profec-

221 1195 287 1230 tus,
309 1194 499 1231 expugnato,
526 1194 561 1220 ut
590 1199 632 1220 ex
655 1189 786 1220 duobus
814 1187 922 1220 Codd.

220 1241 327 1273 voluit
356 1241 406 1272 Cl.
435 1240 613 1277 Clarkius;
640 1240 694 1270 vel
721 1239 840 1270 addita
866 1248 922 1269 vo-

220 1292 307 1331 cula,
322 1290 587 1330 rescribendum,
611 1300 679 1320 cum
703 1289 839 1320 exercitu
854 1297 922 1328 pro-

212 1343 317 1381 fectus
334 1350 410 1381 EST,
441 1345 468 1372 ct
491 1344 682 1381 expugnato,
710 1342 762 1379 Zyc.
809 1339 921 1369 Duris.

221 1402 292 1424 our.
309 1401 377 1423 sec.
422 1392 518 1432 Ejeci
538 1390 575 1421 τὸ
591 1394 620 1421 ct
639 1390 842 1421 auctoritate
861 1389 923 1420 Co-

221 1441 334 1473 dicum
362 1441 463 1472 etiam
489 1441 611 1472 Petav.
637 1445 673 1471 et
691 1439 786 1471 Leid.
808 1448 858 1480 pr.
875 1444 924 1469 at-

222 1501 286 1533 que
302 1490 388 1522 Edd.
405 1491 556 1522 Florent.

262 1545 282 1572 4
308 1541 346 1572 In
369 1541 600 1580 Macedoniam]
642 1541 922 1581 Prmpositionein

222 1600 288 1621 non
305 1590 458 1631 agnoscit
472 1591 640 1621 Mstorum
654 1600 815 1628 meorum,
833 1589 922 1630 quod

222 1640 339 1679 sciam,
370 1640 469 1678 ullus⁷
509 1645 656 1680 excepto
690 1640 923 1671 recentissimo

223 1690 388 1730 Bongars.
427 1689 513 1719 Vide
531 1690 665 1719 omnino
682 1690 721 1719 B.
735 1690 778 1719 G.
798 1698 857 1719 ιιι.
871 1692 903 1719 7.

264 1742 286 1770 6
308 1739 502 1771 Decet-nendi
511 1738 710 1779 potestatem]
728 1738 923 1769 Provliandi.

220 1788 354 1821 Hirtius
371 1789 457 1820 Bell.
488 1788 597 1819 Afric.
622 1799 650 1820 c.
670 1792 721 1819 1-1.
741 1790 748 1805 ‘
770 1787 924 1819 Artificio

223 1839 332 1879 magis
349 1849 448 1880 quam
465 1838 594 1870 viribus
610 1839 861 1870 decernendum
880 1839 923 1869 vi-

224 1888 344 1920 deret!
390 1888 524 1919 Auctor
547 1889 590 1919 de
618 1890 658 1920 B.
689 1889 790 1928 Hisp.
824 1899 853 1919 ‹·.
869 1891 922 1919 41.

222 1938 232 1954 ‘
250 1938 346 1969 Inter
362 1948 397 1969 se
414 1938 623 1970 decernere.¹
667 1938 767 1969 Silius
784 1939 923 1969 Italicus

224 1997 300 2019 xvr.
330 1991 404 2018 531.
428 1989 436 2004 ‘
454 1989 649 2019 Decrevere
679 1998 777 2029 pares
808 1987 923 2019 ferro.‘

225 2038 327 2070 Corn.
348 2039 463 2078 Nepos
480 2038 628 2070 Hannib.
645 2049 675 2070 c.
691 2042 722 2070 4.
740 2043 747 2056 ‘
764 2040 847 2070 Cum
860 2039 923 2070 hoc

226 2090 344 2122 eodem
362 2090 404 2121 (le
421 2090 586 2121 Clastidio
603 2091 691 2130 apud
719 2090 850 2121 Padum
867 2090 924 2120 de-

223 2139 359 2171 cernit!
383 2140 448 2171 Ms.
467 2140 603 2181 quidem
620 2140 757 2172 Norvic.
774 2145 810 2171 et
824 2140 923 2171 editt.

227 2190 324 2221 Rom.
337 2190 425 2220 Ven.
450 2190 608 2220 Beroald.
635 2191 798 2221 exhibent
823 2192 924 2221 decer-

223 2240 312 2270 tandi
324 2243 525 2280 potestatem:
539 2250 614 2281 quae
631 2251 708 2279 vox,
725 2241 924 2281 explicatio-

223 2289 276 2320 nis
302 2299 417 2326 causa‚
447 2300 512 2320 01·ae
545 2290 709 2321 Codicum
740 2291 926 2331 adscripta,

224 2349 340 2371 veram
352 2341 534 2371 lectionem
551 2341 626 2372 loco
642 2352 700 2372 suo
713 2344 831 2373 movit.
867 2343 924 2373 Sic

225 2389 314 2430 apud
342 2390 441 2421 Corn.
466 2392 635 2430 Nepotem
662 2392 809 2422 Hannib.
827 2395 924 2422 c.10.

225 2443 258 2471 4.
291 2440 346 2471 ubi
377 2442 525 2471 nonnulli
560 2448 654 2472 recte
683 2443 789 2473 edunt
821 2443 924 2473 Classe

225 2491 334 2530 paucis
348 2490 454 2520 diebus
470 2494 557 2520 erunt
583 2492 750 2529 decretur-i,
777 2493 808 2522 in
825 2493 924 2532 pluri-

225 2549 298 2571 mas
313 2539 413 2571 editt.
439 2541 626 2571 decertatur-i
642 2552 682 2571 ex
708 2542 923 2573 Glossemate

226 2589 376 2631 irrepsit.
423 2591 530 2621 Daris.
592 2592 785 2622 Deccrtandi
823 2593 923 2623 etiam

227 2639 314 2671 Edd.
330 2640 470 2670 Vascos.
496 2641 614 2680 steph.
640 2642 749 2673 suad.
777 2647 813 2673 ct
836 2643 922 2672 aliae.

225 2689 314 2721 Vide
344 2689 386 2720 ad
417 2690 568 2721 Frontin.
608 2700 663 2722 ιη.
690 2695 719 2722 ὓ.
750 2695 778 2723 1.
806 2698 843 2724 et
872 2693 922 2724 Cl.

228 2740 344 2772 Burni.
364 2739 406 2771 ad
421 2740 515 2772 Suet.
533 2741 617 2773 Ner.
634 2751 665 2773 c.
681 2744 732 2773 26.

684 192 824 223 NOTAE
858 190 1122 221 VARIORUM
1157 189 1207 219 IN

1012 287 1054 316 20
1078 284 1289 325 Dyrrachium
1302 282 1403 324 venit]
1425 278 1670 321 Reponendum

971 345 1013 366 ex
1030 336 1122 366 Msto
1141 335 1279 366 Norvic.
1299 336 1340 364 ad
1367 332 1604 374 Dyrrhachium
1620 340 1671 362 ve·

970 386 1041 421 πίω
1072 385 1233 425 oppidum
1265 385 1352 415 enini
1382 384 1498 414 Caesar
1525 391 1592 412 non
1618 384 1673 412 est

971 435 1162 475 ingressum
1188 440 1415 475 pra-terquain
1436 432 1524 473 quod
1541 431 1671 463 urbium

973 484 1162 515 nominibus
1189 485 1446 524 praeposhiuues
1475 482 1673 523 frequenter

972 535 1136 575 adjungat
1169 535 1307 565 Noster.
1348 535 1457 565 Daris.
1514 533 1568 563 Ad
1585 533 1671 574 Dyr-

972 585 1143 615 rhachium.
1189 584 1243 614 Ita
1271 594 1312 614 ex
1335 585 1398 614 Ms.
1427 584 1551 614 Eliensi
1576 588 1671 614 recte

974 635 1126 666 restituit
1152 635 1323 665 Davisius.
1383 634 1471 664 Vide
1500 642 1601 674 supra
1627 631 1671 662 ad

973 697 1002 717 c.
1026 689 1077 717 40.
1104 688 1112 702 ⁸
1132 685 1185 715 Ad
1211 685 1374 716 Oricum!
1420 685 1488 716 Alii
1513 685 1672 725 proeposi-

973 738 1098 767 tionem
1122 736 1297 768 omittunt.
1344 737 1452 768 Clark.
1510 736 1551 767 In
1582 735 1674 766 nullo

973 796 1122 817 meorum
1164 788 1330 827 reperitur
1366 787 1420 817 hic
1464 785 1672 826 praepositio.

972 837 1060 868 Vide
1078 837 1121 867 ad
1139 838 1178 868 Β.
1196 837 1285 868 Gall.
1304 847 1326 869 1.
1341 840 1373 868 7.
1397 839 1404 853 ‘
1424 836 1478 868 Ad
1497 838 1673 869 Genevam

973 886 1152 927 pervenit!
1198 887 1287 917 Dein
1300 898 1427 927 parram
1441 891 1562 927 partem
1578 886 1674 917 malit

974 936 1182 968 Hotomann.
1206 936 1271 967 Sed
1286 937 1340 967 adi
1359 942 1476 968 notata
1492 937 1534 967 ad
1550 939 1673 968 Vll-68.

1016 994 1102 1016 xun.
1118 989 1157 1016 12
1174 986 1214 1017 L.
1230 987 1412 1018 Canuleium
1426 987 1562 1025 legatum
1574 984 1674 1025 misit]

973 1035 1014 1065 In
1031 1045 1198 1067 manuscr.
1222 1042 1339 1067 nostro
1355 1042 1391 1067 et
1417 1038 1536 1068 Petav.
1563 1040 1614 1067 est
1632 1036 1673 1072 Q.

976 1085 1103 1116 Tillium
1120 1090 1150 1116 et
1176 1087 1215 1117 L.
1234 1087 1416 1117 Canuleium
1438 1088 1586 1125 legatum.
1633 1086 1673 1117 111

972 1134 1085 1165 Palat.
1110 1140 1145 1166 et
1169 1136 1278 1176 Bong.
1306 1136 1496 1171 Quintilium
1514 1142 1544 1168 et
1561 1137 1598 1168 L.
1616 1137 1675 1167 Ca·

971 1186 1107 1216 nuleium
1134 1187 1282 1225 legatum.
1342 1187 1382 1217 In
1412 1187 1598 1227 Cujaciano
1631 1187 1673 1222 Q.

977 1236 1104 1267 Titium.
1151 1237 1250 1268 Quod
1282 1237 1405 1277 probo3
1429 1247 1505 1268 nam
1539 1237 1674 1271 Quinti-

973 1286 1035 1317 lius
1051 1287 1155 1317 solum
1173 1297 1367 1327 praenomen
1389 1293 1452 1319 est.
1496 1288 1674 1320 Tilliorum

973 1336 1066 1366 nulla
1092 1346 1174 1376 gens
1191 1342 1250 1367 aut
1275 1336 1424 1376 faniilia3
1448 1343 1487 1369 ut
1510 1338 1674 1369 Titiorum

973 1395 1096 1416 nomen
1122 1391 1251 1425 notum,
1277 1392 1313 1417 et
1329 1386 1417 1418 infra
1443 1388 1482 1419 L.
1496 1388 1606 1419 Titius
1632 1388 1674 1420 ab

975 1436 1090 1466 Hirtio
1106 1436 1163 1467 iib.
1181 1437 1223 1467 de
1247 1437 1285 1468 B.
1302 1437 1471 1469 Alexand.
1485 1440 1675 1470 nominatur

973 1486 1064 1517 Trib.
1085 1487 1183 1518 milit.
1202 1488 1341 1527 legionis
1357 1489 1570 1520 Vernacnlae.
1607 1490 1674 1520 Ex-

973 1541 1048 1567 tant
1063 1537 1165 1568 etiam
1184 1537 1324 1576 denarii,
1341 1538 1373 1568 in
1391 1539 1511 1579 quibus
1526 1539 1674 1579 reperias

975 1588 1016 1620 Q.
1033 1588 1199 1619 TITIVS.
1246 1589 1360 1621 Quare
1387 1588 1595 1620 reddendum
1611 1589 1673 1620 hoc

973 1648 1094 1669 nomen
1125 1639 1262 1679 Caesari,
1292 1644 1325 1670 et
1351 1639 1588 1670 scribendum:
1627 1640 1674 1671 rei

965 1688 1188 1726 frumentaria>
1203 1700 1309 1720 caussa
1323 1690 1363 1725 Q.
1384 1689 1502 1721 Titium
1516 1694 1546 1721 et
1559 1690 1599 1721 L.
1616 1691 1677 1721 Ca-

973 1739 1110 1770 nuleium
1126 1740 1261 1779 legatum
1277 1741 1374 1772 misit.
1405 1742 1535 1772 Vossius.
1576 1741 1676 1776 Quin.-

974 1789 1077 1819 tilium
1093 1793 1122 1820 ct
1149 1789 1186 1820 L.
1215 1792 1252 1821 C.
1278 1791 1371 1822 Laid.
1397 1800 1465 1822 sec.
1493 1791 1579 1823 Edd.
1608 1791 1675 1832 pri-

974 1848 1051 1876 mae,
1060 1839 1198 1869 vascos.
1210 1841 1324 1880 steph.
1336 1845 1370 1872 et
1379 1841 1470 1871 aliae:
1489 1841 1675 1875 Quiritium

974 1891 1004 1918 et
1032 1889 1157 1919 Lovan.
1180 1889 1238 1919 sed
1264 1891 1352 1921 Scal.
1369 1891 1464 1922 Voss.
1490 1891 1530 1925 Q.
1548 1891 1676 1922 Tillium

974 1942 1004 1968 et
1021 1939 1059 1969 L.
1076 1940 1164 1979 quod
1183 1939 1322 1980 praet'ert
1341 1942 1519 1972 Gruterus.
1553 1941 1673 1972 Malim

975 1998 1036 2029 ego
1054 1990 1094 2023 Q.
1114 1990 1245 2020 Tullium
1261 1994 1290 2021 el
1317 1992 1356 2022 Ι..
1376 1991 1453 2021 Can.
1481 1991 1528 2022 uti
1545 1990 1674 2022 diserte

975 2044 1088 2069 exstat
1127 2039 1158 2069 in
1190 2040 1284 2070 Leid.
1314 2040 1432 2080 primo.
1492 2040 1558 2072 Qui
1583 2039 1674 2070 enim

976 2088 1075 2127 vulgo
1093 2089 1203 2119 Tillius
1232 2090 1356 2120 cimber
1372 2090 1478 2131 audit,
1504 2090 1535 2120 in
1563 2099 1676 2121 emen-

976 2137 1164 2168 datioribus
1181 2139 1284 2178 libris,
1306 2140 1422 2170 Tullius
1440 2140 1564 2171 Cimber
1580 2148 1676 2171 voca-

976 2192 1042 2218 tur.
1089 2189 1236 2219 Consule
1249 2189 1407 2220 Turi-ent.
1425 2195 1459 2220 et
1473 2189 1613 2221 Casanb.
1629 2189 1673 2220 ad

974 2239 1112 2269 Sueton.
1138 2239 1221 2270 Caes.
1253 2250 1283 2270 c.
1312 2243 1364 2271 82.
1410 2241 1464 2271 De
1496 2240 1586 2271 Tillio
1620 2240 1676 2270 vel

977 2288 1076 2319 Tullio
1092 2288 1230 2328 Cimbro,
1246 2289 1317 2319 sive
1334 2290 1445 2329 potius
1461 2290 1572 2329 Atilio,
1597 2289 1674 2320 vide

975 2338 1057 2369 ibid.
1087 2339 1129 2369 ad
1159 2340 1253 2371 suet.
1285 2340 1336 2370 Cl.
1365 2340 1480 2370 Burm.
1538 2340 1675 2379 Legatos

975 2389 1091 2420 mallet
1105 2389 1206 2419 etiam
1223 2390 1403 2420 Gruterus.

1020 2441 1056 2469 17
1092 2439 1267 2479 lupar-tato]
1306 2439 1345 2469 In
1379 2439 1537 2470 Leidensi
1563 2439 1671 2480 primo

976 2489 1136 2520 scribitur
1162 2490 1332 2529 inpar-latu.
1379 2490 1428 2520 Au
1456 2499 1536 2530 ergo
1562 2495 1597 2521 et
1619 2490 1674 2521 hic

975 2539 1205 2580 reponendum
1222 2545 1273 2571 est
1289 2539 1511 2580 inportatam?
1548 2539 1675 2571 Confer

976 2591 1108 2620 omnino
1136 2590 1230 2621 dicta
1258 2590 1300 2620 ad
1322 2591 1362 2620 B.
1391 2591 1434 2621 G.
1458 2600 1507 2622 lv.
1535 2593 1567 2622 2.
1590 2590 1676 2622 ‘Ju-

975 2640 1096 2670 mentis
1111 2640 1359 2679 inportatitiis.'

1019 2698 1123 2720 xun.
1142 2692 1160 2720 3
1187 2691 1381 2731 Castelluquc
1409 2691 1453 2721 ibi
1479 2689 1675 2730 communiit]

977 2740 1032 2771 Sic
1056 2740 1188 2781 reposui
1206 2750 1248 2771 ex
1269 2740 1352 2773 edit.
1370 2741 1490 2782 Steph.
1507 2745 1611 2783 atque
1625 2740 1675 2772 ita.
