1850 3109
534 195 594 223 DE
627 193 743 222 vl'rA
777 191 908 222 JULll
943 192 1174 222 cAEstxms.
1467 183 1577 223 1805

126 300 258 345 mutia,
291 298 558 348 praefectisque
591 297 724 334 AEduis
760 296 1019 346 Eporedorige
1059 297 1203 334 scilicet
1242 310 1287 334 ac
1322 297 1578 343 Viridomaro,

126 364 259 401 addito
280 362 416 400 comio
439 361 699 403 Atrebatensi3
731 360 796 410 qui
827 374 958 397 omnes
992 361 1156 397 Caesaris
1189 360 1469 398 familiarissimi
1502 362 1581 399 fue-

126 433 235 469 rant:
266 425 447 474 explicita
487 431 732 462 memoratur.
791 424 866 460 Sed
905 431 1091 462 excusant
1128 424 1291 461 sactum:
1334 424 1422 474 quia
1462 424 1582 461 ⁷vid‹·t

126 496 274 527 tantum
313 488 483 525 studium
523 487 797 538 recuperandae
830 487 976 524 bellicae
1011 488 1156 537 gloriae,
1190 494 1228 525 et
1256 488 1368 525 avitae
1399 486 1582 524 libertatis

126 552 358 596 incesserat;
402 552 515 601 [155]
546 559 587 588 ut
620 564 746 601 neque
781 550 1043 587 familiaritatis
1082 557 1197 600 atque
1236 551 1413 589 amicitiae
1451 550 1583 597 fraeno,

128 628 252 665 neque
286 615 363 652 ullo
398 615 606 652 “beneficio
644 615 694 651 ab
726 614 856 663 aliquo
890 621 1158 663 perceptorum
1200 615 1436 664 obligatione
1468 620 1584 664 atque

128 678 310 716 memoria
330 678 501 714 cobiberi
523 683 694 727 possent.
753 677 922 726 Eratque
955 677 1100 725 species
1130 677 1337 727 impietatis
1365 685 1482 728 atquc
1503 690 1586 726 per-

128 741 231 779 fidiae
251 741 413 778 amicum
436 753 560 785 nosse,
583 741 654 777 nisi
676 740 780 790 quod
799 741 864 790 qui
885 741 1030 777 amicus
1051 747 1088 779 et
1110 742 1242 790 patriae
1263 755 1341 778 suae
1363 748 1475 786 esset,
1495 740 1584 777 huic

129 804 310 843 libertatis
331 811 369 841 et
402 805 532 854 gloriae
566 804 694 842 studio
729 810 834 841 tanta
869 804 988 842 inerat
1022 805 1207 849 alacritas,
1229 811 1334 842 tanta
1354 818 1455 854 spes,
1475 804 1586 853 quasi

123 868 206 916 jam
226 868 426 918 praesentis
456 868 627 906 victoriae
659 869 887 918 anticipatio
907 869 1132 913 animorum,
1165 876 1206 906 ut
1226 869 1366 906 nullius
1387 875 1485 905 esset
1506 867 1587 918 opi-

130 931 207 977 nio,
241 933 439 969 Romanos
473 931 567 969 tanti
600 931 793 969 exercitus
833 931 1038 969 clamorem
1078 939 1193 981 atque
1231 938 1499 982 conspectum,
1539 944 1587 968 ne

131 995 259 1033 dicam
281 996 358 1033 vim
378 1002 495 1044 atque
516 1008 621 1032 arma
641 1008 845 1044 passuros:
877 995 1084 1044 praesertim
1106 1009 1191 1032 cum
1225 995 1367 1032 obsessi
1388 1007 1453 1032 eos
1472 994 1588 1032 rebus

132 1059 294 1107 cognitis
334 1058 508 1108 quotidie
543 1059 807 1108 eruptionibus
846 1066 1090 1101 exercerent;
1116 1059 1200 1106 jam
1238 1059 1426 1096 inclinatis
1460 1067 1496 1096 et
1525 1057 1590 1095 de-

132 1121 241 1159 fessis
280 1128 406 1159 tamen
445 1121 574 1158 subito
611 1134 754 1158 novum
799 1121 954 1171 pondus
993 1121 1209 1159 accederet.
1285 1122 1464 1172 Denique
1499 1123 1590 1159 Ver-

132 1185 356 1223 casianenus
403 1185 592 1222 Alvernns
631 1185 957 1235 Vercingetorigis
996 1185 1262 1230 consobrinus,
1301 1186 1470 1223 omnium
1509 1184 1589 1222 dux

132 1248 296 1299 eligitur,
319 1248 418 1286 datis
437 1262 457 1286 e
479 1248 653 1298 qualibet
673 1248 769 1285 urbe
790 1247 878 1286 viris
905 1247 1225 1298 prudentissimis,
1245 1261 1407 1298 quorum
1429 1248 1591 1285 consilio

133 1319 346 1361 regeretur:
377 1312 436 1349 his
467 1312 528 1349 ille
562 1311 744 1355 consiliis,
778 1317 896 1361 atque
927 1311 985 1348 his
1023 1311 1150 1356 armis,
1184 1312 1398 1361 plenusque
1437 1311 1591 1349 fiduciae

133 1375 296 1426 ingentis
316 1375 486 1413 Alexiam
509 1375 619 1425 petit.
678 1376 727 1412 Et
760 1375 798 1412 hi
830 1374 986 1425 quidem
1019 1375 1261 1419 festinabant,
1292 1375 1433 1412 obsessi
1462 1382 1591 1412 autem

135 1439 423 1477 consultabant:
454 1452 579 1488 neque
601 1451 690 1475 vero
711 1438 825 1476 facile
844 1450 990 1488 magnae
1016 1451 1073 1474 res
1091 1451 1211 1487 parvo
1231 1438 1268 1474 in
1289 1444 1461 1488 tempore
1480 1451 1594 1488 expe-

135 1502 208 1541 diri
227 1508 400 1553 possunt.
456 1502 552 1539 Haec
573 1502 687 1551 igitur
706 1508 810 1539 tanta
833 1500 882 1538 de
913 1507 989 1538 tam
1019 1500 1251 1539 distantibus
1277 1501 1372 1538 locis
1394 1500 1594 1538 hominum

134 1566 290 1603 ⁹coacto
311 1566 349 1602 in
371 1572 450 1603 tam
471 1566 604 1615 paucis
626 1565 762 1602 diebus
796 1565 878 1602 fieri
898 1564 1141 1615 nequivisset,
1163 1564 1233 1602 nisi
1252 1564 1486 1602 incredibilis
1508 1564 1594 1614 qui-

138 1629 225 1666 dem
246 1642 456 1667 consensus
478 1629 646 1666 omnium
668 1629 855 1666 affuisset:
885 1642 1010 1678 neque
1032 1635 1158 1666 tamen
1180 1628 1358 1666 omnibus
1379 1627 1594 1665 animorum

137 1693 300 1730 stimulis
320 1692 490 1730 festinari
510 1692 608 1729 adeo
629 1698 734 1729 tanta
756 1705 813 1729 res
834 1692 973 1742 potuit,
1009 1692 1099 1741 quin
1132 1692 1211 1729 dies
1245 1691 1437 1741 trigesima
1460 1704 1482 1728 a
1501 1692 1595 1728 Ver-

137 1757 373 1807 cingetorige
402 1756 587 1806 praedicta
607 1756 817 1800 transisset,
852 1762 986 1806 totque
1019 1756 1099 1792 dies
1133 1755 1210 1801 alii,
1244 1762 1284 1792 ut
1311 1769 1369 1792 res
1401 1768 1500 1803 aegre
1520 1767 1598 1792 am-

139 1820 238 1871 plius
260 1820 359 1857 trahi
379 1827 520 1869 posset.
578 1820 679 1856 Tum
702 1832 803 1864 ver0,
835 1819 902 1868 qui
935 1819 1157 1856 miserorum
1190 1831 1269 1855 mos
1300 1818 1525 1861 communis,
1547 1817 1594 1854 ad

140 1883 300 1922 consilia
336 1883 596 1920 concurritur:
643 1882 826 1920 dicuntur
866 1881 1017 1919 ¹0finem
1056 1894 1127 1931 pro
1165 1881 1376 1918 animorum
1414 1880 1599 1917 varietate

141 1946 361 1985 dissimiles:
393 1947 448 1984 bis
469 1946 636 1984 deditio:
670 1945 729 1982 his
764 1945 894 1994 placet
926 1945 1094 1993 eruptiot
1126 1944 1184 1980 his
1216 1944 1294 1980 vita
1324 1942 1512 1993 pacifica:
1543 1943 1599 1980 his

141 2011 303 2049 honesta
323 2023 439 2048 mors.
498 2011 589 2047 Erat
621 2009 719 2046 inter
737 2009 972 2046 consiliarios
995 2008 1052 2044 vir
1071 2021 1182 2052 unus,
1202 2020 1352 2057 magnae
1381 2007 1480 2045 inter
1510 2020 1598 2044 suos

141 2074 354 2124 opinionis:
383 2074 491 2124 origo
511 2073 565 2110 illi
585 2071 770 2117 Alverna,
793 2073 938 2110 clarum
961 2085 1096 2123 genus,
1119 2071 1236 2109 durus
1257 2071 1416 2114 animus,
1451 2069 1599 2107 inflexi-

141 2138 218 2175 bile
239 2137 492 2186 proposhum,
514 2149 650 2173 nomen
684 2137 764 2173 viro
795 2137 1070 2186 Tritognatus:
1101 2142 1258 2185 propter
1286 2148 1373 2184 quae
1396 2147 1470 2170 non
1491 2134 1539 2170 ab
1561 2146 1600 2171 re

142 2201 304 2238 fortasse
324 2199 450 2243 fuerit,
471 2199 612 2236 auditis
632 2199 792 2236 aliorum
811 2200 1024 2244 sententiis,
1049 2199 1139 2248 quid
1163 2199 1234 2235 iste
1255 2204 1423 2234 suaserat
1443 2196 1598 2233 audire:

144 2263 318 2315 quamvis
339 2269 466 2300 autem
486 2262 609 2299 oratio
630 2262 714 2309 ejus
736 2262 987 2312 longiuscula,
1024 2262 1095 2298 ¹¹in
1130 2262 1214 2297 haec
1249 2261 1417 2297 omnium
1453 2272 1602 2296 summa

144 2328 235 2365 fuit:
267 2326 379 2376 [156]
410 2325 520 2370 dixit,
555 2330 643 2362 ‘eos
674 2326 740 2375 qui
773 2326 1005 2363 deditionem
1042 2325 1245 2362 suaderent
1281 2324 1383 2360 ¹²nec
1418 2322 1602 2360 audiendi

147 2391 316 2442 quidem,
352 2389 529 2439 quoniam
562 2388 714 2425 nomine
749 2388 952 2425 deditionis
985 2387 1129 2425 foedam
1160 2395 1199 2424 et
1219 2387 1392 2424 miseram
1416 2385 1602 2423 suadeant

147 2454 387 2492 servitutem:
417 2465 483 2489 eos
504 2465 593 2488 vero
614 2452 679 2500 qui
707 2453 960 2501 eruptionem,
980 2451 1135 2488 viriliter
1168 2450 1325 2499 quidem
1356 2450 1474 2499 loqui,
1498 2449 1601 2498 quod

146 2517 244 2555 bene
279 2516 374 2554 mori
407 2515 497 2552 viris
530 2515 696 2552 sortibus
727 2515 992 2565 exoptandum
1015 2514 1081 2551 sit:
1113 2528 1186 2551 non
1222 2520 1347 2550 tamen
1371 2512 1511 2549 utiliter
1531 2524 1601 2548 nec

190 2668 209 2696 ⁷
236 2665 354 2705 Forte,
370 2669 547 2698 omnes.—8
571 2667 686 2705 Forte,
703 2666 992 2708 beneficiorum-9
1017 2665 1130 2702 Forte,
1155 2660 1372 2691 coactim-lo
1401 2658 1518 2696 Forte,
1532 2666 1600 2687 sen-

148 2719 351 2750 tentiae.-—ll
378 2720 493 2760 Forte,
507 2723 611 2751 tamen
626 2720 691 2751 hoec
705 2720 938 2752 omnium—12
956 2719 1063 2758 Lege,
1079 2725 1116 2746 ne
1132 2713 1308 2746 audiendos.
