1850 3109
457 193 873 235 οΑΡ.18.ιΛΒ.ι)κ
907 199 1061 227 annno
1097 201 1296 231 nisrAN.

154 302 260 333 iorum
291 300 454 332 Codicum
481 298 604 339 legitur
631 299 743 334 eruces,
777 305 850 336 quae

155 362 232 390 vox,
263 351 356 390 hujus
385 348 595 389 explicandae
624 347 745 387 gratia,
768 355 853 376 mar-

154 403 219 442 gini
243 406 294 432 est
312 400 492 438 adscripta.
538 400 648 430 Duris.
708 398 854 428 Canutius

155 456 205 481 est
222 451 322 480 etiam
340 450 372 479 in
391 450 472 480 mss.
488 449 582 480 Leia.
600 459 652 489 pr.
669 448 800 480 Thuan.
818 451 854 478 et

152 500 275 538 Scalig.
321 500 435 531 Quare
451 500 579 529 culcitas
601 508 665 529 non
683 499 852 538 displicet.

197 553 216 579 8
238 548 467 579 Stramentitioe
482 548 659 590 oerlificatoe]
706 549 782 579 Hoc
804 558 854 578 re.-

155 603 287 638 pertum
325 598 358 628 in
396 598 511 629 Ursini
549 599 672 630 Codice
703 599 855 630 exhibuit

156 649 282 689 primus
319 649 480 689 Scaliger.
542 649 662 681 Recte.
726 649 855 681 Confir-

157 704 248 730 mant
263 699 352 729 enini
369 700 489 730 l'etav.
510 700 601 731 Lcid.
619 709 688 730 sec.
705 700 803 730 Voss.
821 706 856 730 et

156 751 264 782 Dorv.
310 751 438 791 Estque
451 751 514 782 hoc
535 749 746 791 Adjectivum
765 751 854 791 apud

157 800 296 831 Petron.
313 810 341 832 c.
357 804 410 831 63.
434 806 469 832 et
486 801 518 831 iu
535 801 678 832 Glossis.
725 801 763 831 ln
779 802 858 831 Sca-

156 852 213 890 lig.
228 857 281 882 est
296 851 454 882 stramine.
500 851 566 882 Sed
595 851 689 883 Leid.
714 862 766 892 pr.
791 861 858 881 ser-

158 907 216 932 vat
233 907 312 933 ante
338 902 509 939 vulgatum
535 902 735 932 strumentis:
770 901 859 943 quod

158 952 260 982 etiam
297 951 434 982 defendi
476 956 590 992 potest
628 962 671 982 ex
708 961 789 983 vm.
828 950 860 983 5.

158 1002 167 1018 ‘
187 1007 290 1042 tecta,
306 1012 380 1043 qua:
404 1003 597 1034 ‚stramentis
612 1007 710 1034 erant
723 1002 862 1035 inaedifi-

159 1053 262 1084 cata.'

205 1107 244 1134 12
270 1104 496 1143 lia-istimabat]
531 1104 725 1145 Pompeius.
764 1103 864 1139 Rhel-

160 1154 287 1185 licanus
315 1154 357 1184 ad
388 1155 603 1185 tabeilarium
634 1154 754 1185 refert.
809 1155 863 1185 In-

160 1209 253 1245 epte.
300 1205 354 1235 De
380 1204 550 1236 locutione
579 1204 689 1244 oppido
718 1214 865 1245 represse-

160 1259 232 1286 runt
252 1255 326 1286 vide
342 1265 445 1295 supra
461 1255 502 1285 ad
520 1264 551 1286 c.
568 1257 619 1286 13.
636 1255 651 1294 ς
669 1258 700 1285 6.
735 1255 842 1285 Clark.

207 1308 246 1336 19
280 1306 483 1345 Jugtdatione
511 1305 731 1345 oppidanorum
756 1305 864 1345 facta]

165 1355 265 1386 Hanc
296 1355 498 1386 locutionem
519 1355 592 1397 plus
621 1356 694 1387 vice
721 1356 866 1396 simplici

164 1405 319 1437 adhibuit
349 1411 475 1444 noster,
510 1415 583 1437 eam
618 1411 730 1437 tamen
764 1406 864 1438 Joan.

165 1456 324 1487 Brantins
345 1456 543 1487 barbarismi
567 1457 750 1488 insimulat.
798 1457 866 1487 Sed

165 1515 368 1547 perperam3
406 1506 525 1538 eodem
553 1507 641 1537 enim
669 1507 767 1538 inodo
791 1508 867 1538 occi-

165 1557 279 1587 sionem
304 1556 413 1593 fucere
448 1557 608 1588 dixerunt
642 1557 788 1598 scriptor
825 1557 867 1587 ad

167 1606 379 1638 Herennium
404 1607 426 1637 l.
440 1616 489 1639 ιν.
516 1617 550 1647 p.
567 1610 618 1638 38.
635 1607 677 1638 A.
692 1612 728 1638 et
745 1608 868 1639 Cicero

167 1656 211 1687 de
239 1656 372 1688 invent.
399 1657 421 1689 l.
440 1666 478 1688 ιι.
507 1660 609 1697 p.66.
637 1657 690 1688 ed.
714 1657 867 1689 Lambin.

168 1706 278 1738 Daras.

211 1765 303 1787 xvu.
322 1759 336 1787 l
365 1756 496 1796 Catone]
521 1758 558 1787 C.
576 1757 712 1787 Antonio
727 1767 769 1788 ex
794 1767 869 1798 cap.

169 1818 239 1849 seq.
258 1808 451 1840 emendavit
468 1808 708 1849 Glanum-pius,
731 1818 804 1840 cnm
822 1814 872 1840 ta-

170 1869 246 1890 men
263 1859 296 1889 in
313 1859 468 1890 omnibus
487 1860 571 1890 Mss.
590 1860 634 1891 sit
651 1860 776 1892 Catone.
818 1860 873 1892 ΑΙ-

170 1914 280 1941 terum
309 1910 412 1941 etiam
442 1910 575 1950 recepit
599 1911 672 1951 jam
703 1910 872 1943 Clarkius.

170 1959 239 1992 Sed
267 1964 303 1991 et
335 1961 452 1991 Catone
481 1960 583 1991 habet
608 1961 739 2000 Celsus,
766 1966 802 1992 et
831 1971 874 1992 ex

171 2020 249 2052 cap.
276 2020 346 2052 seq.
365 2020 432 2041 non
456 2015 554 2051 patet
578 2012 682 2051 ciam,
706 2012 874 2042 Antonium

170 2062 226 2093 hic
244 2061 349 2094 innui.
393 2060 482 2092 Vide
498 2060 545 2092 ibi
562 2066 671 2092 notas.

216 2116 234 2143 5
252 2112 347 2151 Cujus
356 2111 494 2150 funesta?
504 2111 876 2152 laudes—exspectantes]

173 2160 262 2192 Haec
289 2161 517 2192 Librariorum
535 2161 616 2192 vitio
634 2161 791 2192 videntur
807 2171 877 2192 cor-

177 2220 290 2254 rupta,
306 2217 363 2243 aut
390 2213 519 2250 mutila,
544 2217 582 2243 ut
607 2213 678 2244 sine
701 2213 877 2244 meliorum

177 2264 285 2297 Codd.
303 2273 367 2304 ope
382 2263 491 2295 sanari
508 2273 572 2294 non
596 2264 736 2304 possint.
782 2265 878 2305 Ejus-

176 2315 268 2346 modi
284 2319 394 2345 tamen
416 2313 519 2344 libros
535 2323 673 2353 sperare
699 2323 765 2344 non
789 2314 880 2351 licet,

177 2375 252 2397 cum
269 2365 367 2395 hicce
384 2364 476 2395 locus
496 2363 580 2395 Julii
609 2362 698 2394 Celsi
726 2368 879 2403 tempore

179 2426 273 2457 aeque
289 2414 393 2447 fuerit
409 2415 559 2445 vitiatus.
614 2413 702 2444 Vide
717 2413 778 2444 vit.
793 2414 880 2445 Caes.

179 2477 212 2508 p.
230 2470 302 2498 241.
338 2465 453 2497 Davis.
512 2464 589 2495 Hoc
606 2470 657 2495 est
673 2464 784 2504 quippe
798 2464 882 2502 cnjus

180 2516 309 2548 funesta
336 2517 452 2555 Ιαιιᾱεε,
477 2516 529 2554 ⁸5⁶·
575 2514 685 2546 Quam
703 2514 881 2545 verborum

178 2566 477 2606 transpositionem
502 2565 658 2606 quoniam
685 2574 751 2595 non
780 2564 884 2595 aniiu-

181 2617 376 2647 adverterat
393 2616 566 2654 Davisius,
581 2615 693 2646 locum
708 2615 795 2646 huuc
813 2625 882 2646 mu-

182 2667 281 2698 tilum
305 2667 524 2697 existimavit.
566 2666 672 2696 Clark.
730 2665 777 2696 At
801 2666 883 2696 Mss.

186 2716 297 2748 Ursin.
313 2721 349 2747 et
365 2716 428 2747 mei
443 2725 556 2747 omnes
568 2715 695 2746 habent
707 2725 783 2747 cum
797 2715 884 2746 Edd.

186 2767 301 2809 primis
318 2767 459 2808 quoniam
475 2777 535 2799 seu
550 2769 611 2808 ειιΤι.
658 2768 702 2798 Et
718 2776 779 2808 pro
793 2768 885 2798 deda-

1487 190 1602 232 1057

903 304 973 324 mur
999 294 1111 325 statim
1143 295 1338 334 Leidenses,
1366 297 1489 335 Sculig.
1519 298 1606 328 Dor-

905 345 974 375 vill.
1002 350 1037 375 et
1062 345 1149 376 Edd.
1181 355 1238 386 pp.
1262 347 1414 377 dedimur.
1469 347 1538 378 Pro
1565 357 1605 377 eo

903 396 992 426 maie
1014 395 1242 436 Glandorpius
1270 397 1342 426 vuit
1367 396 1469 427 scribi
1497 396 1606 428 habea-

903 455 974 476 mur
990 447 1021 476 in
1034 447 1063 478 Ιι.
1076 456 1210 478 numero.
1254 447 1320 477 Adi
1338 452 1372 477 tu
1391 452 1486 477 notas
1500 447 1539 477 ad
1559 456 1607 478 vi.

905 500 937 528 0.
961 498 969 513 ‘
986 498 1131 528 hostium
1149 507 1183 527 se
1200 497 1393 528 habiturum
1412 497 1572 529 numeral

951 551 988 578 15
1015 548 1058 577 Et
1073 549 1202 587 qualem,
1215 549 1274 588 ait,
1296 548 1500 587 gentibusme
1529 558 1608 587 prer-

905 598 988 636 stiti,
999 598 1128 628 similem
1146 599 1177 628 in
1193 598 1306 629 civium
1318 597 1470 629 deditisne
1480 600 1610 638 praesta-

907 647 959 687 bo]
1006 649 1080 678 Hoc
1109 658 1317 688 responsum,
1335 649 1424 690 quod
1453 659 1471 679 a
1494 648 1609 689 vuigg.

907 698 1038 736 aberat,
1062 709 1103 728 ex
1130 699 1195 729 Ms.
1218 699 1348 730 Timan.
1367 699 1492 730 addidi.
1540 697 1608 729 Ms.

909 751 1049 782 Nonio.
1078 751 1186 781 locum
1216 750 1264 781 sic
1295 751 1459 782 exhibet:
1495 754 1529 781 ut
1553 751 1610 781 cle-

908 802 1068 839 mentium,
1079 812 1168 841 qnam
1178 801 1268 832 victis
1278 801 1426 841 gentibus
1436 801 1612 842 proebuisti,

909 852 1097 883 calamitosis
1133 852 1248 882 civibus
1277 852 1341 882 luis
1376 862 1436 882 non
1471 852 1614 889 deneges.

912 902 974 933 Cui
991 902 1164 941 Caesar,se
1186 913 1245 932 non
1268 900 1450 932 acerbiorem
1478 903 1511 931 in
1533 901 1615 932 cites

905 951 1053 990 sugatis;
1077 961 1141 982 non
1159 953 1259 991 male,
1276 953 1302 982 si
1320 962 1381 992 pro
1397 962 1478 982 voce
1497 953 1614 983 ultima

905 1001 1052 1040 futurum
1066 1011 1278 1042 reponamus.
1302 1003 1412 1033 Daris.
1448 1002 1614 1044 Idemque

914 1061 1109 1093 responsum
1147 1053 1179 1083 in
1219 1053 1285 1084 Ms.
1320 1053 1430 1093 Regio
1465 1053 1616 1093 repperi.

915 1102 1085 1132 Caeterum
1111 1101 1143 1131 in
1166 1102 1233 1132 Ms.
1252 1102 1378 1133 Eliensi
1395 1106 1486 1132 totus
1501 1102 1555 1132 hic
1573 1102 1619 1132 Ιο-

915 1161 973 1181 cus
990 1151 1037 1182 ita
1051 1152 1243 1191 exhibetur,
1267 1153 1372 1192 (quod
1397 1158 1431 1184 et
1455 1153 1543 1183 idem
1560 1162 1617 1183 no-

915 1202 1001 1232 tavit
1021 1202 1178 1232 Davisius
1192 1201 1216 1240 ξ)
1246 1202 1291 1232 Ut
1302 1203 1506 1240 clementiam,
1527 1213 1617 1242 quam

914 1253 1006 1282 victis
1030 1252 1113 1292 (ΜΒ.
1126 1252 1251 1292 Vossii,
1270 1253 1356 1293 aliis)
1379 1253 1525 1292 gentibus
1538 1263 1619 1293 μνω-

916 1303 1024 1341 buisti,
1038 1303 1228 1333 calamitosis
1252 1303 1368 1334 civibus
1395 1303 1459 1333 tuis
1484 1313 1542 1333 non
1568 1304 1620 1334 ‹Ie-

916 1363 1017 1391 neges.
1073 1353 1133 1383 Cui
1161 1353 1288 1389 Caesar;
1310 1354 1376 1384 “se
1404 1363 1460 1384 non
1488 1354 1620 1384 acerbio-

916 1413 981 1433 rem
1007 1404 1037 1433 in
1059 1404 1140 1434 cives
1162 1403 1243 1444 (Ms.
1262 1403 1412 1443 sugatis;
1436 1403 1494 1434 sed
1510 1413 1623 1434 emen-

919 1455 977 1486 dat
994 1454 1358 1496 Davisius)futurum.'’
1399 1455 1504 1486 Clark.
1555 1455 1622 1486 To-

920 1511 973 1537 tus
989 1511 1101 1536 autem
1118 1506 1210 1537 locus
1239 1515 1280 1536 ex
1306 1505 1496 1536 Petaviano
1516 1505 1623 1543 Msto,

920 1557 967 1587 sic
996 1561 1047 1586 est
1065 1554 1342 1586 constituendus:
1371 1556 1623 1595 Oramusque‚nt

919 1607 1121 1645 clementiam,
1148 1616 1237 1646 quam
1264 1605 1355 1636 victis
1377 1604 1522 1644 gentibus
1546 1614 1625 1645 proe-

922 1657 1028 1696 buisti,
1051 1657 1237 1687 calamitosis
1259 1656 1375 1686 civibus
1401 1657 1464 1686 tais
1489 1666 1548 1686 non
1574 1657 1626 1686 de-

921 1717 1023 1746 neges.
1082 1707 1145 1737 Cui
1163 1707 1287 1746 Caesar,
1303 1717 1333 1737 se
1360 1717 1419 1737 non
1441 1706 1626 1737 acerbiorem

923 1758 1049 1788 incites
1067 1756 1225 1796 saturum,
1251 1767 1340 1797 quam
1364 1758 1395 1787 in
1417 1757 1518 1787 hostes
1539 1757 1627 1788 teriia

924 1810 1052 1839 donatos
1092 1807 1207 1846 fuerit,
1246 1807 1445 1847 respondit:
1491 1807 1629 1838 remissis

924 1859 1028 1899 itaque
1056 1859 1179 1898 legatis,
1208 1860 1259 1898 8,·0.
1316 1859 1428 1889 Datis.
1460 1867 1530 1889 cur.
1560 1867 1627 1889 sec.

927 1909 1138 1949 Responsum
1174 1908 1316 1939 Caesaris
1356 1908 1452 1939 abest
1488 1919 1507 1939 a
1541 1909 1627 1939 Mss.

926 1960 1009 1990 meis
1041 1969 1186 2000 quoque,
1219 1965 1255 1990 ct
1284 1964 1399 1990 cetera
1426 1959 1565 1999 habent,
1590 1964 1629 1990 ut

926 2010 1050 2050 legitur
1076 2010 1108 2039 in
1134 2009 1290 2049 vulgatis.
1339 2010 1423 2041 Cum
1446 2010 1569 2040 Petav.
1597 2015 1633 2039 et

927 2060 1000 2091 aliis
1017 2059 1102 2091 facit
1118 2060 1236 2091 Celsus
1252 2059 1425 2090 scribens:
1450 2060 1459 2075 ‘
1475 2058 1550 2089 finis
1577 2068 1632 2090 au-

928 2115 997 2142 tem
1014 2109 1092 2149 fuit,
1115 2120 1149 2141 se
1167 2120 1186 2140 a
1202 2110 1368 2150 Pompeio
1381 2110 1548 2148 desertos,
1563 2110 1634 2140 vic-

930 2166 979 2192 tos
1008 2170 1028 2191 a
1052 2161 1197 2200 Caesare,
1213 2169 1315 2200 seque
1339 2165 1374 2191 et
1398 2160 1558 2200 oppidum
1577 2159 1633 2190 de-

929 2213 1010 2244 dere
1050 2217 1151 2254 atque
1189 2222 1298 2252 orare,
1336 2217 1374 2243 ut
1416 2212 1634 2243 clementiam

930 2273 1026 2304 quam
1045 2263 1145 2294 victis
1162 2262 1320 2303 gentibus
1338 2262 1552 2302 praebuisset,
1568 2263 1634 2293 suis

932 2313 1061 2344 civibus
1079 2323 1144 2343 non
1158 2311 1324 2353 negaret.¹
1370 2311 1545 2352 Additque
1559 2312 1638 2344 Cel-

932 2374 1000 2403 sus,
1024 2364 1033 2381 ‘
1052 2364 1164 2394 Multa
1182 2367 1306 2403 praeter
1321 2362 1395 2394 haec
1412 2363 1546 2394 locutus
1571 2367 1636 2401 est,

932 2424 1007 2456 quae
1025 2414 1227 2455 scriptorum
1244 2413 1326 2444 vitio
1343 2411 1486 2444 confusa
1508 2413 1563 2444 vix
1587 2413 1635 2444 in-

932 2466 1037 2505 telligi
1053 2463 1216 2505 possunt‚’
1229 2466 1292 2494 Sec.

977 2525 1090 2546 xvut.
1114 2518 1131 2545 1
1172 2515 1276 2550 Quum
1298 2515 1337 2544 ad
1360 2517 1638 2554 portam—appre-

933 2565 1054 2604 hendit]
1089 2565 1130 2596 In
1146 2565 1214 2595 ΜΞ.
1235 2564 1373 2595 Norvic.
1398 2563 1522 2603 legitur
1547 2572 1638 2602 quam

933 2618 973 2647 ad
998 2619 1119 2657 portam
1145 2615 1298 2646 venissent
1323 2614 1373 2645 Ti.
1391 2613 1518 2650 Tullius,
1544 2622 1638 2651 quum

933 2667 1138 2697 introeuntem
1170 2666 1207 2695 C.
1230 2663 1402 2695 Antonium
1431 2664 1551 2691 secutus
1580 2670 1640 2690 non

935 2720 1025 2754 esset,
1045 2717 1175 2746 revertit
1198 2716 1238 2744 ad
1258 2715 1391 2753 portam.
1436 2711 1588 2750 Optime,
1611 2711 1639 2741 si

935 2767 1156 2806 imm-pungas
1181 2772 1271 2804 quum
1285 2762 1326 2792 ad
1337 2763 1462 2801 portam
1475 2760 1640 2802 venissent,
