1850 3109
230 171 343 213 1688
767 184 832 214 AD
867 184 1144 216 LECTOREM.

234 283 283 319 ut
303 279 493 332 scrupuli
514 273 732 319 nonnullis
754 292 780 319 a
799 279 963 319 Sabino
985 285 1025 320 et
1047 280 1252 321 Carrione
1274 281 1435 334 injecti,
1459 281 1563 322 inter
1582 295 1692 335 quos

234 351 274 387 et
295 346 584 399 Tanaquillus
610 346 751 386 Faber
772 347 866 394 suit,
885 360 942 385 cx
964 348 1118 387 animis
1140 349 1362 388 hominum
1382 350 1556 401 penitus
1579 350 1694 391 evel-

236 412 431 453 lerentur.
496 413 589 453 Nee
617 413 815 465 equidem
840 413 1044 464 indignus
1065 420 1130 455 est
1151 428 1388 468 anonymus
1410 416 1477 455 hic
1501 416 1698 466 lectione,

242 493 342 521 cum
363 482 522 520 multas
549 493 702 532 graves
725 481 957 520 sententias
979 486 1198 534 aspergat,
1233 496 1332 534 qua·
1366 484 1569 523 lectorem
1598 497 1698 537 pos-

239 552 338 588 sunt
362 547 546 595 erudire,
569 553 615 587 ut
637 560 716 586 non
740 552 807 588 est
828 548 871 587 in
892 550 1205 599 cognoscendis
1228 550 1388 598 causis,
1411 564 1487 590 cur
1511 564 1698 604 quaeque

237 620 358 667 gesta
377 616 477 663 sint,
499 616 695 664 obtusus,
717 628 795 655 nec
829 617 992 656 inutilis
1014 621 1087 657 aut
1118 618 1358 669 legentibus
1379 622 1452 658 aut
1471 619 1698 660 edentibus

241 682 476 722 Ca=sarenn
537 682 641 722 Non
662 682 737 722 suit
759 684 869 723 enim
892 685 1115 737 imperitus
1137 698 1274 725 rerum
1296 685 1596 735 humanarum,
1618 700 1699 727 nec

239 763 320 804 pro
341 754 469 803 captu
488 750 606 789 illius
628 752 769 791 aetatis
789 751 1004 801 indoctus,
1025 754 1188 806 quippe
1214 754 1287 806 qui
1320 754 1361 793 in
1390 755 1565 806 scriptis
1593 753 1701 793 Tul-

237 818 379 867 lianis,
409 818 631 871 pra¹cipue
653 818 696 857 in
717 818 916 870 epistolis·
938 819 992 858 ad
1019 818 1210 859 Atticum
1239 820 1413 861 minime
1444 820 1574 861 suerit
1601 821 1701 860 bos-

241 899 337 939 pes,
358 899 413 925 ex
435 886 594 938 quibus
615 898 698 924 non
727 898 871 937 pauca
891 886 1123 938 excerpsit,
1146 899 1244 938 quae
1268 886 1432 926 faciunt
1453 887 1508 927 ad
1530 887 1701 927 Julium

242 953 466 994 Caesarem
487 951 813 1000 defendendum,
846 964 971 1004 quem
991 952 1226 993 admiratur
1247 954 1390 1002 unice,
1421 959 1462 994 et
1494 953 1548 993 ad
1578 954 1703 994 refel-

242 1020 369 1060 lenda
397 1032 668 1072 quaecunque
695 1019 739 1058 in
769 1019 843 1059 illo
873 1020 1225 1060 criminabantur.
1288 1020 1434 1061 'Editio
1468 1020 1542 1060 illa
1573 1021 1704 1062 unica

245 1088 343 1127 anni
381 1098 455 1127 cis)
476 1096 767 1126 cccc-Lxxiu
809 1086 975 1126 mendis
1008 1086 1186 1127 infinitis
1220 1088 1481 1140 inquinatur,
1516 1092 1559 1127 et
1595 1101 1705 1141 prae-

245 1155 371 1208 cipue
412 1154 657 1194 foedissime
701 1152 986 1193 dedecoratur
1037 1154 1306 1206 compendiis
1356 1155 1619 1207 syllabarum
1665 1159 1705 1196 et

243 1235 416 1269 vocum,
446 1235 545 1274 quie
574 1221 691 1260 illius
719 1221 928 1273 temporis
954 1221 1141 1261 librariis
1167 1225 1211 1261 ct
1242 1222 1394 1274 primis
1421 1222 1705 1276 typographis

245 1294 366 1331 erant
397 1289 640 1329 familiaria.
703 1288 869 1328 l'raetcr
890 1289 984 1329 haec
1005 1289 1301 1341 expressimus
1322 1301 1419 1329 eam
1440 1289 1482 1328 in
1505 1290 1704 1330 omnibus

245 1359 348 1407 sere,
397 1358 667 1408 intactosque
705 1355 959 1408 reliquimus
997 1368 1161 1395 errores
1201 1356 1292 1396 sive
1333 1355 1572 1395 scribarum
1612 1357 1706 1396 sive

248 1426 436 1467 auctoris
459 1425 503 1463 in
525 1422 835 1475 orthographia
855 1436 1029 1472 vocum,
1051 1427 1141 1463 tum
1169 1424 1389 1464 hominum
1422 1428 1463 1464 et
1495 1424 1705 1472 locorum,

248 1506 378 1547 quam
413 1492 595 1532 aliarum
638 1504 795 1540 rerum,
840 1503 940 1544 qua:
978 1491 1106 1531 facile
1152 1494 1349 1544 poterant.
1388 1489 1618 1539 emendari,
1658 1494 1706 1530 ut

247 1560 405 1601 Lector
425 1560 535 1599 lianc
555 1558 790 1598 editionem
809 1558 955 1610 legens
976 1570 1022 1597 se
1044 1558 1229 1610 primam
1248 1558 1385 1606 legere
1406 1557 1533 1597 sciat.
1593 1556 1706 1597 Con-

243 1627 438 1682 jecturas
472 1630 515 1666 et
549 1626 851 1673 correctiones,
886 1638 995 1678 quas
1028 1625 1232 1677 exigebat
1267 1624 1491 1673 sententia,
1525 1624 1707 1676 singulis

248 1694 419 1747 paginis
441 1692 724 1745 subjecimus.
786 1692 1023 1745 Speramus
1050 1692 1178 1746 hujus
1210 1692 1311 1732 libri
1342 1691 1497 1744 paucis
1528 1691 1707 1743 cogniti,

249 1761 430 1801 Simlero
452 1764 564 1800 certe
585 1763 627 1800 et
647 1758 856 1809 Gesnero,
884 1759 1232 1811 diligentissimis
1254 1759 1338 1799 illis
1358 1759 1565 1799 librorum
1586 1759 1708 1799 inda-

251 1829 474 1880 gatoribus
494 1827 694 1879 ignorati,
723 1840 803 1868 nec
832 1827 876 1867 in
902 1827 1148 1867 biliothecis
1176 1825 1538 1879 locupletissimis
1569 1825 1709 1867 Galli-

253 1897 319 1936 cis
340 1896 512 1947 reperti,
536 1899 581 1934 ut
600 1895 642 1934 in
662 1894 843 1934 dubium
865 1898 1105 1943 vocaretur,
1136 1908 1237 1934 num
1255 1907 1449 1946 unquam
1471 1894 1705 1942 extitisset,

252 1965 328 2002 aut
347 1962 488 2001 lucem
515 1960 712 2010 vidisset,
743 1960 975 2001 editionem
1005 1974 1088 2000 non
1117 1962 1325 2013 ingratam
1353 1961 1539 2001 suturam
1571 1961 1708 2001 bomi-

254 2030 380 2070 nibus
398 2027 507 2069 belle
527 2027 727 2068 curiosis,
788 2027 916 2068 Vale.
979 2026 1103 2067 Ληηο
1127 2038 1386 2068 Miicxcvii.
