1850 3109
487 206 590 235 cAP.
611 195 679 234 11.
714 204 807 233 mn.
833 204 895 233 DE
928 203 1083 233 BELLO
1116 206 1314 238 llisPAN.

171 309 205 330 ae
215 299 423 330 committeret.
448 299 579 329 Mittere
593 307 623 328 se
639 304 727 330 esset
741 299 870 330 dictum

175 355 211 380 ut
229 360 255 380 c.
281 353 311 380 4.
335 349 344 365 ‘
361 349 401 378 ad
429 348 589 389 oppidum
619 359 653 380 se
677 349 868 380 ‹lederunt.'

174 400 228 430 Ita
244 398 431 439 saepeferre
452 408 493 428 se.
541 398 649 429 Immo
671 400 680 415 ‘
694 404 870 439 reportare

172 450 218 480 ιε’
236 448 322 479 infra
339 458 369 479 c.
386 451 439 479 40.
485 448 586 479 Aliud
603 449 681 490 quid
699 454 808 480 tamen
825 451 871 480 la-

173 505 244 530 tere
260 503 351 539 put0.

214 552 234 580 6
260 549 374 589 Coepit,
389 553 423 580 ut
439 549 647 581 laborantibus
668 550 873 591 succurreret]

172 598 355 630 manifesto
382 600 529 630 absurda
562 606 615 631 est
650 602 721 631 liaec
758 601 873 638 lectio,

173 660 235 681 nec
253 651 341 681 euim
356 650 540 691 Pompeius
558 651 789 682 laborantibus
803 651 874 681 Ca»-

171 701 311 731 sarianis
329 702 593 732 succurrendum
611 702 756 741 putavit.
792 701 873 732 Om-

173 752 262 791 nino,
278 757 407 782 mutata
433 752 665 790 distinctione,
688 752 874 783 rescriben-

173 802 251 832 dum
267 811 443 842 oppugnare
457 803 558 842 coepit.
610 803 652 832 Ut
668 801 876 832 laborantibus

171 856 396 891 succurrerent,
413 853 513 883 nostri
526 863 616 892 quum
638 853 876 893 appropinquas-

174 906 254 941 sent,
270 906 321 942 lise.
340 903 620 944 quemadmodum
638 909 716 935 ante
733 914 785 935 me
799 914 875 934 con-

169 954 259 993 jecit
295 953 394 985 Joan.
439 954 677 995 Glandorpius.
744 955 876 995 Ineptit

173 1004 272 1035 Joan.
305 1004 495 1042 Goduinus,
531 1005 584 1035 cui
616 1009 693 1045 post
723 1005 876 1036 ultimam

173 1064 296 1084 vocem
324 1054 438 1085 Caesar
462 1055 596 1085 videtur
623 1054 876 1095 intelligendus.

177 1104 288 1134 Dacis.
333 1104 442 1134 Locus
459 1104 513 1134 hie
541 1103 624 1133 mire
647 1105 744 1134 torsit
767 1105 878 1135 Inter·

175 1159 303 1195 preteS.
364 1151 549 1183 Manifesto
585 1152 730 1183 absurda
759 1154 877 1191 lectio,

175 1203 284 1244 inquit
301 1203 476 1241 Davisius3
502 1208 540 1234 ut
555 1203 738 1242 Pompeius
754 1204 878 1234 castel-

176 1254 243 1284 lum
271 1252 416 1284 Caesaris
442 1258 671 1294 oppugnaret,
697 1264 762 1294 quo
787 1254 878 1284 labo-

176 1302 330 1334 rantibus
342 1303 552 1334 Caesareanis
563 1310 787 1335 succurreret.
813 1305 879 1336 Go-

176 1354 298 1385 duinus
327 1354 389 1385 hoc
414 1355 514 1385 modo
532 1355 677 1395 accipit:
706 1356 879 1386 Castellum

174 1414 351 1444 oppugnare
367 1406 457 1444 coepit
477 1405 668 1445 Pompeius,
692 1408 725 1435 ut
741 1405 879 1436 laboran-

175 1455 257 1485 tibus
274 1458 464 1486 succurreret
489 1455 619 1486 Caesar:
645 1455 760 1496 inepte
784 1466 877 1496 pror-

176 1515 243 1536 sus.
290 1505 520 1546 Glandorpius
535 1505 637 1546 igitur
654 1511 690 1537 et
706 1507 878 1547 Davisius,

177 1561 306 1586 mutata
333 1555 563 1595 distinctione,
591 1556 794 1595 emendant3
817 1566 880 1588 cas-

176 1607 283 1636 tellam
298 1615 472 1646 oppugnare
496 1607 597 1646 coepit.
647 1607 690 1637 Ut
715 1607 881 1638 laboranti-

178 1656 232 1686 bus
256 1661 508 1694 succurrerent,
534 1657 633 1686 nostri
660 1667 751 1696 quum
772 1668 881 1698 appro-

175 1707 386 1746 pinquassent,
421 1707 475 1745 ὅγε.
535 1705 650 1746 Atque
682 1707 764 1737 illud
793 1707 882 1738 forte

179 1756 243 1786 sibi
260 1755 367 1786 voluit
383 1755 575 1794 Goduinus,
591 1756 673 1787 licet
697 1756 883 1788 distinctio-

178 1815 254 1836 nem
272 1810 404 1836 mutare
421 1806 584 1837 omiserit.
628 1806 755 1837 Verum
774 1816 884 1848 neque

180 1857 237 1887 illa
268 1856 461 1887 emendatio
489 1863 581 1887 stare
613 1857 751 1897 poterit.
797 1858 884 1888 Nam

179 1907 277 1946 illud,
314 1907 412 1937 nostri
449 1917 542 1947 quum
578 1908 884 1948 appropinquassent,

180 1966 245 1988 non
261 1962 375 1997 potest
392 1957 538 1997 intelligi
554 1957 597 1988 de
617 1958 826 1988 Caesareanis
841 1958 884 1989 ad

179 2007 442 2038 succurrendum
466 2007 692 2047 venientibus,
706 2008 785 2048 quia
803 2012 886 2048 post-

179 2067 215 2088 ea
231 2061 347 2088 narrat
371 2063 492 2088 auctor
518 2057 678 2088 nuncium
696 2058 820 2089 Caesari
841 2058 884 2089 de

181 2107 323 2138 castello
339 2112 535 2148 oppugnato
549 2107 685 2147 primum
708 2118 781 2139 esse
806 2109 886 2139 alla-

182 2161 265 2195 tum,
281 2165 424 2197 eumque
451 2160 515 2187 tum
531 2159 652 2188 deinum
679 2168 754 2189 eum
782 2159 886 2199 legio-

181 2207 281 2237 nibus
320 2207 363 2237 ad
402 2207 667 2238 succurrendum
704 2210 886 2249 appropin-

183 2265 315 2297 quasse.
377 2256 618 2296 Quamobrem,
634 2266 670 2287 re
688 2262 761 2288 tota
777 2260 887 2298 pensi-

183 2312 265 2347 tata,
281 2307 462 2339 lectionem
482 2308 653 2348 vulgatam
682 2317 794 2339 veram
811 2319 887 2340 esse

182 2357 350 2397 existimo,
366 2363 467 2399 atque
489 2358 553 2389 hoc
575 2358 674 2389 modo
699 2358 887 2400 intelligen-

183 2408 280 2439 dam:
308 2410 475 2440 Castellum
502 2408 682 2451 (Caesaris)
708 2421 888 2451 oppugnare

183 2460 272 2500 coepit
290 2461 485 2500 Pompeius,
506 2465 539 2492 ut
562 2462 772 2493 laborantibus
785 2462 887 2504 (Ate-

184 2511 302 2550 guanis
319 2510 386 2541 suis
404 2520 423 2541 a
439 2512 572 2543 Caesare
588 2512 750 2552 obsessis)
766 2523 887 2545 succur-

184 2564 278 2591 reret.
302 2561 414 2591 Nostri
428 2561 478 2602 (in
492 2563 659 2602 castello)
673 2574 765 2604 quum
780 2575 888 2605 appro-

183 2610 379 2650 pinquassent
395 2612 639 2653 (Pompeiani,)
760 2616 888 2646 telorum

181 2661 285 2699 jactus
298 2662 464 2702 (eminus)
480 2661 588 2700 facere
604 2668 759 2704 coeperunt
770 2676 782 2702 ;

190 2709 259 2744 Quo
269 2714 403 2750 peracto,
415 2722 505 2751 quum
518 2723 558 2744 ex
569 2715 694 2744 castello
705 2714 889 2755 (cominus)

187 2768 358 2799 repugnare
373 2761 542 2802 coepissent,
556 2767 585 2794 et
602 2764 766 2802 majoribus
780 2765 892 2796 castris

1510 197 1621 240 1653

925 297 1043 327 Coesari
1068 298 1195 328 nuncius
1219 302 1294 329 esset
1320 300 1451 336 allatus,-
1483 313 1550 332 cum
1578 311 1622 333 ιιι

922 347 1091 385 legionibus
1107 352 1150 378 est
1163 348 1329 388 profectus,
1343 351 1394 389 &a
1426 352 1535 382 Clark.

968 401 1005 428 13
1031 398 1069 428 In
1094 398 1215 438 quibus]
1261 399 1353 430 Edit.
1375 401 1528 432 Beroald.
1544 402 1621 432 dua-

925 448 985 478 bus
1011 449 1148 479 vocibus
1175 449 1312 489 additis,
1341 455 1566 490 repraesentat
1594 453 1624 481 in

923 499 1034 538 quibus
1063 500 1121 529 duo
1152 500 1267 535 mittum
1306 504 1354 538 at,
1393 505 1620 542 praeterquam

926 549 1014 590 qnod
1038 550 1092 581 alii
1119 560 1233 582 omnes
1260 551 1368 583 Codd.
1390 552 1624 593 adversantur,

926 600 1034 640 major
1049 606 1101 631 est
1119 610 1273 632 numerus
1289 611 1388 642 quam
1404 606 1442 633 ut
1464 602 1529 633 huc
1550 612 1625 633 con-

927 651 1060 680 veniat:
1087 650 1229 690 proinde
1246 662 1322 682 cum
1339 653 1403 683 Ms.
1419 653 1522 684 Norv.
1537 653 1625 693 prio-

927 710 997 731 rem
1014 702 1117 731 etiam
1131 702 1306 733 verborum
1321 703 1430 743 bigam
1448 704 1624 735 delendam

927 750 1085 790 arbitror,
1099 751 1223 792 quippe
1248 762 1321 792 quae
1344 753 1477 783 omnino
1494 758 1625 784 vacent.

928 801 1039 831 Datis.
1086 801 1125 832 In
1139 801 1248 841 quibus
1270 802 1393 833 desunt
1412 812 1544 844 quoque
1562 803 1627 834 Pe-

929 851 1083 882 taviano:
1109 861 1191 893 quas
1217 862 1320 883 voces
1348 862 1390 883 ex
1415 854 1520 884 Norv.
1541 853 1627 884 Cod.

929 901 1093 932 audacter
1109 911 1127 932 e
1145 907 1242 934 textu
1265 903 1366 943 ejecit
1391 903 1564 934 Clarkius:
1591 909 1627 935 at

930 962 1020 989 vero,
1036 953 1068 983 in
1084 952 1192 993 quibus
1207 954 1267 983 duo
1288 971 1373 976 ——
1389 964 1429 984 m.
1455 954 1579 993 legitur
1596 955 1628 983 in

929 1002 1024 1034 Leid.
1044 1012 1092 1044 pr.
1110 1012 1171 1034 nec
1191 1012 1254 1033 non
1272 1004 1304 1034 in
1321 1004 1444 1044 Scalig.
1463 1004 1631 1044 quomodo

930 1053 1075 1093 exprimi
1089 1054 1216 1090 curavi,
1232 1054 1393 1084 asterisco
1408 1054 1524 1085 addito
1536 1055 1631 1095 capti,

930 1103 963 1133 in
998 1104 1107 1143 quibus
1141 1105 1199 1134 duo
1229 1105 1246 1120 ⁴*
1279 1105 1387 1135 Multi.
1456 1105 1630 1135 Excidisse

930 1152 1066 1183 videtur
1081 1163 1158 1192 vox,
1173 1163 1238 1194 qua
1253 1153 1506 1194 designabatur,
1518 1155 1633 1195 quales

930 1203 963 1233 hi
980 1202 1046 1233 duo
1064 1202 1202 1241 fuerint,
1221 1209 1258 1234 ut
1273 1204 1391 1234 tribuni
1414 1205 1465 1235 vel
1480 1206 1632 1235 centurio-

931 1263 993 1292 nes,
1009 1253 1188 1284 similesve.

975 1312 1012 1334 x.
1025 1308 1040 1335 l
1058 1303 1244 1344 Arguetius]
1261 1303 1451 1345 Glandorp.
1465 1304 1497 1335 in
1507 1304 1630 1337 Onom.

930 1354 1082 1385 nominat
1098 1354 1320 1394 Arguentium.
1367 1353 1559 1395 Adscripsit
1585 1356 1635 1385 vir

930 1405 1049 1436 doctus
1066 1405 1207 1446 margini
1222 1405 1265 1436 A.
1285 1405 1408 1436 Vettius
1422 1405 1475 1436 vel
1495 1406 1633 1446 Vargun-

929 1456 1018 1487 teins.

974 1509 992 1537 3
1016 1506 1080 1537 Suo
1105 1507 1167 1538 loco
1191 1507 1368 1547 proeteritus
1386 1507 1448 1547 est]
1492 1507 1582 1538 Mira
1598 1512 1634 1539 et

932 1557 1075 1588 insolens
1102 1558 1246 1595 locutio;
1271 1558 1304 1588 in
1332 1567 1398 1598 qua
1427 1558 1633 1597 subintelligi

934 1607 1079 1646 videtur,
1093 1609 1186 1647 locus,
1210 1612 1270 1639 aut
1295 1607 1423 1649 aliquid
1451 1608 1574 1639 simile:
1600 1608 1633 1638 id

933 1658 1023 1699 quod
1040 1658 1123 1689 alius
1149 1658 1301 1694 dixisset,
1324 1668 1377 1688 suo
1393 1659 1455 1689 loco
1480 1659 1636 1698 praeteri-

933 1712 1004 1738 tum
1022 1712 1078 1739 est.
1125 1709 1200 1740 Nisi
1216 1709 1299 1739 illud
1317 1710 1498 1749 praeten'tus
1515 1709 1556 1740 ad
1573 1710 1635 1740 Ar·

931 1758 1072 1797 guetium
1103 1758 1293 1797 referatnr3
1332 1759 1422 1800 quod
1460 1764 1517 1793 est
1551 1760 1635 1790 mire

935 1809 1125 1840 obscurum.
1193 1809 1337 1840 Codices
1375 1810 1538 1850 nonnulli,
1573 1810 1636 1841 Suo

935 1860 997 1890 loco
1032 1859 1102 1900 (vel
1131 1870 1187 1899 quo
1216 1860 1297 1899 loco)
1335 1860 1538 1900 perterritus
1570 1864 1638 1898 θεὶς

935 1909 1067 1940 scilicet
1094 1909 1275 1948 Arguetius.
1319 1910 1387 1940 Sed
1414 1915 1449 1941 et
1478 1910 1510 1941 id
1537 1911 1638 1942 valde

936 1959 1129 1991 obscurum.
1156 1961 1262 1991 Clark.
1309 1960 1351 1991 In
1374 1960 1482 1991 Norv.
1507 1961 1586 1992 Ber.
1603 1966 1639 1992 et

937 2010 1067 2050 Gryph.
1084 2010 1209 2051 legitur
1228 2011 1425 2050 perterritus.
1468 2011 1536 2042 Sed
1558 2021 1638 2052 pra’-

935 2061 1063 2092 teritum
1079 2061 1245 2092 rescribas
1261 2066 1412 2102 oportet.
1437 2062 1547 2093 Daris.
1564 2072 1638 2093 cur.

936 2121 1003 2142 sec.
1044 2111 1229 2142 Proeteritus
1246 2112 1371 2151 primus
1388 2121 1429 2142 ex
1446 2112 1560 2142 Ursini
1575 2112 1639 2143 Co-

938 2163 1014 2194 dice
1032 2163 1142 2194 edidit
1164 2163 1328 2203 Scaliger,
1345 2173 1410 2204 quo
1432 2162 1517 2194 facit
1541 2163 1637 2195 Leid.

938 2223 989 2253 pr.
1014 2213 1220 2253 proeterritus.
1275 2214 1388 2245 Ceteri
1417 2224 1492 2244 cum
1521 2213 1640 2254 priori-

938 2263 999 2294 bus
1016 2263 1104 2294 Edd.
1117 2265 1314 2303 perterritus.
1359 2265 1564 2295 Praeteritum
1581 2264 1640 2294 ali-

939 2322 1039 2353 quem
1068 2322 1201 2343 sensum
1230 2313 1357 2344 habet:
1396 2313 1454 2344 sed
1482 2313 1642 2344 videntur

939 2362 994 2393 hic
1012 2363 1117 2392 multa
1129 2362 1261 2393 deesse.
1301 2363 1368 2398 Quo
1383 2364 1447 2393 loco
1463 2363 1640 2394 Goduinus

940 2421 982 2443 ex
1009 2414 1029 2442 2
1058 2412 1188 2443 Tbuan.
1219 2412 1325 2444 Codd.
1359 2413 1451 2453 legit,
1478 2413 1527 2444 uti
1556 2418 1591 2444 et
1622 2422 1640 2444 e

940 2462 1139 2502 conjectura
1167 2472 1207 2492 ex
1235 2463 1358 2494 Italica.
1418 2463 1536 2494 Paullo
1564 2467 1641 2503 post

941 2512 1054 2542 addidi
1075 2522 1129 2542 sua
1152 2512 1349 2543 auctoribus
1377 2513 1462 2543 Mss.
1485 2512 1639 2543 omnibus

941 2567 976 2593 et
996 2562 1081 2593 Edd.
1099 2562 1227 2603 primis-

984 2622 1036 2643 xr.
1054 2616 1073 2643 2
1120 2612 1298 2652 Persecuti]
1350 2612 1404 2643 Sic.
1431 2611 1639 2643 recentiores

944 2663 1031 2694 Edd.
1048 2661 1640 2702 Amstela‘damensis,Davis.Lugd.

942 2719 977 2744 et
993 2714 1123 2745 Clarkii
1139 2713 1313 2744 exhibent.
1340 2712 1406 2742 Sed
1425 2712 1508 2741 Mss.
1525 2711 1641 2742 cuncti

942 2768 979 2796 et
1004 2763 1091 2795 Edd.
1119 2763 1213 2794 Vett.
1236 2763 1318 2793 item
1348 2761 1438 2792 Scal.
1463 2760 1639 2802 Jungenn.
