1850 3109
303 211 416 254 1476

294 322 436 358 torquet
458 318 512 349 bic
535 319 629 350 locus
657 319 828 358 Ursinum,
853 320 907 351 cui
925 320 1000 351 ridi-

301 369 412 399 culum
430 369 576 408 videtur,
595 370 786 409 Scipionem
804 379 876 400 sese
892 370 1001 410 Impe-

301 425 447 450 ratorem
473 421 676 460 appellasse,
708 421 786 460 quia
819 420 1000 452 detrimen-

302 475 371 499 tum
390 479 504 510 passus
520 471 576 501 sit.
621 470 743 510 Itaque
764 469 924 501 mendum
945 471 998 502 liic

300 529 371 550 esse
389 525 497 560 putat,
513 525 548 550 et
566 520 648 559 legit
663 521 882 552 emolumentis.
921 522 999 552 Non

298 571 467 601 intellexit
495 576 643 602 mentem
672 571 828 610 Caesaris,
855 572 911 612 qui
928 572 999 604 Sci-

297 622 432 661 pionem
446 621 593 660 deridet,
610 623 689 663 quia
703 632 769 654 non
783 622 826 653 ob
844 632 896 654 res
914 633 998 664 prae—

295 673 384 702 clare
402 676 527 712 gestas,
551 672 610 703 sed
638 672 845 703 detrimenta
869 674 998 714 prox-in-

295 723 356 753 ciae
373 722 480 760 illata,
503 721 546 753 ab
563 723 715 754 exercitu
732 723 925 763 Imperator
939 734 995 764 ap-

297 773 440 811 pellatus
458 773 512 804 sit.
557 773 763 804 Detrimentis
775 775 920 814 acceptis,
938 775 995 806 sci-

295 823 375 854 licet
403 833 423 854 a
449 823 636 863 provincia.
665 823 798 854 sossius.
832 825 994 855 Meudum

293 873 487 914 suspicatur
530 874 608 905 Pet.
655 874 867 912 Ciacconius,
905 875 992 905 uude

295 924 394 954 Fulv.
418 924 539 955 Ursino
578 924 810 964 reponendum
858 925 993 956 videtui·

292 975 504 1004 emolumentis
531 974 721 1014 quibuisdam.
766 974 853 1005 Sam.
879 980 992 1006 autem

290 1025 427 1055 Petitus
451 1024 596 1056 Observ.
621 1035 646 1056 1.
669 1028 701 1055 6.
722 1025 882 1056 emendat
893 1027 993 1065 petris

291 1075 434 1105 immitis.
479 1075 545 1106 Hae
569 1076 772 1115 conjecturae
796 1085 838 1106 ex
855 1085 896 1106 eo
914 1081 992 1106 sunt

291 1129 388 1161 ortae,
420 1124 509 1165 quod
540 1124 719 1156 ridiculum
752 1125 916 1165 putarint,
952 1131 990 1157 ut

287 1175 404 1215 Scipio
427 1175 470 1206 ob
497 1175 703 1206 detrimenta
729 1185 802 1206 sese
829 1176 913 1216 Imp.
934 1186 990 1217 ap-

287 1225 436 1263 pellarit.
481 1225 556 1256 Hoc
594 1226 684 1266 quod
722 1226 858 1265 attinet,
896 1232 990 1258 recte

289 1275 431 1315 quidem·
455 1275 503 1306 illi
521 1286 529 1311 ;
569 1275 629 1305 sed
662 1280 842 1315 propterea
876 1277 988 1316 prisca

284 1325 390 1355 lectio
417 1333 482 1355 non
505 1330 580 1356 erat
596 1325 833 1356 sollicitanda:
859 1326 987 1358 hostem

287 1374 375 1404 euim
403 1373 664 1405 infensissimum
693 1376 808 1406 Caesar
834 1375 988 1407 deriden-

286 1425 365 1455 dum
393 1425 564 1465 propinat,
592 1425 680 1465 quod
711 1436 786 1456 sese
813 1426 856 1457 ob
885 1426 988 1458 detri-

286 1480 399 1506 menta
416 1475 503 1516 Imp.
520 1477 851 1516 appellaverat‚cum
870 1478 925 1509 alii
942 1479 985 1510 ob

282 1526 447 1557 maximas
466 1536 518 1557 res
536 1532 648 1565 gestas
665 1533 699 1557 et
715 1527 862 1567 insignes
878 1528 985 1559 victo·

286 1577 352 1606 rias
367 1577 430 1607 hoc
450 1577 583 1607 nomine
601 1577 726 1607 suerint
742 1578 889 1609 salutati.
929 1580 984 1611 Sic

283 1626 356 1656 sere
385 1635 422 1656 se
453 1627 557 1667 gessit
588 1627 767 1666 Antonius
805 1629 861 1668 qui
895 1634 985 1661 teste

282 1676 415 1706 Yelleio
432 1677 614 1708 Paterculo
632 1687 671 1708 11.
689 1681 741 1708 82.
764 1679 773 1694 ⁴
789 1678 902 1718 sugam
932 1690 983 1710 su-

281 1735 347 1762 am,
365 1726 443 1767 quia
456 1727 551 1757 vivus
567 1728 712 1763 exierat,
729 1729 907 1759 victoriam
928 1740 982 1761 vo-

282 1777 404 1809 cabat!
442 1778 620 1818 Vulgatam
637 1780 839 1820 scripturam
858 1781 983 1813 retinet

281 1827 383 1857 etiam
420 1828 562 1869 Dionys.
597 1829 750 1868 Vossius,
793 1830 851 1860 sed
895 1833 982 1863 male

281 1886 417 1917 prorsus
433 1878 694 1918 interpretatur,
707 1879 785 1909 dum
801 1886 899 1920 putat
912 1883 981 1913 Sci—

278 1927 414 1966 pionem
430 1937 450 1957 a
466 1929 599 1959 Cmsarc
616 1929 764 1960 derisum
782 1940 866 1969 csse,
890 1934 980 1973 quod

278 1976 321 2006 ob
351 1976 557 2008 detrimenta
587 1978 770 2018 provinciae
801 1980 896 2011 illata
923 1982 981 2012 im·

279 2033 416 2067 perator
431 2028 476 2059 sit
491 2029 701 2069 appellatu53
725 2039 823 2070 quem
847 2040 980 2063 sensum

280 2078 444 2108 Latinitas
480 2088 547 2109 uon
578 2079 720 2118 patitur,
752 2085 979 2122 praeterquam

277 2129 366 2168 quod
383 2129 471 2160 circa
489 2130 653 2160 Amanum
671 2131 784 2161 hostes
801 2138 897 2163 crant
915 2134 979 2163 Ro-

275 2187 449 2209 manorum
465 2181 676 2220 sempiterni,
691 2187 725 2212 nt
741 2181 842 2213 docet
857 2183 978 2214 Cicero

277 2228 319 2258 ad
336 2227 446 2260 Attic.
466 2230 529 2269 Ep.
548 2240 581 2259 v.
599 2233 650 2260 20.
668 2236 703 2261 et
719 2231 812 2262 alibi.
857 2233 968 2264 Duris.

318 2282 339 2310 (3
376 2279 590 2320 I’roeceperat]
621 2280 862 2321 Anteceperat.
891 2284 978 2315 Nos-

277 2336 330 2361 ter
360 2341 391 2361 c.
421 2334 473 2362 87.
519 2331 622 2363 ‘Jam
654 2332 765 2369 animo
796 2333 976 2366 victoriam

275 2381 544 2419 praecipiebant.Y
565 2382 665 2413 Silius
680 2381 822 2413 Italicus
838 2393 884 2415 vr.
900 2387 974 2415 300.

275 2431 284 2446 ⁸
302 2430 356 2460 Dc
371 2431 533 2469 sanguine
551 2442 676 2472 pmnas.
709 2433 882 2474 Praecepit
907 2436 975 2475 'ry-

274 2479 336 2518 rio,
352 2484 387 2510 et
400 2486 585 2519 praesnmta
597 2481 731 2521 piacula
742 2482 881 2513 mortis!
897 2482 976 2514 Alia

271 2531 410 2571 hujusce
422 2531 630 2570 significatus
646 2534 803 2572 exempla
816 2535 973 2573 suppedi-

272 2581 359 2612 tabit
373 2581 423 2611 vir
435 2582 707 2621 elegantissimus
719 2583 826 2615 ,lanus
842 2584 972 2614 Brouk-

272 2632 388 2663 husius
403 2631 445 2662 ad
462 2632 635 2672 Propertii
652 2633 702 2662 El.
722 2641 769 2662 iv.
784 2636 814 2663 2.
833 2636 882 2665 ll.
906 2635 972 2664 Da-

271 2683 329 2713 tis.
375 2682 463 2713 Vide
500 2683 542 2713 ad
579 2683 663 2723 Cap.
698 2683 843 2723 primum
873 2684 969 2724 hujus

272 2732 361 2763 libri.

316 2785 356 2813 12
394 2783 488 2815 Voces
533 2783 731 2825 audirentur]
769 2784 891 2817 Petav.
933 2789 970 2818 et

766 224 906 254 NO‘rAE
941 224 1203 258 vARmRL'M
1237 227 1287 257 m

1048 320 1156 352 Norv.
1184 320 1309 352 liabent
1341 330 1424 352 cocee
1446 331 1516 352 aun
1540 322 1611 354 aad.
1655 322 1747 364 Lege

1050 371 1198 400 nans-uua>
1213 371 1346 402 militum
1368 381 1453 402 voces
1473 375 1537 402 tum
1552 372 1748 413 audis-enm,

1050 423 1087 449 ut
1102 420 1202 450 etiam
1219 421 1408 452 Beroaldus
1425 426 1459 452 et
1476 422 1651 462 Gryphius
1676 424 1748 455 edi-

1049 468 1143 500 dere.
1167 470 1276 502 Dawis.
1301 481 1372 503 cur.
1395 482 1462 504 sec.
1479 473 1629 504 Mediam
1647 483 1746 506 vom.-

1050 518 1116 549 lam
1141 519 1255 551 addidi
1284 528 1424 562 propter
1454 523 1746 564 perspicuitatem,

1048 579 1147 609 (piam
1165 570 1249 601 adeo
1266 578 1355 603 amat
1371 579 1502 612 auctor,
1520 584 1560 604 ex
1578 574 1663 605 Edd.
1680 576 1747 615 pri·-

1049 619 1124 655 mis,
1141 620 1280 651 Yascos.
1305 623 1422 662 Stepli.
1439 623 1577 664 aliisque
1593 635 1599 654 :
1625 624 1746 664 quibua

1048 667 1302 708 adstipulantur
1317 672 1520 704 membranae
1545 674 1634 704 Scal.
1650 674 1745 706 Leid.

1048 728 1098 758 pr.
1116 724 1152 750 et
1176 720 1273 750 voss.
1297 721 1462 752 habentes
1483 732 1575 754 cum:
1603 724 1692 764 quod
1708 731 1746 756 et

1047 768 1155 809 ipsum
1181 771 1319 801 retineri
1347 776 1474 811 posset.
1520 773 1614 803 Bene
1630 778 1746 807 autem

1046 819 1109 849 viri
1127 820 1232 857 docti,
1258 822 1290 852 in
1304 822 1493 861 prot-inciam
1509 828 1686 862 exponunt
1699 823 1745 855 A·

1046 868 1142 908 siam,
1173 881 1233 910 per
1257 882 1355 912 quam
1378 873 1444 903 iter
1467 873 1616 913 Scipioni
1644 883 1663 905 e
1689 883 1745 906 m

1041 923 1213 962 provincia,
1231 924 1251 954 i.
1264 936 1294 955 c.
1313 926 1418 965 Syria,
1431 930 1507 956 erat
1523 925 1555 955 in
1573 926 1744 957 Graeciam

1045 971 1086 1002 ad
1106 973 1317 1014 Pompeium.

1088 1031 1205 1055 xxxii.
1221 1027 1242 1055 6
1267 1026 1363 1064 (Ἄθως
1378 1027 1463 1056 modo
1481 1026 1525 1057 rei
1542 1026 1662 1066 nomen]
1686 1027 1743 1059 Sic

1044 1071 1149 1103 edunt
1174 1083 1240 1105 non
1264 1076 1349 1106 male
1375 1075 1522 1116 quidem,
1547 1076 1606 1107 sed
1623 1080 1744 1108 contra

1043 1121 1126 1153 Mss.
1145 1124 1221 1154 L'rs.
1239 1134 1277 1155 ac
1295 1136 1385 1156 meos
1403 1132 1437 1157 et
1455 1126 1541 1157 Edd.
1558 1126 1696 1166 primas,
1708 1127 1742 1158 in

1043 1172 1162 1212 quibus
1191 1175 1353 1206 scribitur
1375 1177 1463 1215 cujus
1484 1177 1577 1213 naudi,
1608 1185 1668 1216 pro
1691 1187 1742 1207 cu·

1031 1221 1119 1259 jusce
1135 1224 1226 1254 modi.
1267 1225 1306 1256 In
1324 1226 1444 1257 l'etav.
1463 1231 1576 1256 tamen
1592 1230 1628 1257 et
1650 1227 1741 1258 Bou-

1041 1281 1127 1311 gnrs.
1144 1275 1225 1304 modi
1242 1285 1308 1306 non
1325 1280 1522 1316 comparet:
1546 1275 1635 1306 unde
1651 1276 1741 1307 Grn-

1040 1328 1131 1354 terus
1147 1325 1235 1356 haud
1262 1327 1375 1367 inepte
1403 1327 1550 1367 conjecit
1570 1327 1743 1368 cujuscujue

1038 1373 1083 1403 rei
1106 1384 1211 1406 nomen
1227 1386 1287 1416 pro
1314 1377 1576 1418 cujuscumque:
1600 1376 1644 1408 de
1674 1379 1741 1418 pri·

1039 1423 1089 1453 ori
1141 1426 1344 1463 cujuscemodi
1390 1426 1468 1457 x'ide
1517 1425 1650 1458 Duker.
1696 1427 1738 1459 ad

1038 1472 1126 1503 Flor.
1143 1483 1197 1504 ιιι.
1216 1478 1247 1506 4.
1264 1479 1296 1506 2.
1314 1480 1348 1506 et
1372 1476 1490 1507 Daris.
1514 1477 1557 1508 ad
1583 1476 1675 1508 Hirt.
1693 1478 1737 1510 Β.

1037 1522 1144 1554 Afric.
1163 1534 1194 1556 c.
1212 1529 1263 1557 19.
1286 1528 1294 1543 ⁵
1312 1527 1362 1557 Ex
1391 1527 1556 1568 cujusque
1573 1527 1662 1558 modi
1681 1537 1739 1569 ge-

1035 1575 1140 1605 nere.'
1158 1574 1293 1616 Apulei.
1311 1577 1397 1608 Met.
1414 1577 1433 1608 1.
1446 1586 1484 1608 ιι.
1503 1587 1535 1618 p.
1550 1580 1602 1609 38.
1620 1580 1629 1595 ‘
1647 1578 1738 1619 Rap-

1036 1623 1079 1653 tis
1110 1625 1362 1666 cujusquemodi
1396 1627 1492 1658 telis!
1538 1628 1592 1658 De
1625 1633 1738 1667 poste-

1036 1673 1114 1703 riori
1143 1676 1315 1715 cujuscnjus
1343 1677 1450 1708 Drak.
1475 1677 1515 1708 ad
1542 1677 1615 1710 Liv.
1638 1686 1678 1710 11.
1703 1681 1735 1711 2.

1034 1725 1042 1740 ‘
1063 1725 1179 1757 ubiubi
1215 1727 1344 1767 regium
1374 1727 1580 1759 desiderium
1610 1732 1701 1760 esset
1715 1728 1735 1760 :’

1033 1781 1068 1806 et
1082 1787 1164 1817 quos
1178 1778 1307 1818 laudat,
1321 1789 1360 1810 ac
1375 1780 1505 1810 Pearce
1519 1779 1560 1810 ad
1571 1780 1680 1811 Cicer.
1691 1779 1734 1813 de

1034 1826 1131 1858 Orat.
1143 1837 1199 1859 ιιι.
1212 1832 1264 1860 21.
1278 1830 1502 1862 ‘Cuicuimodi
1514 1835 1628 1861 essent
1639 1833 1659 1862 :⁹
1671 1840 1733 1863 nec

1033 1885 1098 1906 non
1114 1878 1282 1910 stewech.
1298 1879 1340 1910 ad
1358 1881 1479 1920 Veget.
1497 1889 1536 1910 11.
1561 1883 1593 1911 4.
1628 1882 1638 1898 ‘
1655 1881 1733 1912 Cui-

1031 1927 1084 1956 cui
1101 1927 1187 1959 bello
1202 1940 1208 1959 :
1222 1929 1230 1941 '
1255 1935 1289 1960 ut
1308 1930 1486 1970 legendum
1511 1939 1585 1960 esse
1605 1930 1733 1964 docent

1031 1976 1182 2017 reliquiae
1200 1979 1302 2010 etiam
1319 1984 1511 2010 nostrorum
1528 1979 1702 2012 Codicum.

1075 2031 1114 2059 10
1139 2030 1221 2061 Erue
1234 2032 1323 2070 plena
1335 2032 1475 2062 lictor-um
1488 2034 1518 2062 et
1534 2031 1731 2072 imperiorum

1026 2079 1199 2120 provincia]
1217 2081 1283 2112 Pro
1299 2081 1526 2122 imperantium.
1561 2082 1615 2113 Sic
1630 2082 1731 2122 Spar·

1030 2129 1139 2160 tianus
1171 2132 1463 2171 administrationes,
1494 2141 1554 2172 pro
1583 2133 1732 2164 adminis-

1029 2181 1185 2211 trantibus
1213 2182 1298 2212 dixit
1325 2182 1357 2211 in
1383 2181 1571 2212 Pescennio
1598 2182 1727 2223 Nigro:

1028 2232 1037 2246 ‘
1055 2240 1131 2261 cum
1163 2231 1298 2263 videret
1329 2232 1520 2272 provincias
1550 2230 1642 2263 facili
1671 2232 1728 2264 ad-

1027 2281 1311 2313 ministrationum
1341 2283 1526 2313 mutatione
1550 2282 1726 2314 subverti:

1025 2330 1080 2362 Sic
1100 2333 1197 2372 pulsis
1220 2333 1325 2372 regnis
1348 2342 1408 2373 pro
1423 2331 1547 2371 regibus
1562 2332 1682 2363 Florus
1699 2341 1724 2364 ι.

1027 2383 1077 2412 10.
1111 2388 1144 2412 et
1172 2383 1325 2413 orationes
1352 2391 1413 2422 pro
1435 2381 1610 2412 oratoribus
1632 2381 1723 2421 apud

1026 2431 1186 2463 Hiistoriae
1202 2432 1365 2473 Augustae
1382 2431 1566 2472 scriptores
1580 2441 1588 2461 ς
1613 2435 1651 2462 ut
1666 2440 1723 2462 no-

1024 2485 1132 2512 tatum
1149 2492 1169 2512 a
1185 2492 1304 2522 magno
1319 2481 1490 2513 Salmasio.
1528 2480 1623 2511 Idem
1641 2491 1723 2522 quo·

1023 2539 1088 2570 que.
1104 2531 1236 2562 Graecis
1252 2530 1410 2573 loquendi
1426 2538 1507 2561 mos.
1530 2530 1722 2570 Xenophon

1022 2591 1046 2612 1.
1064 2583 1233 2623 Cyripaed.
1262 2593 1295 2623 p.
1318 2586 1349 2613 4.
1374 2581 1414 2612 τὰ
1436 2580 1722 2621 παραγγελλόμενα

1022 2632 1078 2662 ὑπὸ
1109 2634 1165 2670 τῆς
1192 2632 1343 2672 μεγίστης
1373 2632 1492 2672 ἆρχῆς;
1516 2634 1673 2671 praecepl'a
1699 2641 1722 2663 a

1018 2693 1132 2714 summo
1148 2684 1347 2723 vmgistrueu.
1389 2682 1549 2722 Denique
1565 2681 1639 2722 ipsa
1653 2691 1719 2713 vox

1018 2735 1221 2774 magistratus
1247 2733 1365 2765 eodem
1395 2742 1532 2774 prorsus
1559 2731 1659 2763 modo
1683 2741 1718 2762 u-

1019 2792 1189 2828 surpatur,
1215 2796 1278 2829 pro
1293 2785 1529 2827 magistratum
1547 2781 1718 2827 fungenti·
