1850 3109
275 168 384 210 1810
675 182 712 214 J.
746 182 883 212 CELSI
918 182 1273 214 c-oerssNTAnn

272 288 376 318 anta
395 280 535 330 quibus
553 288 779 331 caperentur
798 281 993 318 advertere
1014 282 1241 330 potuissent.
1299 282 1364 319 Sic
1387 282 1516 319 multis
1533 282 1727 320 hominum

271 344 426 389 milibus
441 345 577 394 captis,
599 345 729 394 reliqui
754 345 942 393 Bituriges
963 357 1030 394 pet
1051 345 1192 382 vicinas
1210 346 1322 383 urbes
1350 347 1510 383 salutem
1533 346 1618 390 sibi,
1643 347 1729 382 lios-

270 410 392 458 pitum
414 409 663 458 indulgentia,
692 415 729 445 et
752 408 897 457 privata
925 406 1012 451 fide,
1037 413 1103 444 aut
1124 409 1282 457 publica
1309 411 1550 447 consiliorum
1573 410 1731 460 partici-

272 473 437 521 patione,
470 472 694 521 quaerebant
713 485 722 508 ε
747 471 811 507 sed
834 470 1125 520 nequidquam:
1148 472 1340 509 celeritate
1361 474 1460 511 enim
1483 474 1545 511 illa
1560 487 1625 511 sua
1646 474 1727 511 nbi·

269 549 345 584 que
375 538 504 574 Cacsar
534 543 629 578 erat,
653 548 741 584 quae
776 542 814 571 et
845 535 988 572 amicos
1024 535 1210 580 servabat,
1241 543 1279 573 et
1315 536 1455 574 dubios
1485 537 1521 573 in
1562 537 1638 574 fide
1668 536 1730 574 fir-

268 600 412 643 mabat,
450 606 487 636 et
528 599 654 636 hostes
691 599 860 636 terrebat
900 607 1017 649 atque
1065 600 1260 644 turbabat,
1309 613 1432 650 neque
1473 601 1537 637 ulli
1580 600 1727 651 populo

267 676 430 701 vacuum
451 663 602 701 sinebat
631 663 678 699 de
699 663 821 699 aliena
843 664 960 712 prius,
981 677 1096 713 quam
1119 665 1167 701 de
1187 677 1255 701 sua
1281 665 1402 702 salute
1428 677 1562 701 curam
1583 677 1726 714 gerere.

267 727 420 764 Exclusi
455 727 624 777 undique
664 727 851 775 Bituriges
889 729 966 765 ⁴⁹at
1006 742 1154 778 semper
1192 736 1409 778 promptam
1449 742 1494 765 ac
1531 735 1726 778 patentem

264 792 442 828 omnibus
465 791 764 829 misericordiam
799 791 960 827 Caesaris
997 791 1166 836 rediere;
1199 793 1375 842 datisque
1405 791 1609 829 obsidibus
1637 799 1727 830 sunt

266 855 423 906 recepti,
443 868 518 891 nou
539 855 585 892 ad
607 855 875 904 impunitatem
908 855 1037 899 modo,
1056 855 1119 892 sed
1141 856 1188 892 ad
1210 856 1385 903 gratiam,
1403 856 1455 893 ita
1477 863 1517 892 ut
1538 869 1626 892 cum
1641 855 1725 903 jam

264 919 456 965 digressus
508 920 653 967 legatus
692 932 823 956 eorum
870 919 1089 968 recepisset,
1128 932 1240 969 opem
1289 926 1492 968 poscentes
1542 919 1724 957 adversus

264 983 464 1026 Carnutes,
486 983 551 1032 qui
579 996 645 1019 eos
675 983 817 1032 proeliis
844 983 1043 1020 lacessisse
1073 983 1269 1026 dicebant,
1301 995 1374 1019 non
1405 989 1552 1020 tuntum
1583 982 1727 1021 miserit

263 1046 456 1090 auxilium,
485 1046 551 1083 sed
574 1046 715 1088 tulerit,
740 1058 863 1095 eoque
884 1059 972 1083 cum
1003 1046 1200 1095 copiarum
1232 1053 1338 1096 parte
1372 1046 1603 1095 perrexerit:
1634 1060 1722 1097 quae

263 1111 383 1148 (litata
413 1110 554 1160 praedis
585 1110 817 1160 ingentibus,
849 1124 937 1147 cum
966 1112 1150 1148 Caruntes
1174 1110 1445 1148 difficultatum
1475 1110 1522 1147 ad
1553 1118 1723 1148 extrema

262 1174 481 1223 redegisset,
505 1188 574 1222 pro
609 1181 718 1224 purte
740 1175 897 1211 ⁵0animi
931 1174 1090 1212 adversa
1120 1175 1208 1212 satis
1241 1182 1367 1212 aetum
1402 1183 1520 1220 ratus,
1554 1175 1721 1213 hostium

259 1239 476 1277 distraxisse
497 1228 711 1284 contentus,
746 1252 790 1276 ne
812 1238 903 1288 quid
926 1253 971 1275 ex
995 1239 1143 1276 hiberni
1164 1239 1312 1276 consilii
1348 1239 1554 1276 seminibus
1576 1239 1720 1276 bellum

259 1302 410 1350 gravius
432 1316 516 1340 vere
552 1309 788 1347 nasceretur,
820 1303 1019 1340 abscessit.
1079 1304 1180 1340 Dum
1202 1316 1294 1340 ecce
1324 1303 1560 1340 Rliemorum
1583 1303 1722 1351 legatio

259 1367 514 1416 querentium,
549 1367 777 1403 Bellovacos
799 1366 896 1402 inter
915 1379 1047 1403 onmes
1067 1366 1203 1403 Gallos
1228 1366 1329 1403 bello
1350 1365 1487 1410 claros,
1508 1366 1721 1404 exercitum

260 1442 483 1480 comparare
523 1437 564 1468 ut
601 1429 842 1467 Suessionem
879 1442 986 1467 suam
1019 1431 1149 1467 urbem
1185 1429 1433 1466 invaderent:
1464 1428 1578 1479 [162]
1599 1428 1718 1467 duces

256 1506 337 1530 esse
358 1494 539 1532 Comium
562 1494 781 1531 Atrebatem
803 1493 968 1530 amicum
989 1492 1184 1542 quondam
1207 1492 1383 1537 Caesaris,
1407 1492 1720 1543 ⁵¹Corbeumque

263 1557 521 1601 Bellovactitn,
567 1557 629 1594 eui
666 1556 827 1593 maxime
867 1556 916 1593 ab
949 1556 1128 1593 omnibus
1174 1563 1367 1606 pareatur,
1408 1555 1514 1604 quod
1549 1556 1583 1592 ei
1630 1563 1719 1593 aute

256 1632 387 1657 omnes
411 1621 627 1658 Romanum
651 1632 788 1657 nomen
810 1619 902 1656 odio
933 1626 1032 1656 esset
1066 1619 1222 1669 ingenti.
1278 1618 1367 1656 Non
1403 1618 1554 1656 censuit
1587 1618 1719 1656 Caesar

254 1684 461 1733 expediens
481 1697 606 1735 neque
627 1685 827 1721 honestum
858 1682 984 1720 socios
1008 1683 1104 1720 bene
1125 1683 1282 1720 meritos
1305 1682 1340 1719 in
1362 1688 1468 1720 tanta
1491 1682 1719 1720 necessitate

256 1748 453 1785 deserere:
484 1748 614 1798 itaque
635 1747 767 1798 hyeme
789 1747 928 1791 media,
951 1759 1021 1784 nec
1043 1746 1112 1784 sibi
1133 1759 1291 1795 parcens
1309 1758 1379 1783 nee
1403 1745 1603 1790 militibus,
1626 1759 1717 1783 cum

256 1818 422 1859 quatuor
441 1812 651 1861 legionibus
671 1824 717 1848 eo
738 1810 950 1860 profectus,
968 1809 1102 1860 positis
1123 1810 1272 1854 castris,
1290 1809 1532 1859 cognitisque
1550 1808 1716 1846 hostium

255 1874 437 1922 consiliis,
459 1875 645 1925 comperit
666 1874 813 1910 nullum
836 1873 911 1910 sere
931 1880 1072 1923 praeter
1094 1873 1255 1911 rusticos
1276 1873 1311 1909 in
1332 1871 1507 1910 aedificiis
1528 1871 1686 1908 inveniri
1705 1884 1713 1908 z

253 1936 478 1987 demigrasse
506 1951 637 1975 omues
670 1938 898 1975 Bellovacos
918 1937 1031 1974 armis
1065 1937 1240 1981 idoneos,
1278 1943 1315 1974 et
1347 1949 1437 1973 cum
1466 1935 1520 1972 eis
1549 1934 1713 1972 aliarum

254 2000 422 2050 quinque
455 2001 618 2051 populos
648 2002 872 2038 civitatum:
903 2001 980 2037 alto
1003 2012 1080 2037 uno
1113 2012 1245 2037 omnes
1267 1999 1302 2036 in
1326 2000 1412 2036 loco
1433 2005 1472 2036 et
1506 1998 1713 2047 paludibus

253 2064 411 2114 ”cepto
445 2071 613 2102 castrum
651 2071 812 2101 metatos
844 2064 1073 2108 consedisse,
1095 2063 1260 2100 Caesaris
1296 2068 1547 2111 expectantes
1567 2060 1714 2098 adven-

255 2136 359 2173 tum;
392 2135 434 2166 ut
454 2129 483 2166 si
515 2142 603 2165 cum
638 2128 768 2171 tribus,
803 2134 844 2164 ut
876 2127 978 2164 fama
1008 2134 1099 2169 erat,
1134 2125 1348 2175 legionibus
1385 2124 1541 2170 veniret,
1578 2124 1713 2174 proelio

252 2192 530 2237 ‹lec-einerent3
576 2191 606 2228 si
639 2204 727 2228 cum
763 2191 905 2234 multis,
942 2190 1019 2228 loci
1053 2203 1092 2227 se
1123 2189 1352 2226 difficultate
1380 2187 1644 2232 defenderent,
1674 2194 1712 2225 et

252 2256 383 2305 iuopia
415 2256 545 2306 pabuli
579 2268 625 2292 ac
659 2255 852 2299 frumenti,
885 2263 921 2292 et
942 2254 1150 2305 asperrima
1170 2260 1279 2303 parte
1312 2253 1416 2297 anni,
1450 2265 1535 2301 quae
1570 2264 1637 2300 pro
1657 2251 1710 2289 eis

251 2319 377 2356 omnia
398 2326 533 2356 contra
554 2320 745 2356 Caesarem
777 2318 993 2355 militarent.
1052 2319 1151 2361 Quae
1185 2317 1246 2353 ille
1279 2316 1447 2360 audiens,
1483 2322 1542 2352 sat
1563 2322 1712 2352 matura

251 2390 287 2420 et
309 2382 461 2419 minime
482 2382 687 2419 barbarica
711 2383 869 2418 consilia
885 2382 1102 2431 judicavit:
1134 2380 1170 2416 iu
1193 2379 1231 2416 id
1257 2379 1418 2416 maxime
1450 2378 1632 2423 interum,
1667 2384 1709 2415 ut

251 2459 384 2483 manus
405 2446 548 2491 hostes,
584 2452 710 2495 spreta
730 2459 880 2482 suorum
902 2445 1110 2495 paucitate,
1132 2449 1401 2486 consererent:
1434 2440 1556 2479 fidens
1578 2454 1707 2478 secum

251 2523 394 2560 paucos
425 2510 579 2560 quidem
615 2521 786 2554 numero,
820 2523 835 2545 s
862 2508 885 2546 d
917 2515 1094 2558 expertos
1129 2507 1235 2544 bellis
1269 2512 1535 2557 spectataeque
1555 2504 1707 2542 virtutis

291 2656 332 2683 -to
369 2651 473 2691 Lege,
501 2651 638 2681 ‹aL—50
674 2650 788 2690 Forte,
813 2648 979 2680 ‹mni.—51
1017 2648 1240 2688 Cori-eumque:
1265 2646 1312 2678 sic
1341 2646 1557 2677 Caum—52
1593 2644 1705 2684 Forte,

250 2709 332 2746 scptu
349 2708 460 2735 castra.
