<?xml version="1.0" encoding="UTF-8"?>
<!DOCTYPE html PUBLIC "-//W3C//DTD XHTML 1.0 Transitional//EN"
    "http://www.w3.org/TR/xhtml1/DTD/xhtml1-transitional.dtd">
<html xmlns="http://www.w3.org/1999/xhtml" xml:lang="en" lang="en">
 <head>
  <title>
</title>
<meta http-equiv="Content-Type" content="text/html;charset=utf-8" />
  <meta name='ocr-system' content='tesseract 3.04.00' />
  <meta name='ocr-capabilities' content='ocr_page ocr_carea ocr_par ocr_line ocrx_word'/>
</head>
<body>
  <div class='ocr_page' id='page_1' title='image "./operaomniaexedit04caesuoft_0381.png"; bbox 0 0 1850 3109; ppageno 0'>
   <div class='ocr_carea' id='block_1_1' title="bbox 550 153 1596 197">
    <p class='ocr_par' dir='ltr' id='par_1_1' title="bbox 550 153 1596 197">
     <span class='ocr_line' id='line_1_1' title="bbox 550 153 1596 197; baseline -0.003 0"><span class='ocrx_word' id='word_1_1' title='bbox 550 166 612 197; x_wconf 69' lang='grc' dir='ltr'>ως</span> <span class='ocrx_word' id='word_1_2' title='bbox 646 163 761 195; x_wconf 76' lang='grc' dir='ltr'>νιτΛ</span> <span class='ocrx_word' id='word_1_3' title='bbox 793 163 925 194; x_wconf 72' lang='lat' dir='ltr'>svm</span> <span class='ocrx_word' id='word_1_4' title='bbox 960 163 1192 195; x_wconf 57' lang='lat' dir='ltr'>centus.</span> <span class='ocrx_word' id='word_1_5' title='bbox 1484 153 1596 196; x_wconf 70' lang='lat'>1775</span> 
     </span>
    </p>
   </div>
   <div class='ocr_carea' id='block_1_2' title="bbox 137 260 1613 2469">
    <p class='ocr_par' dir='ltr' id='par_1_2' title="bbox 137 260 1613 2469">
     <span class='ocr_line' id='line_1_2' title="bbox 141 260 1594 313; baseline 0.001 -14"><span class='ocrx_word' id='word_1_6' title='bbox 141 264 307 301; x_wconf 73' lang='lat' dir='ltr'>Galliam</span> <span class='ocrx_word' id='word_1_7' title='bbox 327 274 415 300; x_wconf 85' lang='lat' dir='ltr'>curn</span> <span class='ocrx_word' id='word_1_8' title='bbox 433 262 611 305; x_wconf 84' lang='lat' dir='ltr'>venisset,</span> <span class='ocrx_word' id='word_1_9' title='bbox 648 273 735 298; x_wconf 66' lang='lat' dir='ltr'>mox</span> <span class='ocrx_word' id='word_1_10' title='bbox 757 260 805 298; x_wconf 88' lang='lat' dir='ltr'>ad</span> <span class='ocrx_word' id='word_1_11' title='bbox 825 274 910 298; x_wconf 89' lang='lat' dir='ltr'>eum</span> <span class='ocrx_word' id='word_1_12' title='bbox 934 274 1062 298; x_wconf 76' lang='lat' dir='ltr'>rumor</span> <span class='ocrx_word' id='word_1_13' title='bbox 1082 261 1131 298; x_wconf 80' lang='lat' dir='ltr'>‹le</span> <span class='ocrx_word' id='word_1_14' title='bbox 1151 260 1278 298; x_wconf 77' lang='lat' dir='ltr'>Clodii</span> <span class='ocrx_word' id='word_1_15' title='bbox 1298 261 1405 299; x_wconf 63' lang='lat' dir='ltr'>cer-de</span> <span class='ocrx_word' id='word_1_16' title='bbox 1427 262 1594 313; x_wconf 71' lang='lat' dir='ltr'>perlatus</span> 
     </span>
     <span class='ocr_line' id='line_1_3' title="bbox 139 324 1595 364; baseline -0.001 0"><span class='ocrx_word' id='word_1_17' title='bbox 139 336 195 364; x_wconf 70' lang='lat' dir='ltr'>est</span> <span class='ocrx_word' id='word_1_18' title='bbox 213 339 221 364; x_wconf 90' lang='lat'>:</span> <span class='ocrx_word' id='word_1_19' title='bbox 255 326 354 363; x_wconf 86' lang='lat' dir='ltr'>huuc</span> <span class='ocrx_word' id='word_1_20' title='bbox 374 325 540 361; x_wconf 83' lang='lat' dir='ltr'>amicum</span> <span class='ocrx_word' id='word_1_21' title='bbox 561 324 724 362; x_wconf 65' lang='lat' dir='ltr'>Caesaris</span> <span class='ocrx_word' id='word_1_22' title='bbox 749 324 843 362; x_wconf 81' lang='lat' dir='ltr'>Milo</span> <span class='ocrx_word' id='word_1_23' title='bbox 859 325 1008 362; x_wconf 81' lang='lat' dir='ltr'>amicus</span> <span class='ocrx_word' id='word_1_24' title='bbox 1025 325 1149 362; x_wconf 78' lang='lat' dir='ltr'>Marci</span> <span class='ocrx_word' id='word_1_25' title='bbox 1170 325 1367 363; x_wconf 81' lang='lat' dir='ltr'>Ciceronis</span> <span class='ocrx_word' id='word_1_26' title='bbox 1387 326 1595 364; x_wconf 67' lang='lat' dir='ltr'>occiderat.</span> 
     </span>
     <span class='ocr_line' id='line_1_4' title="bbox 141 386 1597 439; baseline -0.001 -12"><span class='ocrx_word' id='word_1_27' title='bbox 141 391 200 428; x_wconf 84' lang='lat' dir='ltr'>De</span> <span class='ocrx_word' id='word_1_28' title='bbox 220 401 296 439; x_wconf 83' lang='lat' dir='ltr'>quo</span> <span class='ocrx_word' id='word_1_29' title='bbox 330 387 514 438; x_wconf 69' lang='lat' dir='ltr'>praeclara</span> <span class='ocrx_word' id='word_1_30' title='bbox 548 387 634 436; x_wconf 78' lang='lat' dir='ltr'>ejus</span> <span class='ocrx_word' id='word_1_31' title='bbox 667 395 772 424; x_wconf 73' lang='lat' dir='ltr'>extat</span> <span class='ocrx_word' id='word_1_32' title='bbox 805 388 928 425; x_wconf 85' lang='lat' dir='ltr'>oratio</span> <span class='ocrx_word' id='word_1_33' title='bbox 950 402 1037 439; x_wconf 70' lang='lat' dir='ltr'>quze</span> <span class='ocrx_word' id='word_1_34' title='bbox 1059 386 1091 407; x_wconf 77' lang='lat'>²⁸</span> <span class='ocrx_word' id='word_1_35' title='bbox 1105 389 1269 427; x_wconf 86' lang='lat' dir='ltr'>Miliona</span> <span class='ocrx_word' id='word_1_36' title='bbox 1288 388 1442 427; x_wconf 88' lang='lat' dir='ltr'>dicitur.</span> <span class='ocrx_word' id='word_1_37' title='bbox 1501 390 1597 439; x_wconf 64' lang='lat' dir='ltr'>Ejus·</span> 
     </span>
     <span class='ocr_line' id='line_1_5' title="bbox 137 451 1599 501; baseline 0 -10"><span class='ocrx_word' id='word_1_38' title='bbox 137 453 191 491; x_wconf 81' lang='lat' dir='ltr'>tei</span> <span class='ocrx_word' id='word_1_39' title='bbox 212 464 328 489; x_wconf 81' lang='lat' dir='ltr'>causa</span> <span class='ocrx_word' id='word_1_40' title='bbox 349 451 474 501; x_wconf 82' lang='lat' dir='ltr'>magui</span> <span class='ocrx_word' id='word_1_41' title='bbox 498 452 632 490; x_wconf 74' lang='lat' dir='ltr'>Romae</span> <span class='ocrx_word' id='word_1_42' title='bbox 652 459 780 488; x_wconf 81' lang='lat' dir='ltr'>motus</span> <span class='ocrx_word' id='word_1_43' title='bbox 802 452 951 489; x_wconf 84' lang='lat' dir='ltr'>fueraut</span> <span class='ocrx_word' id='word_1_44' title='bbox 969 465 977 489; x_wconf 74' lang='grc' dir='ltr'>ε</span> <span class='ocrx_word' id='word_1_45' title='bbox 1008 466 1078 490; x_wconf 89' lang='lat' dir='ltr'>nec</span> <span class='ocrx_word' id='word_1_46' title='bbox 1101 452 1202 490; x_wconf 87' lang='lat' dir='ltr'>sama</span> <span class='ocrx_word' id='word_1_47' title='bbox 1223 452 1364 490; x_wconf 84' lang='lat' dir='ltr'>finibus</span> <span class='ocrx_word' id='word_1_48' title='bbox 1384 453 1489 491; x_wconf 89' lang='lat' dir='ltr'>Italis</span> <span class='ocrx_word' id='word_1_49' title='bbox 1508 466 1599 492; x_wconf 85' lang='lat' dir='ltr'>con-</span> 
     </span>
     <span class='ocr_line' id='line_1_6' title="bbox 137 515 1599 566; baseline 0 -12"><span class='ocrx_word' id='word_1_50' title='bbox 137 515 246 556; x_wconf 76' lang='lat' dir='ltr'>tineri</span> <span class='ocrx_word' id='word_1_51' title='bbox 278 516 418 565; x_wconf 86' lang='lat' dir='ltr'>potuit,</span> <span class='ocrx_word' id='word_1_52' title='bbox 456 515 647 566; x_wconf 74' lang='lat' dir='ltr'>Alpesque</span> <span class='ocrx_word' id='word_1_53' title='bbox 683 516 993 554; x_wconf 76' lang='lat' dir='ltr'>transcenderat:</span> <span class='ocrx_word' id='word_1_54' title='bbox 1025 517 1110 554; x_wconf 90' lang='lat' dir='ltr'>binc</span> <span class='ocrx_word' id='word_1_55' title='bbox 1139 515 1414 555; x_wconf 72' lang='lat' dir='ltr'>rebellantibus</span> <span class='ocrx_word' id='word_1_56' title='bbox 1445 518 1599 556; x_wconf 76' lang='lat' dir='ltr'>occasio</span> 
     </span>
     <span class='ocr_line' id='line_1_7' title="bbox 139 578 1600 633; baseline 0.001 -16"><span class='ocrx_word' id='word_1_57' title='bbox 139 578 230 617; x_wconf 78' lang='lat' dir='ltr'>data</span> <span class='ocrx_word' id='word_1_58' title='bbox 250 587 331 617; x_wconf 85' lang='lat' dir='ltr'>erat</span> <span class='ocrx_word' id='word_1_59' title='bbox 352 579 531 618; x_wconf 73' lang='lat' dir='ltr'>historias</span> <span class='ocrx_word' id='word_1_60' title='bbox 550 592 666 617; x_wconf 75' lang='lat' dir='ltr'>novas</span> <span class='ocrx_word' id='word_1_61' title='bbox 689 578 725 616; x_wconf 91' lang='lat' dir='ltr'>in</span> <span class='ocrx_word' id='word_1_62' title='bbox 748 580 938 617; x_wconf 75' lang='lat' dir='ltr'>Caesarem</span> <span class='ocrx_word' id='word_1_63' title='bbox 961 579 1156 630; x_wconf 83' lang='lat' dir='ltr'>fingendi:</span> <span class='ocrx_word' id='word_1_64' title='bbox 1188 581 1383 627; x_wconf 85' lang='lat' dir='ltr'>dicebant,</span> <span class='ocrx_word' id='word_1_65' title='bbox 1406 581 1600 633; x_wconf 79' lang='lat' dir='ltr'>vulgoque</span> 
     </span>
     <span class='ocr_line' id='line_1_8' title="bbox 138 643 1600 697; baseline 0.001 -15"><span class='ocrx_word' id='word_1_66' title='bbox 138 645 429 694; x_wconf 80' lang='lat' dir='ltr'>percrebuerat,</span> <span class='ocrx_word' id='word_1_67' title='bbox 464 643 616 681; x_wconf 84' lang='lat' dir='ltr'>urbanis</span> <span class='ocrx_word' id='word_1_68' title='bbox 646 643 843 681; x_wconf 85' lang='lat' dir='ltr'>detentum</span> <span class='ocrx_word' id='word_1_69' title='bbox 873 644 1132 682; x_wconf 76' lang='lat' dir='ltr'>simultatibus</span> <span class='ocrx_word' id='word_1_70' title='bbox 1163 657 1239 683; x_wconf 91' lang='lat' dir='ltr'>uon</span> <span class='ocrx_word' id='word_1_71' title='bbox 1272 658 1384 696; x_wconf 84' lang='lat' dir='ltr'>posse</span> <span class='ocrx_word' id='word_1_72' title='bbox 1414 645 1600 697; x_wconf 73' lang='lat' dir='ltr'>deinceps</span> 
     </span>
     <span class='ocr_line' id='line_1_9' title="bbox 137 706 1599 757; baseline 0.001 -12"><span class='ocrx_word' id='word_1_73' title='bbox 137 706 179 745; x_wconf 81' lang='lat' dir='ltr'>in</span> <span class='ocrx_word' id='word_1_74' title='bbox 216 707 455 757; x_wconf 66' lang='lat' dir='ltr'>provinciam</span> <span class='ocrx_word' id='word_1_75' title='bbox 489 707 637 745; x_wconf 75' lang='lat' dir='ltr'>reverti.</span> <span class='ocrx_word' id='word_1_76' title='bbox 693 707 825 745; x_wconf 90' lang='lat' dir='ltr'>Tanto</span> <span class='ocrx_word' id='word_1_77' title='bbox 858 708 911 746; x_wconf 87' lang='lat' dir='ltr'>illi</span> <span class='ocrx_word' id='word_1_78' title='bbox 946 708 1072 746; x_wconf 83' lang='lat' dir='ltr'>acrius</span> <span class='ocrx_word' id='word_1_79' title='bbox 1105 709 1268 754; x_wconf 84' lang='lat' dir='ltr'>instare;</span> <span class='ocrx_word' id='word_1_80' title='bbox 1299 715 1407 747; x_wconf 84' lang='lat' dir='ltr'>tauto</span> <span class='ocrx_word' id='word_1_81' title='bbox 1435 710 1599 748; x_wconf 83' lang='lat' dir='ltr'>alacrius</span> 
     </span>
     <span class='ocr_line' id='line_1_10' title="bbox 142 768 1601 824; baseline 0.003 -15"><span class='ocrx_word' id='word_1_82' title='bbox 142 770 272 809; x_wconf 88' lang='lat' dir='ltr'>Gallia</span> <span class='ocrx_word' id='word_1_83' title='bbox 292 771 412 809; x_wconf 86' lang='lat' dir='ltr'>onmis</span> <span class='ocrx_word' id='word_1_84' title='bbox 433 770 674 820; x_wconf 82' lang='lat' dir='ltr'>conspirare:</span> <span class='ocrx_word' id='word_1_85' title='bbox 704 770 795 808; x_wconf 86' lang='lat' dir='ltr'>nihil</span> <span class='ocrx_word' id='word_1_86' title='bbox 816 768 874 808; x_wconf 83' lang='lat' dir='ltr'>²⁹e</span> <span class='ocrx_word' id='word_1_87' title='bbox 892 772 1207 821; x_wconf 85' lang='lat' dir='ltr'>contingentibus</span> <span class='ocrx_word' id='word_1_88' title='bbox 1228 772 1435 818; x_wconf 68' lang='lat' dir='ltr'>omissum:</span> <span class='ocrx_word' id='word_1_89' title='bbox 1467 786 1601 824; x_wconf 70' lang='lat' dir='ltr'>preces</span> 
     </span>
     <span class='ocr_line' id='line_1_11' title="bbox 141 833 1604 885; baseline 0.002 -13"><span class='ocrx_word' id='word_1_90' title='bbox 141 833 322 884; x_wconf 81' lang='lat' dir='ltr'>pollicitis</span> <span class='ocrx_word' id='word_1_91' title='bbox 342 834 612 874; x_wconf 80' lang='lat' dir='ltr'>cumulantur:</span> <span class='ocrx_word' id='word_1_92' title='bbox 640 842 679 872; x_wconf 84' lang='lat' dir='ltr'>et</span> <span class='ocrx_word' id='word_1_93' title='bbox 712 834 776 885; x_wconf 91' lang='lat' dir='ltr'>qui</span> <span class='ocrx_word' id='word_1_94' title='bbox 798 847 836 871; x_wconf 89' lang='lat' dir='ltr'>se</span> <span class='ocrx_word' id='word_1_95' title='bbox 855 834 1075 872; x_wconf 79' lang='lat' dir='ltr'>rebellionis</span> <span class='ocrx_word' id='word_1_96' title='bbox 1095 834 1131 872; x_wconf 87' lang='lat' dir='ltr'>in</span> <span class='ocrx_word' id='word_1_97' title='bbox 1154 833 1187 855; x_wconf 69' lang='lat'>³⁰</span> <span class='ocrx_word' id='word_1_98' title='bbox 1203 835 1386 873; x_wconf 85' lang='lat' dir='ltr'>Romanis</span> <span class='ocrx_word' id='word_1_99' title='bbox 1414 849 1458 874; x_wconf 92' lang='lat' dir='ltr'>ac</span> <span class='ocrx_word' id='word_1_100' title='bbox 1480 837 1604 875; x_wconf 86' lang='lat' dir='ltr'>Galli·</span> 
     </span>
     <span class='ocr_line' id='line_1_12' title="bbox 143 897 1604 951; baseline 0.003 -16"><span class='ocrx_word' id='word_1_101' title='bbox 143 910 201 937; x_wconf 84' lang='lat' dir='ltr'>cae</span> <span class='ocrx_word' id='word_1_102' title='bbox 228 898 416 936; x_wconf 75' lang='lat' dir='ltr'>libertatis</span> <span class='ocrx_word' id='word_1_103' title='bbox 437 907 615 936; x_wconf 83' lang='lat' dir='ltr'>auctores</span> <span class='ocrx_word' id='word_1_104' title='bbox 647 897 819 948; x_wconf 84' lang='lat' dir='ltr'>profiteri</span> <span class='ocrx_word' id='word_1_105' title='bbox 854 898 936 936; x_wconf 80' lang='lat' dir='ltr'>ausi</span> <span class='ocrx_word' id='word_1_106' title='bbox 969 906 1118 943; x_wconf 82' lang='lat' dir='ltr'>essent;</span> <span class='ocrx_word' id='word_1_107' title='bbox 1151 899 1207 937; x_wconf 87' lang='lat' dir='ltr'>his</span> <span class='ocrx_word' id='word_1_108' title='bbox 1241 899 1406 950; x_wconf 86' lang='lat' dir='ltr'>ingentia</span> <span class='ocrx_word' id='word_1_109' title='bbox 1445 899 1604 951; x_wconf 82' lang='lat' dir='ltr'>praernia</span> 
     </span>
     <span class='ocr_line' id='line_1_13' title="bbox 141 961 1604 1015; baseline 0.003 -16"><span class='ocrx_word' id='word_1_110' title='bbox 141 969 424 1015; x_wconf 86' lang='lat' dir='ltr'>proponuntur.</span> <span class='ocrx_word' id='word_1_111' title='bbox 498 961 596 999; x_wconf 91' lang='lat' dir='ltr'>Illud</span> <span class='ocrx_word' id='word_1_112' title='bbox 635 961 801 1011; x_wconf 85' lang='lat' dir='ltr'>primum</span> <span class='ocrx_word' id='word_1_113' title='bbox 837 961 1122 1013; x_wconf 81' lang='lat' dir='ltr'>maximumque</span> <span class='ocrx_word' id='word_1_114' title='bbox 1157 961 1397 1008; x_wconf 70' lang='lat' dir='ltr'>deliberant:</span> <span class='ocrx_word' id='word_1_115' title='bbox 1438 964 1604 1015; x_wconf 79' lang='lat' dir='ltr'>qualiter</span> 
     </span>
     <span class='ocr_line' id='line_1_14' title="bbox 144 1024 1603 1076; baseline 0.003 -12"><span class='ocrx_word' id='word_1_116' title='bbox 144 1025 288 1070; x_wconf 71' lang='lat' dir='ltr'>Caes-ar,</span> <span class='ocrx_word' id='word_1_117' title='bbox 321 1026 351 1063; x_wconf 86' lang='lat' dir='ltr'>si</span> <span class='ocrx_word' id='word_1_118' title='bbox 380 1025 498 1063; x_wconf 85' lang='lat' dir='ltr'>³¹sors</span> <span class='ocrx_word' id='word_1_119' title='bbox 518 1024 662 1070; x_wconf 86' lang='lat' dir='ltr'>redeat,</span> <span class='ocrx_word' id='word_1_120' title='bbox 698 1037 716 1061; x_wconf 87' lang='lat' dir='ltr'>a</span> <span class='ocrx_word' id='word_1_121' title='bbox 740 1025 817 1062; x_wconf 88' lang='lat' dir='ltr'>suis</span> <span class='ocrx_word' id='word_1_122' title='bbox 838 1025 1055 1075; x_wconf 79' lang='lat' dir='ltr'>legionibus</span> <span class='ocrx_word' id='word_1_123' title='bbox 1087 1034 1327 1076; x_wconf 84' lang='lat' dir='ltr'>segregetur:</span> <span class='ocrx_word' id='word_1_124' title='bbox 1357 1026 1450 1064; x_wconf 91' lang='lat' dir='ltr'>illud</span> <span class='ocrx_word' id='word_1_125' title='bbox 1474 1035 1603 1068; x_wconf 79' lang='lat' dir='ltr'>tamen</span> 
     </span>
     <span class='ocr_line' id='line_1_15' title="bbox 143 1087 1604 1140; baseline 0.002 -13"><span class='ocrx_word' id='word_1_126' title='bbox 143 1089 248 1128; x_wconf 80' lang='lat' dir='ltr'>haud</span> <span class='ocrx_word' id='word_1_127' title='bbox 269 1088 423 1126; x_wconf 80' lang='lat' dir='ltr'>difficile</span> <span class='ocrx_word' id='word_1_128' title='bbox 443 1089 547 1126; x_wconf 76' lang='lat' dir='ltr'>factu</span> <span class='ocrx_word' id='word_1_129' title='bbox 570 1102 652 1126; x_wconf 89' lang='lat' dir='ltr'>esse</span> <span class='ocrx_word' id='word_1_130' title='bbox 674 1087 922 1134; x_wconf 86' lang='lat' dir='ltr'>confirmant,</span> <span class='ocrx_word' id='word_1_131' title='bbox 944 1088 1047 1139; x_wconf 87' lang='lat' dir='ltr'>quod</span> <span class='ocrx_word' id='word_1_132' title='bbox 1071 1102 1195 1140; x_wconf 86' lang='lat' dir='ltr'>neque</span> <span class='ocrx_word' id='word_1_133' title='bbox 1215 1090 1373 1128; x_wconf 81' lang='lat' dir='ltr'>absente</span> <span class='ocrx_word' id='word_1_134' title='bbox 1393 1090 1493 1128; x_wconf 89' lang='lat' dir='ltr'>duce</span> <span class='ocrx_word' id='word_1_135' title='bbox 1514 1091 1604 1130; x_wconf 87' lang='lat' dir='ltr'>loco</span> 
     </span>
     <span class='ocr_line' id='line_1_16' title="bbox 143 1151 1606 1201; baseline 0.001 -9"><span class='ocrx_word' id='word_1_136' title='bbox 143 1165 183 1192; x_wconf 75' lang='lat' dir='ltr'>se</span> <span class='ocrx_word' id='word_1_137' title='bbox 204 1165 358 1190; x_wconf 86' lang='lat' dir='ltr'>movere</span> <span class='ocrx_word' id='word_1_138' title='bbox 386 1153 553 1189; x_wconf 85' lang='lat' dir='ltr'>audeant</span> <span class='ocrx_word' id='word_1_139' title='bbox 573 1151 753 1201; x_wconf 84' lang='lat' dir='ltr'>legiones,</span> <span class='ocrx_word' id='word_1_140' title='bbox 787 1164 911 1200; x_wconf 87' lang='lat' dir='ltr'>neque</span> <span class='ocrx_word' id='word_1_141' title='bbox 931 1152 978 1189; x_wconf 89' lang='lat' dir='ltr'>ad</span> <span class='ocrx_word' id='word_1_142' title='bbox 999 1165 1062 1189; x_wconf 86' lang='lat' dir='ltr'>eas</span> <span class='ocrx_word' id='word_1_143' title='bbox 1084 1153 1161 1190; x_wconf 82' lang='lat' dir='ltr'>(lux</span> <span class='ocrx_word' id='word_1_144' title='bbox 1182 1153 1425 1192; x_wconf 86' lang='lat' dir='ltr'>incomitatus</span> <span class='ocrx_word' id='word_1_145' title='bbox 1446 1155 1606 1194; x_wconf 82' lang='lat' dir='ltr'>accede-</span> 
     </span>
     <span class='ocr_line' id='line_1_17' title="bbox 144 1215 1605 1266; baseline 0.003 -14"><span class='ocrx_word' id='word_1_146' title='bbox 144 1227 210 1254; x_wconf 82' lang='lat' dir='ltr'>re:</span> <span class='ocrx_word' id='word_1_147' title='bbox 243 1216 358 1253; x_wconf 85' lang='lat' dir='ltr'>modo</span> <span class='ocrx_word' id='word_1_148' title='bbox 380 1216 426 1254; x_wconf 85' lang='lat' dir='ltr'>sit</span> <span class='ocrx_word' id='word_1_149' title='bbox 446 1215 598 1264; x_wconf 84' lang='lat' dir='ltr'>aliquis,</span> <span class='ocrx_word' id='word_1_150' title='bbox 634 1215 699 1265; x_wconf 90' lang='lat' dir='ltr'>qui</span> <span class='ocrx_word' id='word_1_151' title='bbox 734 1215 831 1252; x_wconf 87' lang='lat' dir='ltr'>illius</span> <span class='ocrx_word' id='word_1_152' title='bbox 852 1215 905 1252; x_wconf 86' lang='lat' dir='ltr'>rei</span> <span class='ocrx_word' id='word_1_153' title='bbox 926 1215 1148 1253; x_wconf 83' lang='lat' dir='ltr'>facultatem</span> <span class='ocrx_word' id='word_1_154' title='bbox 1170 1215 1369 1266; x_wconf 84' lang='lat' dir='ltr'>impediat,</span> <span class='ocrx_word' id='word_1_155' title='bbox 1402 1231 1473 1255; x_wconf 89' lang='lat' dir='ltr'>nec</span> <span class='ocrx_word' id='word_1_156' title='bbox 1495 1219 1605 1257; x_wconf 78' lang='lat' dir='ltr'>unius</span> 
     </span>
     <span class='ocr_line' id='line_1_18' title="bbox 147 1279 1604 1331; baseline 0.002 -13"><span class='ocrx_word' id='word_1_157' title='bbox 147 1279 311 1318; x_wconf 79' lang='lat' dir='ltr'>bominis</span> <span class='ocrx_word' id='word_1_158' title='bbox 343 1293 480 1317; x_wconf 88' lang='lat' dir='ltr'>nomen</span> <span class='ocrx_word' id='word_1_159' title='bbox 503 1279 662 1317; x_wconf 85' lang='lat' dir='ltr'>³²totius</span> <span class='ocrx_word' id='word_1_160' title='bbox 690 1279 796 1316; x_wconf 83' lang='lat' dir='ltr'>orbis</span> <span class='ocrx_word' id='word_1_161' title='bbox 819 1279 1038 1317; x_wconf 81' lang='lat' dir='ltr'>exhorreat.</span> <span class='ocrx_word' id='word_1_162' title='bbox 1095 1280 1298 1318; x_wconf 88' lang='lat' dir='ltr'>Postremo</span> <span class='ocrx_word' id='word_1_163' title='bbox 1329 1280 1493 1331; x_wconf 84' lang='lat' dir='ltr'>quisque</span> <span class='ocrx_word' id='word_1_164' title='bbox 1524 1295 1604 1322; x_wconf 86' lang='lat' dir='ltr'>rem</span> 
     </span>
     <span class='ocr_line' id='line_1_19' title="bbox 146 1342 1605 1394; baseline 0.001 -13"><span class='ocrx_word' id='word_1_165' title='bbox 146 1356 258 1381; x_wconf 86' lang='lat' dir='ltr'>casus</span> <span class='ocrx_word' id='word_1_166' title='bbox 287 1343 496 1393; x_wconf 86' lang='lat' dir='ltr'>exceperit,</span> <span class='ocrx_word' id='word_1_167' title='bbox 531 1342 642 1393; x_wconf 83' lang='lat'><strong>[117]</strong></span> <span class='ocrx_word' id='word_1_168' title='bbox 674 1342 793 1381; x_wconf 90' lang='lat' dir='ltr'>satius</span> <span class='ocrx_word' id='word_1_169' title='bbox 813 1356 895 1380; x_wconf 88' lang='lat' dir='ltr'>esse</span> <span class='ocrx_word' id='word_1_170' title='bbox 916 1343 1038 1381; x_wconf 90' lang='lat' dir='ltr'>multo</span> <span class='ocrx_word' id='word_1_171' title='bbox 1060 1344 1132 1381; x_wconf 74' lang='lat' dir='ltr'>sub</span> <span class='ocrx_word' id='word_1_172' title='bbox 1163 1344 1329 1394; x_wconf 88' lang='lat' dir='ltr'>propriis</span> <span class='ocrx_word' id='word_1_173' title='bbox 1349 1346 1463 1383; x_wconf 88' lang='lat' dir='ltr'>armis</span> <span class='ocrx_word' id='word_1_174' title='bbox 1490 1345 1605 1393; x_wconf 87' lang='lat' dir='ltr'>mori,</span> 
     </span>
     <span class='ocr_line' id='line_1_20' title="bbox 148 1407 1605 1460; baseline 0.002 -15"><span class='ocrx_word' id='word_1_175' title='bbox 148 1419 261 1458; x_wconf 89' lang='lat' dir='ltr'>quam</span> <span class='ocrx_word' id='word_1_176' title='bbox 296 1408 369 1445; x_wconf 90' lang='lat' dir='ltr'>sub</span> <span class='ocrx_word' id='word_1_177' title='bbox 397 1413 555 1444; x_wconf 84' lang='lat' dir='ltr'>externo</span> <span class='ocrx_word' id='word_1_178' title='bbox 580 1407 680 1457; x_wconf 86' lang='lat' dir='ltr'>jugo</span> <span class='ocrx_word' id='word_1_179' title='bbox 702 1407 842 1452; x_wconf 87' lang='lat' dir='ltr'>vivere,</span> <span class='ocrx_word' id='word_1_180' title='bbox 881 1407 1079 1458; x_wconf 86' lang='lat' dir='ltr'>multoque</span> <span class='ocrx_word' id='word_1_181' title='bbox 1100 1407 1346 1454; x_wconf 85' lang='lat' dir='ltr'>tolerabilius,</span> <span class='ocrx_word' id='word_1_182' title='bbox 1386 1409 1486 1447; x_wconf 86' lang='lat' dir='ltr'>banc</span> <span class='ocrx_word' id='word_1_183' title='bbox 1506 1422 1605 1460; x_wconf 86' lang='lat' dir='ltr'>prae-</span> 
     </span>
     <span class='ocr_line' id='line_1_21' title="bbox 145 1469 1608 1523; baseline 0.002 -15"><span class='ocrx_word' id='word_1_184' title='bbox 145 1477 292 1508; x_wconf 81' lang='lat' dir='ltr'>sentem</span> <span class='ocrx_word' id='word_1_185' title='bbox 331 1470 448 1508; x_wconf 88' lang='lat' dir='ltr'>vitam</span> <span class='ocrx_word' id='word_1_186' title='bbox 488 1470 642 1508; x_wconf 78' lang='lat' dir='ltr'>brevem</span> <span class='ocrx_word' id='word_1_187' title='bbox 673 1477 713 1507; x_wconf 89' lang='lat' dir='ltr'>et</span> <span class='ocrx_word' id='word_1_188' title='bbox 744 1469 946 1516; x_wconf 82' lang='lat' dir='ltr'>caducam,</span> <span class='ocrx_word' id='word_1_189' title='bbox 986 1484 1099 1521; x_wconf 88' lang='lat' dir='ltr'>quam</span> <span class='ocrx_word' id='word_1_190' title='bbox 1138 1471 1334 1523; x_wconf 88' lang='lat' dir='ltr'>antiquam</span> <span class='ocrx_word' id='word_1_191' title='bbox 1371 1472 1530 1522; x_wconf 86' lang='lat' dir='ltr'>gloriam</span> <span class='ocrx_word' id='word_1_192' title='bbox 1568 1478 1608 1512; x_wconf 82' lang='lat' dir='ltr'>et</span> 
     </span>
     <span class='ocr_line' id='line_1_22' title="bbox 150 1532 1608 1588; baseline 0.003 -17"><span class='ocrx_word' id='word_1_193' title='bbox 150 1532 182 1556; x_wconf 82' lang='lat'>³³</span> <span class='ocrx_word' id='word_1_194' title='bbox 197 1534 348 1572; x_wconf 91' lang='lat' dir='ltr'>avidam</span> <span class='ocrx_word' id='word_1_195' title='bbox 380 1534 540 1584; x_wconf 87' lang='lat' dir='ltr'>perdere</span> <span class='ocrx_word' id='word_1_196' title='bbox 569 1534 802 1572; x_wconf 81' lang='lat' dir='ltr'>libertatem.</span> <span class='ocrx_word' id='word_1_197' title='bbox 859 1534 930 1571; x_wconf 88' lang='lat' dir='ltr'>His</span> <span class='ocrx_word' id='word_1_198' title='bbox 951 1547 998 1571; x_wconf 82' lang='lat' dir='ltr'>ac</span> <span class='ocrx_word' id='word_1_199' title='bbox 1034 1535 1299 1572; x_wconf 88' lang='lat' dir='ltr'>consimilibus</span> <span class='ocrx_word' id='word_1_200' title='bbox 1331 1536 1500 1574; x_wconf 84' lang='lat' dir='ltr'>consiliis</span> <span class='ocrx_word' id='word_1_201' title='bbox 1530 1536 1608 1588; x_wconf 87' lang='lat' dir='ltr'>agi-</span> 
     </span>
     <span class='ocr_line' id='line_1_23' title="bbox 147 1597 1608 1651; baseline 0.003 -16"><span class='ocrx_word' id='word_1_202' title='bbox 147 1597 252 1644; x_wconf 80' lang='lat' dir='ltr'>tatis,</span> <span class='ocrx_word' id='word_1_203' title='bbox 285 1597 520 1635; x_wconf 69' lang='lat' dir='ltr'>³⁴Caruntes</span> <span class='ocrx_word' id='word_1_204' title='bbox 554 1611 634 1635; x_wconf 86' lang='lat' dir='ltr'>sese</span> <span class='ocrx_word' id='word_1_205' title='bbox 655 1598 796 1647; x_wconf 83' lang='lat' dir='ltr'>ingenti</span> <span class='ocrx_word' id='word_1_206' title='bbox 830 1598 986 1648; x_wconf 88' lang='lat' dir='ltr'>negotio</span> <span class='ocrx_word' id='word_1_207' title='bbox 1019 1598 1138 1636; x_wconf 90' lang='lat' dir='ltr'>duces</span> <span class='ocrx_word' id='word_1_208' title='bbox 1168 1599 1348 1637; x_wconf 81' lang='lat' dir='ltr'>offerunt.</span> <span class='ocrx_word' id='word_1_209' title='bbox 1405 1601 1454 1638; x_wconf 88' lang='lat' dir='ltr'>Et</span> <span class='ocrx_word' id='word_1_210' title='bbox 1486 1613 1608 1651; x_wconf 84' lang='lat' dir='ltr'>quum</span> 
     </span>
     <span class='ocr_line' id='line_1_24' title="bbox 148 1660 1608 1716; baseline 0.003 -17"><span class='ocrx_word' id='word_1_211' title='bbox 148 1660 390 1700; x_wconf 81' lang='lat' dir='ltr'>silvestribus</span> <span class='ocrx_word' id='word_1_212' title='bbox 411 1661 448 1698; x_wconf 90' lang='lat' dir='ltr'>in</span> <span class='ocrx_word' id='word_1_213' title='bbox 468 1661 574 1707; x_wconf 82' lang='lat' dir='ltr'>locis,</span> <span class='ocrx_word' id='word_1_214' title='bbox 597 1661 664 1699; x_wconf 86' lang='lat' dir='ltr'>ubi</span> <span class='ocrx_word' id='word_1_215' title='bbox 685 1662 767 1700; x_wconf 88' lang='lat' dir='ltr'>haec</span> <span class='ocrx_word' id='word_1_216' title='bbox 789 1661 948 1707; x_wconf 86' lang='lat' dir='ltr'>fiebant,</span> <span class='ocrx_word' id='word_1_217' title='bbox 970 1663 1083 1712; x_wconf 87' lang='lat' dir='ltr'>copia</span> <span class='ocrx_word' id='word_1_218' title='bbox 1103 1662 1284 1700; x_wconf 87' lang='lat' dir='ltr'>obsidum</span> <span class='ocrx_word' id='word_1_219' title='bbox 1305 1676 1383 1701; x_wconf 90' lang='lat' dir='ltr'>non</span> <span class='ocrx_word' id='word_1_220' title='bbox 1403 1664 1461 1708; x_wconf 88' lang='lat' dir='ltr'>sit,</span> <span class='ocrx_word' id='word_1_221' title='bbox 1482 1676 1608 1716; x_wconf 84' lang='lat' dir='ltr'>neque</span> 
     </span>
     <span class='ocr_line' id='line_1_25' title="bbox 146 1724 1607 1776; baseline 0.002 -13"><span class='ocrx_word' id='word_1_222' title='bbox 146 1724 260 1763; x_wconf 82' lang='lat' dir='ltr'>acciri</span> <span class='ocrx_word' id='word_1_223' title='bbox 290 1731 448 1775; x_wconf 84' lang='lat' dir='ltr'>queant,</span> <span class='ocrx_word' id='word_1_224' title='bbox 484 1725 577 1775; x_wconf 89' lang='lat' dir='ltr'>quin</span> <span class='ocrx_word' id='word_1_225' title='bbox 609 1739 667 1763; x_wconf 90' lang='lat' dir='ltr'>res</span> <span class='ocrx_word' id='word_1_226' title='bbox 698 1727 737 1763; x_wconf 88' lang='lat' dir='ltr'>iu</span> <span class='ocrx_word' id='word_1_227' title='bbox 757 1733 931 1776; x_wconf 87' lang='lat' dir='ltr'>apertum</span> <span class='ocrx_word' id='word_1_228' title='bbox 952 1733 1090 1771; x_wconf 85' lang='lat' dir='ltr'>exeat;</span> <span class='ocrx_word' id='word_1_229' title='bbox 1122 1739 1239 1776; x_wconf 85' lang='lat' dir='ltr'>quam</span> <span class='ocrx_word' id='word_1_230' title='bbox 1259 1726 1544 1776; x_wconf 79' lang='lat' dir='ltr'>religiosissimo</span> <span class='ocrx_word' id='word_1_231' title='bbox 1565 1740 1607 1767; x_wconf 76' lang='lat' dir='ltr'>se</span> 
     </span>
     <span class='ocr_line' id='line_1_26' title="bbox 148 1787 1610 1839; baseline 0.003 -13"><span class='ocrx_word' id='word_1_232' title='bbox 148 1787 312 1826; x_wconf 86' lang='lat' dir='ltr'>vicissim</span> <span class='ocrx_word' id='word_1_233' title='bbox 333 1796 573 1827; x_wconf 88' lang='lat' dir='ltr'>sacramento</span> <span class='ocrx_word' id='word_1_234' title='bbox 600 1789 788 1839; x_wconf 82' lang='lat' dir='ltr'>obligant,</span> <span class='ocrx_word' id='word_1_235' title='bbox 820 1802 865 1826; x_wconf 90' lang='lat' dir='ltr'>ne</span> <span class='ocrx_word' id='word_1_236' title='bbox 885 1789 971 1838; x_wconf 90' lang='lat' dir='ltr'>quis</span> <span class='ocrx_word' id='word_1_237' title='bbox 993 1790 1132 1827; x_wconf 85' lang='lat' dir='ltr'>Gallus</span> <span class='ocrx_word' id='word_1_238' title='bbox 1153 1789 1243 1827; x_wconf 89' lang='lat' dir='ltr'>belli</span> <span class='ocrx_word' id='word_1_239' title='bbox 1264 1790 1382 1828; x_wconf 85' lang='lat' dir='ltr'>duces</span> <span class='ocrx_word' id='word_1_240' title='bbox 1404 1798 1522 1837; x_wconf 83' lang='lat' dir='ltr'>metu,</span> <span class='ocrx_word' id='word_1_241' title='bbox 1542 1798 1610 1830; x_wconf 74' lang='lat' dir='ltr'>aut</span> 
     </span>
     <span class='ocr_line' id='line_1_27' title="bbox 149 1851 1610 1902; baseline 0.003 -13"><span class='ocrx_word' id='word_1_242' title='bbox 149 1863 231 1902; x_wconf 80' lang='lat' dir='ltr'>spe,</span> <span class='ocrx_word' id='word_1_243' title='bbox 265 1859 333 1889; x_wconf 85' lang='lat' dir='ltr'>aut</span> <span class='ocrx_word' id='word_1_244' title='bbox 365 1864 612 1901; x_wconf 87' lang='lat' dir='ltr'>quacumque</span> <span class='ocrx_word' id='word_1_245' title='bbox 631 1865 749 1889; x_wconf 86' lang='lat' dir='ltr'>causa</span> <span class='ocrx_word' id='word_1_246' title='bbox 769 1851 941 1889; x_wconf 86' lang='lat' dir='ltr'>deserat:</span> <span class='ocrx_word' id='word_1_247' title='bbox 973 1852 1027 1890; x_wconf 88' lang='lat' dir='ltr'>sic</span> <span class='ocrx_word' id='word_1_248' title='bbox 1047 1851 1204 1890; x_wconf 82' lang='lat' dir='ltr'>firmatis</span> <span class='ocrx_word' id='word_1_249' title='bbox 1233 1854 1348 1891; x_wconf 85' lang='lat' dir='ltr'>rebus</span> <span class='ocrx_word' id='word_1_250' title='bbox 1369 1854 1497 1892; x_wconf 87' lang='lat' dir='ltr'>multis</span> <span class='ocrx_word' id='word_1_251' title='bbox 1518 1866 1610 1894; x_wconf 89' lang='lat' dir='ltr'>cum</span> 
     </span>
     <span class='ocr_line' id='line_1_28' title="bbox 148 1915 1611 1966; baseline 0.001 -12"><span class='ocrx_word' id='word_1_252' title='bbox 148 1915 329 1954; x_wconf 81' lang='lat' dir='ltr'>laudibus</span> <span class='ocrx_word' id='word_1_253' title='bbox 362 1915 532 1964; x_wconf 87' lang='lat' dir='ltr'>ingentes</span> <span class='ocrx_word' id='word_1_254' title='bbox 553 1915 686 1965; x_wconf 83' lang='lat' dir='ltr'>gratiae</span> <span class='ocrx_word' id='word_1_255' title='bbox 706 1916 941 1953; x_wconf 86' lang='lat' dir='ltr'>Carnutibus</span> <span class='ocrx_word' id='word_1_256' title='bbox 968 1924 1066 1953; x_wconf 86' lang='lat' dir='ltr'>actae</span> <span class='ocrx_word' id='word_1_257' title='bbox 1087 1922 1200 1954; x_wconf 89' lang='lat' dir='ltr'>sunt:</span> <span class='ocrx_word' id='word_1_258' title='bbox 1232 1924 1348 1966; x_wconf 89' lang='lat' dir='ltr'>atque</span> <span class='ocrx_word' id='word_1_259' title='bbox 1376 1918 1430 1954; x_wconf 89' lang='lat' dir='ltr'>ita</span> <span class='ocrx_word' id='word_1_260' title='bbox 1454 1918 1611 1956; x_wconf 87' lang='lat' dir='ltr'>demum</span> 
     </span>
     <span class='ocr_line' id='line_1_29' title="bbox 150 1979 1611 2031; baseline 0.003 -15"><span class='ocrx_word' id='word_1_261' title='bbox 150 1979 262 2031; x_wconf 86' lang='lat' dir='ltr'>quasi</span> <span class='ocrx_word' id='word_1_262' title='bbox 283 1979 418 2028; x_wconf 78' lang='lat' dir='ltr'>majori</span> <span class='ocrx_word' id='word_1_263' title='bbox 437 1986 547 2029; x_wconf 83' lang='lat' dir='ltr'>parte</span> <span class='ocrx_word' id='word_1_264' title='bbox 567 1979 709 2029; x_wconf 78' lang='lat' dir='ltr'>negotii</span> <span class='ocrx_word' id='word_1_265' title='bbox 727 1979 907 2017; x_wconf 85' lang='lat' dir='ltr'>confecta</span> <span class='ocrx_word' id='word_1_266' title='bbox 925 1979 973 2016; x_wconf 89' lang='lat' dir='ltr'>ad</span> <span class='ocrx_word' id='word_1_267' title='bbox 995 1993 1062 2016; x_wconf 86' lang='lat' dir='ltr'>sua</span> <span class='ocrx_word' id='word_1_268' title='bbox 1077 1980 1243 2030; x_wconf 89' lang='lat' dir='ltr'>quisque</span> <span class='ocrx_word' id='word_1_269' title='bbox 1259 1980 1496 2030; x_wconf 85' lang='lat' dir='ltr'>digreditur:</span> <span class='ocrx_word' id='word_1_270' title='bbox 1527 1981 1611 2021; x_wconf 75' lang='lat' dir='ltr'>dies</span> 
     </span>
     <span class='ocr_line' id='line_1_30' title="bbox 148 2043 1613 2095; baseline 0.002 -14"><span class='ocrx_word' id='word_1_271' title='bbox 148 2043 283 2081; x_wconf 83' lang='lat' dir='ltr'>aderat</span> <span class='ocrx_word' id='word_1_272' title='bbox 302 2043 407 2080; x_wconf 81' lang='lat' dir='ltr'>claro</span> <span class='ocrx_word' id='word_1_273' title='bbox 432 2043 592 2093; x_wconf 77' lang='lat' dir='ltr'>praefixa</span> <span class='ocrx_word' id='word_1_274' title='bbox 612 2043 787 2081; x_wconf 85' lang='lat' dir='ltr'>facinori.</span> <span class='ocrx_word' id='word_1_275' title='bbox 844 2044 1032 2081; x_wconf 84' lang='lat' dir='ltr'>Caruntes</span> <span class='ocrx_word' id='word_1_276' title='bbox 1054 2050 1169 2081; x_wconf 88' lang='lat' dir='ltr'>tantae</span> <span class='ocrx_word' id='word_1_277' title='bbox 1188 2044 1241 2081; x_wconf 88' lang='lat' dir='ltr'>rei</span> <span class='ocrx_word' id='word_1_278' title='bbox 1261 2044 1394 2090; x_wconf 87' lang='lat' dir='ltr'>duces,</span> <span class='ocrx_word' id='word_1_279' title='bbox 1430 2044 1613 2095; x_wconf 74' lang='lat' dir='ltr'>perditis-</span> 
     </span>
     <span class='ocr_line' id='line_1_31' title="bbox 152 2105 1610 2160; baseline 0.003 -17"><span class='ocrx_word' id='word_1_280' title='bbox 152 2105 258 2144; x_wconf 80' lang='lat' dir='ltr'>simis</span> <span class='ocrx_word' id='word_1_281' title='bbox 275 2106 348 2143; x_wconf 86' lang='lat' dir='ltr'>sibi</span> <span class='ocrx_word' id='word_1_282' title='bbox 366 2105 532 2144; x_wconf 89' lang='lat' dir='ltr'>ducibus</span> <span class='ocrx_word' id='word_1_283' title='bbox 552 2108 801 2157; x_wconf 86' lang='lat' dir='ltr'>comparatis,</span> <span class='ocrx_word' id='word_1_284' title='bbox 823 2108 1004 2145; x_wconf 90' lang='lat' dir='ltr'>Genabin</span> <span class='ocrx_word' id='word_1_285' title='bbox 1025 2107 1184 2158; x_wconf 77' lang='lat' dir='ltr'>opidum</span> <span class='ocrx_word' id='word_1_286' title='bbox 1206 2108 1404 2153; x_wconf 86' lang='lat' dir='ltr'>invadunt,</span> <span class='ocrx_word' id='word_1_287' title='bbox 1426 2108 1610 2160; x_wconf 82' lang='lat' dir='ltr'>civesque</span> 
     </span>
     <span class='ocr_line' id='line_1_32' title="bbox 151 2168 1611 2221; baseline 0.003 -15"><span class='ocrx_word' id='word_1_288' title='bbox 151 2168 348 2207; x_wconf 83' lang='lat' dir='ltr'>Romanos</span> <span class='ocrx_word' id='word_1_289' title='bbox 381 2169 433 2206; x_wconf 88' lang='lat' dir='ltr'>ibi</span> <span class='ocrx_word' id='word_1_290' title='bbox 467 2171 705 2220; x_wconf 87' lang='lat' dir='ltr'>negotiantes</span> <span class='ocrx_word' id='word_1_291' title='bbox 727 2178 765 2208; x_wconf 91' lang='lat' dir='ltr'>et</span> <span class='ocrx_word' id='word_1_292' title='bbox 798 2184 954 2221; x_wconf 85' lang='lat' dir='ltr'>prorsus</span> <span class='ocrx_word' id='word_1_293' title='bbox 986 2171 1175 2216; x_wconf 89' lang='lat' dir='ltr'>incautos,</span> <span class='ocrx_word' id='word_1_294' title='bbox 1208 2172 1434 2209; x_wconf 87' lang='lat' dir='ltr'>nominatim</span> <span class='ocrx_word' id='word_1_295' title='bbox 1468 2172 1611 2221; x_wconf 86' lang='lat' dir='ltr'>Cajum</span> 
     </span>
     <span class='ocr_line' id='line_1_33' title="bbox 150 2232 1612 2284; baseline 0.003 -14"><span class='ocrx_word' id='word_1_296' title='bbox 150 2232 360 2270; x_wconf 82' lang='lat' dir='ltr'>³⁵Suffium</span> <span class='ocrx_word' id='word_1_297' title='bbox 393 2232 470 2269; x_wconf 92' lang='lat' dir='ltr'>illic</span> <span class='ocrx_word' id='word_1_298' title='bbox 508 2245 531 2270; x_wconf 88' lang='lat' dir='ltr'>a</span> <span class='ocrx_word' id='word_1_299' title='bbox 563 2234 715 2270; x_wconf 70' lang='lat' dir='ltr'>Caesare</span> <span class='ocrx_word' id='word_1_300' title='bbox 750 2234 802 2270; x_wconf 88' lang='lat' dir='ltr'>rei</span> <span class='ocrx_word' id='word_1_301' title='bbox 833 2233 1090 2271; x_wconf 76' lang='lat' dir='ltr'>frumentariae</span> <span class='ocrx_word' id='word_1_302' title='bbox 1127 2235 1366 2284; x_wconf 61' lang='lat' dir='ltr'>praefectum,</span> <span class='ocrx_word' id='word_1_303' title='bbox 1407 2236 1612 2275; x_wconf 87' lang='lat' dir='ltr'>honestum</span> 
     </span>
     <span class='ocr_line' id='line_1_34' title="bbox 151 2294 1611 2350; baseline 0.003 -16"><span class='ocrx_word' id='word_1_304' title='bbox 151 2294 275 2334; x_wconf 80' lang='lat' dir='ltr'>virum</span> <span class='ocrx_word' id='word_1_305' title='bbox 295 2296 592 2346; x_wconf 87' lang='lat' dir='ltr'>Romanumque</span> <span class='ocrx_word' id='word_1_306' title='bbox 622 2297 792 2346; x_wconf 86' lang='lat' dir='ltr'>equitem</span> <span class='ocrx_word' id='word_1_307' title='bbox 813 2297 1059 2341; x_wconf 87' lang='lat' dir='ltr'>obtruncant,</span> <span class='ocrx_word' id='word_1_308' title='bbox 1093 2311 1137 2335; x_wconf 86' lang='lat' dir='ltr'>ac</span> <span class='ocrx_word' id='word_1_309' title='bbox 1160 2299 1258 2335; x_wconf 89' lang='lat' dir='ltr'>bona</span> <span class='ocrx_word' id='word_1_310' title='bbox 1279 2299 1405 2336; x_wconf 88' lang='lat' dir='ltr'>omnia</span> <span class='ocrx_word' id='word_1_311' title='bbox 1426 2307 1611 2350; x_wconf 86' lang='lat' dir='ltr'>tanquam</span> 
     </span>
     <span class='ocr_line' id='line_1_35' title="bbox 153 2358 1612 2410; baseline 0.004 -14"><span class='ocrx_word' id='word_1_312' title='bbox 153 2358 257 2397; x_wconf 87' lang='lat' dir='ltr'>bello</span> <span class='ocrx_word' id='word_1_313' title='bbox 276 2366 387 2409; x_wconf 85' lang='lat' dir='ltr'>parta</span> <span class='ocrx_word' id='word_1_314' title='bbox 409 2359 610 2410; x_wconf 84' lang='lat' dir='ltr'>diripiunt.</span> <span class='ocrx_word' id='word_1_315' title='bbox 676 2358 710 2384; x_wconf 82' lang='lat'>³⁶</span> <span class='ocrx_word' id='word_1_316' title='bbox 725 2359 805 2397; x_wconf 83' lang='lat' dir='ltr'>lllic</span> <span class='ocrx_word' id='word_1_317' title='bbox 838 2360 892 2396; x_wconf 85' lang='lat' dir='ltr'>rei</span> <span class='ocrx_word' id='word_1_318' title='bbox 926 2359 1028 2399; x_wconf 87' lang='lat' dir='ltr'>fama</span> <span class='ocrx_word' id='word_1_319' title='bbox 1049 2361 1306 2406; x_wconf 75' lang='lat' dir='ltr'>diffunditur:</span> <span class='ocrx_word' id='word_1_320' title='bbox 1338 2370 1378 2400; x_wconf 90' lang='lat' dir='ltr'>ut</span> <span class='ocrx_word' id='word_1_321' title='bbox 1399 2372 1484 2401; x_wconf 85' lang='lat' dir='ltr'>suut</span> <span class='ocrx_word' id='word_1_322' title='bbox 1507 2363 1612 2402; x_wconf 88' lang='lat' dir='ltr'>Galli</span> 
     </span>
     <span class='ocr_line' id='line_1_36' title="bbox 154 2423 1613 2469; baseline 0.003 -9"><span class='ocrx_word' id='word_1_323' title='bbox 154 2434 350 2460; x_wconf 85' lang='lat' dir='ltr'>rumorum</span> <span class='ocrx_word' id='word_1_324' title='bbox 378 2423 625 2461; x_wconf 85' lang='lat' dir='ltr'>serendorum</span> <span class='ocrx_word' id='word_1_325' title='bbox 658 2431 747 2461; x_wconf 76' lang='lat' dir='ltr'>ante</span> <span class='ocrx_word' id='word_1_326' title='bbox 767 2424 862 2461; x_wconf 85' lang='lat' dir='ltr'>alios</span> <span class='ocrx_word' id='word_1_327' title='bbox 892 2423 1078 2469; x_wconf 88' lang='lat' dir='ltr'>studiosi;</span> <span class='ocrx_word' id='word_1_328' title='bbox 1111 2432 1152 2462; x_wconf 90' lang='lat' dir='ltr'>ut</span> <span class='ocrx_word' id='word_1_329' title='bbox 1171 2438 1257 2463; x_wconf 86' lang='lat' dir='ltr'>cum</span> <span class='ocrx_word' id='word_1_330' title='bbox 1279 2426 1374 2463; x_wconf 88' lang='lat' dir='ltr'>lucis</span> <span class='ocrx_word' id='word_1_331' title='bbox 1395 2427 1502 2464; x_wconf 85' lang='lat' dir='ltr'>initio</span> <span class='ocrx_word' id='word_1_332' title='bbox 1522 2426 1613 2464; x_wconf 87' lang='lat' dir='ltr'>belli</span> 
     </span>
    </p>
   </div>
   <div class='ocr_carea' id='block_1_3' title="bbox 154 2607 1614 2760">
    <p class='ocr_par' dir='ltr' id='par_1_3' title="bbox 154 2607 1614 2760">
     <span class='ocr_line' id='line_1_37' title="bbox 197 2607 1614 2651; baseline 0.002 -13"><span class='ocrx_word' id='word_1_333' title='bbox 197 2609 241 2638; x_wconf 83' lang='lat'>28</span> <span class='ocrx_word' id='word_1_334' title='bbox 262 2607 367 2648; x_wconf 85' lang='lat' dir='ltr'>Lege,</span> <span class='ocrx_word' id='word_1_335' title='bbox 392 2608 669 2641; x_wconf 81' lang='lat' dir='ltr'>Miloniana.—29</span> <span class='ocrx_word' id='word_1_336' title='bbox 692 2610 810 2650; x_wconf 79' lang='lat' dir='ltr'>Forte,</span> <span class='ocrx_word' id='word_1_337' title='bbox 833 2612 912 2643; x_wconf 74' lang='lat' dir='ltr'>nihil</span> <span class='ocrx_word' id='word_1_338' title='bbox 927 2622 946 2643; x_wconf 84' lang='lat' dir='ltr'>a</span> <span class='ocrx_word' id='word_1_339' title='bbox 969 2612 1089 2643; x_wconf 71' lang='lat' dir='ltr'>cunetis</span> <span class='ocrx_word' id='word_1_340' title='bbox 1109 2612 1357 2651; x_wconf 53' lang='lat' dir='ltr'>geatwa—30</span> <span class='ocrx_word' id='word_1_341' title='bbox 1382 2612 1485 2650; x_wconf 84' lang='lat' dir='ltr'>Lege,</span> <span class='ocrx_word' id='word_1_342' title='bbox 1500 2611 1532 2641; x_wconf 78' lang='lat' dir='ltr'>in</span> <span class='ocrx_word' id='word_1_343' title='bbox 1549 2610 1614 2641; x_wconf 68' lang='lat' dir='ltr'>Ra-</span> 
     </span>
     <span class='ocr_line' id='line_1_38' title="bbox 154 2662 1613 2706; baseline 0.003 -15"><span class='ocrx_word' id='word_1_344' title='bbox 154 2663 356 2693; x_wconf 61' lang='lat' dir='ltr'>mnam—31</span> <span class='ocrx_word' id='word_1_345' title='bbox 382 2662 498 2701; x_wconf 87' lang='lat' dir='ltr'>Forte,</span> <span class='ocrx_word' id='word_1_346' title='bbox 505 2663 715 2701; x_wconf 66' lang='lat' dir='ltr'>sorsum—32</span> <span class='ocrx_word' id='word_1_347' title='bbox 738 2665 842 2706; x_wconf 88' lang='lat' dir='ltr'>Lege,</span> <span class='ocrx_word' id='word_1_348' title='bbox 856 2668 1038 2698; x_wconf 55' lang='lat' dir='ltr'>tottam—33</span> <span class='ocrx_word' id='word_1_349' title='bbox 1058 2666 1161 2705; x_wconf 83' lang='lat' dir='ltr'>Lege,</span> <span class='ocrx_word' id='word_1_350' title='bbox 1174 2667 1386 2696; x_wconf 59' lang='lat' dir='ltr'>avitam—34</span> <span class='ocrx_word' id='word_1_351' title='bbox 1411 2664 1516 2703; x_wconf 79' lang='lat' dir='ltr'>Lege,</span> <span class='ocrx_word' id='word_1_352' title='bbox 1534 2664 1613 2695; x_wconf 78' lang='lat' dir='ltr'>Car-</span> 
     </span>
     <span class='ocr_line' id='line_1_39' title="bbox 156 2713 1526 2760; baseline 0.005 -17"><span class='ocrx_word' id='word_1_353' title='bbox 156 2715 259 2754; x_wconf 71' lang='lat' dir='ltr'>nutes,</span> <span class='ocrx_word' id='word_1_354' title='bbox 278 2717 315 2745; x_wconf 89' lang='lat' dir='ltr'>et</span> <span class='ocrx_word' id='word_1_355' title='bbox 330 2713 380 2745; x_wconf 86' lang='lat' dir='ltr'>sic</span> <span class='ocrx_word' id='word_1_356' title='bbox 396 2714 431 2746; x_wconf 90' lang='lat' dir='ltr'>in</span> <span class='ocrx_word' id='word_1_357' title='bbox 445 2716 664 2758; x_wconf 77' lang='lat' dir='ltr'>sequentibus</span> <span class='ocrx_word' id='word_1_358' title='bbox 680 2718 914 2760; x_wconf 52' lang='lat' dir='ltr'>corrige-*35</span> <span class='ocrx_word' id='word_1_359' title='bbox 936 2719 1042 2760; x_wconf 75' lang='lat' dir='ltr'>Lege,</span> <span class='ocrx_word' id='word_1_360' title='bbox 1058 2718 1281 2760; x_wconf 58' lang='lat' dir='ltr'>Fufium-036</span> <span class='ocrx_word' id='word_1_361' title='bbox 1304 2717 1410 2758; x_wconf 83' lang='lat' dir='ltr'>Lege,</span> <span class='ocrx_word' id='word_1_362' title='bbox 1424 2715 1526 2749; x_wconf 59' lang='lat' dir='ltr'>tusco.</span> 
     </span>
    </p>
   </div>
  </div>
 </body>
</html>
