1850 3109
430 182 606 223 cAr.2.

113 285 209 325 legit,
225 289 414 327 compararet
429 295 438 317 :
458 284 548 325 (scil.
563 281 705 323 Caesar.)
724 282 814 313 Pom-

112 335 210 374 peius,
225 337 276 374 ὅτ.
299 334 442 375 Syntaxi
459 333 557 374 plane
573 332 676 363 nulla.
703 333 812 363 Clark.

158 390 177 416 7
204 385 400 416 Provinciam
416 386 536 414 vastare
551 382 657 423 coepit]
690 382 813 413 Delevi

115 435 256 466 verbum
273 432 476 474 caepit‚quod
493 433 608 464 statim
625 432 813 473 praecessit,

115 485 181 517 fule
200 486 281 517 Mss.
305 485 420 524 Cujac.
447 484 566 514 Petav.
591 487 626 513 et
643 482 739 513 Lcid.
761 492 812 522 pr.

114 536 214 568 Hanc
251 540 363 566 autem
411 533 701 565 constructionem
741 543 814 563 csse

115 586 282 625 Latinam,
310 585 382 626 quis
411 585 474 615 tiro
501 584 632 615 nescit?
681 582 748 614 Adi
773 584 815 614 ad

114 644 180 667 wi.
194 639 246 666 81.

156 688 177 715 9
203 684 334 724 Contra]
365 685 494 715 Vocem
523 683 635 722 istam,
664 694 684 714 a
712 683 816 714 Scali-

114 744 194 775 gero
220 740 256 766 et
284 735 541 766 Recentioribus
573 735 744 773 omissam,
773 744 815 765 ex

115 786 199 818 Mss.
219 786 307 827 Reg.
331 792 365 818 et
384 787 508 817 Eliensi
524 791 559 817 et
583 785 676 818 Edit.
695 786 815 816 Roma-

116 845 158 867 na
185 837 331 867 restitui.
370 838 476 868 Clark.
523 837 705 868 Accedunt
733 837 814 868 Mss.

115 887 204 919 Scal.
222 887 316 918 Leid.
338 897 388 928 pr.
406 887 532 925 Ursini,
550 887 665 918 Ciacc.
692 892 728 918 et
751 887 815 918 Ed.

116 937 211 968 Med.
230 937 317 968 Ven.
365 938 504 968 Habent
521 947 653 979 quoque,
676 939 816 969 Vascos.

114 988 236 1028 steph.
253 988 387 1028 Grypli.
406 988 567 1028 poterim,
590 988 648 1019 sed
665 989 818 1028 superius

116 1041 225 1068 contra
261 1038 309 1068 illi
347 1038 496 1070 editores
535 1039 726 1079 ejecerunt,
756 1049 817 1070 nec

119 1088 206 1118 male
230 1097 304 1119 meo
322 1088 469 1129 judicio.
516 1089 687 1120 eludebant
711 1090 819 1120 edidit

116 1138 266 1178 Scaliger
283 1139 408 1178 primus
425 1148 442 1168 e
460 1139 527 1168 Ms.
545 1139 674 1177 Ursini,
699 1145 734 1169 ct
749 1149 818 1170 suo.

117 1189 296 1222 Quomodo
324 1189 477 1220 nonnulli
502 1188 566 1219 viri
593 1188 686 1220 docti
717 1189 821 1219 scribi

119 1239 236 1270 volunt
252 1239 390 1280 ubique,
415 1248 475 1279 pro
491 1239 618 1270 claudo.-
644 1244 680 1270 ut
704 1243 820 1270 notum

117 1294 181 1320 est.

164 1344 203 1371 10
226 1341 278 1372 De
295 1342 351 1371 Cn.
372 1341 531 1381 Pompeio]
558 1340 602 1372 Ni
627 1339 726 1372 fallor
753 1341 820 1382 legi

121 1390 227 1422 debet
244 1391 294 1423 De
313 1392 350 1421 C.
369 1392 505 1421 Coesare.

164 1443 202 1471 11
227 1440 342 1480 Aliqua
358 1441 386 1471 ei
403 1441 596 1480 inferebatur·
610 1441 730 1482 caussa]
754 1441 821 1472 Ali-

121 1490 218 1531 cujus
256 1491 404 1522 criminis
443 1492 706 1524 insimulabatur.
764 1493 820 1524 Sic

121 1541 237 1580 inffrre
251 1542 382 1573 crimina
404 1543 493 1574 dixit
515 1544 662 1584 scriptor
686 1543 727 1574 atl
754 1544 823 1574 He-

123 1593 275 1624 rennium
299 1594 321 1624 l.
339 1602 388 1623 ιν.
406 1603 437 1633 p.
457 1596 509 1623 36.
534 1594 587 1624 ed.
605 1593 757 1624 Lambini.
783 1604 821 1625 ac

122 1643 272 1675 ‘inferre
306 1643 581 1674 controversiam'
621 1644 742 1675 Cicero
779 1644 821 1674 dc

122 1695 258 1726 lnvent.
282 1694 304 1724 l.
322 1703 362 1724 ιι.
387 1704 419 1734 p.
444 1697 496 1725 72.
543 1693 630 1723 vVide
657 1698 691 1724 et
720 1694 823 1725 inter-

124 1750 240 1785 pretes
256 1745 297 1775 ad
315 1744 451 1775 Plioedri
470 1744 549 1775 Fam.
567 1753 590 1774 1.
610 1747 682 1775 1.4.
712 1745 822 1775 Dat-is.

123 1795 167 1826 V.
192 1794 234 1825 ad
259 1795 299 1825 B.
319 1794 362 1826 G.
390 1804 413 1825 1.
440 1798 492 1825 39.
518 1793 619 1825 ‘Atia
635 1804 754 1825 caussa
776 1794 823 1824 iu-

121 1844 213 1881 lata)

168 1899 207 1927 13
239 1896 355 1927 Paucis
385 1895 547 1926 commodis
574 1895 658 1925 hoste
688 1894 823 1934 lun-tato]

126 1945 184 1978 Ol)
200 1946 285 1978 hanc
304 1947 510 1978 locutionem
527 1950 642 1976 nostro
658 1947 825 1985 βαρβαρισ-

123 1996 182 2036 μόν
195 1997 353 2038 impingit
368 1997 468 2030 Joan.
486 1997 714 2035 Rliellicanus‚
731 2001 766 2027 et
783 1996 825 2027 de

125 2047 206 2079 vitio
230 2053 299 2079 tam
323 2052 436 2078 certus
459 2052 509 2077 est
531 2047 632 2079 Joau.
655 2046 827 2085 Brautius,

124 2102 163 2129 ut
201 2097 347 2129 affirmet
375 2108 416 2129 ne
448 2098 661 2129 Prisciamun
691 2098 827 2139 quidem

125 2147 211 2179 hanc
227 2147 381 2179 mendam
406 2158 503 2188 posse
520 2147 714 2179 defendere.
762 2149 828 2179 Bo-

127 2207 170 2230 na
192 2197 308 2237 verba,
334 2208 460 2238 quaesm
506 2198 669 2238 Apuleius
686 2199 826 2229 Metam.

127 2249 151 2280 1.
175 2257 228 2280 lx.
258 2258 291 2288 p.
316 2251 390 2279 203.
423 2251 430 2264 ‘
446 2249 555 2279 Canes
582 2249 828 2279 transeuntium

129 2298 298 2330 viatorum
322 2298 445 2339 passim
462 2298 628 2328 morsibus
645 2299 830 2328 alumnatos

127 2349 250 2389 laxari,
275 2353 380 2390 atque
407 2350 441 2380 iu
469 2358 586 2380 corum
615 2349 756 2379 exitium
783 2349 829 2378 ἰη-

128 2399 279 2436 hortatos,
311 2398 448 2430 immitti
479 2398 660 2439 praecipitl
721 2398 830 2429 Passi-

129 2459 205 2482 vam
223 2449 337 2489 etiam,
354 2459 420 2480 non
436 2450 540 2480 minus
556 2458 655 2489 quam
672 2449 830 2487 activam,

129 2499 410 2541 significationem
427 2500 501 2531 huic
515 2500 620 2530 verbo
635 2505 830 2539 competere

133 2554 280 2581 testatur
310 2549 354 2581 A.
384 2549 517 2580 Gellius
548 2550 592 2580 N.
619 2548 660 2580 A.
688 2558 747 2580 xv.
781 2552 833 2580 13.

132 2599 220 2630 Vide
235 2604 270 2630 et
286 2600 367 2631 Ger.
383 2601 484 2632 Joan.
500 2601 654 2631 Vossium
671 2600 713 2632 (le
730 2600 830 2631 Anal.

132 2657 191 2681 ιιι.
219 2652 250 2681 6.
287 2650 399 2681 Datis.
454 2651 503 2681 Ut
531 2651 671 2681 hortatus
698 2651 831 2691 passive

134 2697 220 2728 sumi
236 2699 354 2739 possit,
374 2699 509 2731 videtur
524 2705 635 2731 tamen
650 2706 832 2741 corruptus

136 2756 212 2779 esse
234 2747 340 2779 loeus.
383 2749 471 2780 Nam
499 2750 585 2790 pacis
605 2752 756 2782 commodo
780 2756 832 2782 est

642 192 735 221 [AB.
771 192 832 221 1213
867 192 1022 221 BELLO
1056 193 1253 223 HISPAN-

1449 186 1563 226 1645

864 282 896 312 in
922 282 998 314 Pet.
1021 282 1106 314 Cod.
1131 284 1286 314 commoda
1308 284 1395 315 Scal.
1419 290 1455 316 et
1480 288 1565 325 pacis

863 335 1028 364 commoda.
1055 333 1149 365 Lcid.
1178 344 1227 374 pr.
1281 334 1379 364 Unde
1403 336 1482 375 quid
1511 346 1565 367 ex-

865 383 984 415 tricari
998 384 1134 422 debeat,
1153 384 1229 414 vide
1248 384 1384 416 Lector.

910 437 948 465 14
974 434 1113 472 Majores
1127 434 1320 473 augebantur
1333 435 1441 475 copim]
1466 435 1566 467 Joan.

866 483 1097 524 Glandorpius
1118 484 1252 524 reponit
1274 485 1375 524 magis
1394 485 1568 523 agebantur

864 534 969 574 copioe,
999 536 1051 565 vcl
1083 535 1214 572 majores
1242 535 1472 570 reddebantur;
1508 536 1566 566 sed

866 584 1051 615 certissime
1091 585 1267 624 legendum
1306 586 1436 625 majores
1470 595 1567 626 coge-

867 633 991 663 bantur
1006 633 1112 673 copim,
1137 645 1212 674 quae
1231 634 1360 674 phrasis
1379 642 1430 666 cst
1455 635 1568 666 Latin-

866 683 1002 721 issima;
1033 684 1097 714 nisi
1126 683 1253 723 forsan,
1281 686 1371 725 quod
1401 686 1569 725 suspicor,

866 734 1013 765 ἰδιωτικὸς
1039 735 1083 766 sit
1109 735 1246 775 hujusce
1270 736 1446 775 scriptoris
1474 736 1571 766 l’leo-

866 795 1010 816 nasmus.
1042 786 1156 817 Dacis.
1203 786 1306 817 Certe
1334 786 1487 816 similiter
1515 795 1570 817 oc-

869 835 977 866 currit
1015 836 1048 866 in
1086 845 1174 866 nono
1213 835 1352 866 Canone
1389 835 1570 868 Theodori.

867 886 1089 917 ‘Tractatum
1119 885 1195 924 est,’
1225 886 1349 926 inquit,
1378 886 1439 917 ‘ut
1466 886 1571 926 plures

867 938 1033 978 episcopi,
1078 941 1256 968 crescente
1307 946 1446 968 numero
1488 936 1571 968 fide-

869 989 962 1029 lium,
976 987 1189 1027 augerentur!

871 1041 949 1070 dam
974 1039 1065 1070 Hist.
1082 1039 1216 1070 Eccles.
1240 1046 1290 1070 lv.
1311 1042 1342 1070 5.
1367 1039 1476 1069 DurIs.
1501 1048 1571 1069 cur.

872 1100 940 1122 sec.

917 1141 965 1171 Ob
981 1141 1050 1180 hoc]
1073 1141 1128 1172 Sic
1147 1140 1308 1181 rescripsi
1321 1150 1339 1172 e
1354 1140 1437 1171 Cod.
1452 1139 1573 1172 Petav.

873 1191 960 1230 quod
994 1192 1085 1221 valet
1116 1193 1288 1230 propterea.
1355 1191 1426 1220 110„-
1457 1191 1575 1230 Cujac.

871 1240 959 1271 Scal.
978 1241 1071 1271 Leid.
1089 1250 1140 1280 pr.
1163 1240 1306 1270 Dorvill.
1323 1244 1358 1270 et
1372 1240 1459 1270 Edit.
1475 1241 1572 1271 Rom.

873 1290 1015 1321 Mediol.
1037 1291 1126 1321 ven.
1171 1290 1282 1329 Vulgo
1310 1291 1442 1329 ideoque.
1486 1290 1575 1321 Vide

873 1341 915 1372 ad
932 1341 1085 1373 Frontin.
1109 1350 1132 1372 1.
1147 1344 1178 1371 ὃ.
1194 1343 1224 1371 2.
1249 1344 1285 1371 ct
1313 1349 1370 1370 ιιι.
1387 1344 1417 1371 9.
1436 1344 1465 1371 3.
1492 1342 1500 1357 ‘
1517 1339 1573 1372 Ob

873 1392 981 1422 hocin
995 1391 1109 1432 fugam
1122 1391 1243 1431 dilapsi
1258 1390 1278 1428 ς’
1290 1391 1347 1421 ubi
1361 1391 1459 1430 vulgo
1473 1390 1575 1421 etiam

873 1443 947 1473 hoc:
972 1443 1062 1484 quod
1081 1447 1115 1474 et
1134 1442 1243 1482 ipsum
1268 1443 1317 1472 sic
1335 1441 1413 1472 sutis
1435 1440 1576 1472 defendi

874 1499 1002 1534 posset.

916 1554 957 1576 ιι.
982 1548 996 1575 l
1022 1545 1217 1583 Designatus
1242 1543 1380 1574 dictator
1403 1542 1454 1582 lv]
1487 1541 1575 1573 Edd.

874 1597 1004 1636 primae,
1028 1595 1110 1626 item
1138 1595 1328 1632 Plautinus,
1351 1593 1517 1633 Scaliger,
1542 1597 1578 1624 et

874 1656 969 1687 seqq.
982 1645 1170 1676 omiserunt
1183 1644 1330 1676 seeundo
1345 1645 1419 1675 loco
1431 1644 1578 1683 dictator,

875 1706 975 1736 quam
992 1705 1109 1727 vocem
1126 1700 1238 1726 tamen
1264 1696 1348 1725 Mss.
1364 1700 1399 1725 et
1416 1694 1501 1724 Edu.
1526 1703 1579 1724 ce-

876 1752 957 1777 terae
977 1746 1137 1777 retinent.
1184 1745 1258 1775 Nisi
1274 1744 1362 1785 quod
1380 1744 1501 1774 Petav.
1525 1744 1579 1773 lia-

876 1797 957 1828 beat
978 1795 1176 1836 simpliciter
1201 1796 1238 1826 C.
1258 1796 1364 1825 Casar
1377 1794 1515 1824 dictator
1530 1802 1578 1824 lv.

874 1847 1020 1879 videtur
1038 1847 1216 1887 legendum
1239 1846 1375 1876 dictator
1398 1854 1454 1885 111,
1478 1845 1580 1883 desig-

875 1902 966 1930 uatus
997 1898 1110 1929 Consul
1135 1898 1199 1928 sive
1227 1898 1296 1928 Cos.
1323 1906 1373 1927 lv.
1417 1895 1473 1926 Sic
1489 1896 1579 1926 enim

879 1948 1056 1987 Historici‚
1081 1946 1172 1986 fasti,
1196 1952 1231 1978 et
1249 1946 1386 1976 nummi.
1433 1946 1580 1976 Consule

877 1999 1033 2039 l‘ighium
1051 1998 1092 2028 ad
1111 1997 1154 2028 A.
1171 2006 1320 2028 Dccvnr.
1351 2001 1386 2027 et
1404 1997 1580 2027 Nummos.

878 2050 1006 2081 Forsan
1028 2048 1094 2080 fuit
1119 2050 1187 2080 Cos.
1210 2049 1316 2079 Coesar
1330 2047 1513 2085 designatus
1529 2055 1579 2084 lv,

877 2101 1013 2131 dictator
1029 2109 1087 2131 111.

877 2151 961 2181 solet
980 2149 1154 2190 praefigere
1175 2150 1213 2179 C.

878 2209 902 2232 1.
921 2204 950 2231 1.

922 2250 1036 2280 Multis
1052 2249 1215 2279 itineribus
1229 2252 1301 2278 ante
1315 2247 1475 2286 confectis]
1505 2248 1581 2279 Quo

877 2300 951 2330 haec
967 2299 1173 2339 pertineant,
1188 2308 1251 2327 uon
1265 2298 1374 2336 capio.
1390 2298 1472 2327 Mss.
1487 2296 1583 2328 Leid.

880 2359 930 2389 pr.
947 2349 1071 2387 Scalig.
1100 2347 1214 2378 Multis
1231 2349 1292 2378 iter
1307 2350 1378 2377 ante
1393 2346 1499 2378 diebus
1513 2357 1583 2378 con-

871 2399 980 2437 sectis.
1028 2398 1173 2428 Dorvill.
1210 2397 1308 2429 Leid.
1347 2406 1415 2427 sec.
1471 2397 1584 2429 Multis

879 2449 954 2479 ilem
984 2452 1056 2479 ante
1085 2447 1191 2479 diebus
1220 2448 1372 2486 conjectis.
1429 2447 1584 2488 Conjicio

881 2499 1060 2539 legendum
1098 2499 1205 2530 multis
1232 2499 1266 2529 in
1296 2497 1369 2529 urbe
1397 2501 1469 2528 ante
1495 2496 1584 2528 rebus

880 2549 1037 2587 confectis,
1056 2549 1107 2579 vel
1125 2549 1186 2579 iter
1200 2541 1280 2579 ante'
1290 2557 1348 2588 pro
1364 2552 1435 2578 ante
1451 2548 1523 2577 iter.

924 2602 942 2630 3
968 2600 1005 2630 In
1025 2600 1215 2640 Hispaniam
1230 2598 1376 2638 venisset]
1410 2598 1464 2628 Sic
1488 2606 1585 2636 repo-

880 2651 930 2682 sui
946 2660 988 2681 ex
1002 2651 1069 2681 Ms.
1087 2650 1226 2681 Norvic.
1242 2654 1277 2680 et
1289 2648 1372 2679 edit.
1390 2646 1506 2686 steph.
1543 2645 1585 2676 In

881 2701 957 2731 aliis
985 2701 1017 2731 in
1048 2701 1235 2740 Hispaniam
1262 2698 1460 2734 convenisset,
1495 2695 1585 2736 quod

880 2760 946 2782 uon
970 2751 1035 2782 nisi
1058 2751 1100 2782 de
1124 2750 1255 2781 duobus
1283 2746 1480 2788 pluribusve
1499 2744 1584 2786 diei·

1134 2100 1222 2130 Nam
1240 2103 1275 2129 et
1298 2097 1350 2128 hic
1374 2101 1490 2127 auctor
1512 2106 1581 2127 nou

1262 2147 1348 2178 Vide
1372 2146 1415 2177 ad
1441 2147 1480 2177 B.
1507 2145 1581 2176 Civ.

1237 987 1360 1018 Exstat
1388 987 1478 1028 apud
1508 988 1571 1018 Be·
1622 1022 1626 1028 Δ
