1850 3109
226 182 340 225 1464

224 298 300 329 nus,
313 288 384 320 sive
398 288 540 330 minore,
553 288 643 331 quod
655 289 813 330 praefero,
831 294 867 320 ut
884 290 927 321 sit

228 338 479 371 Anacolutbon.
503 340 511 356 ‘
531 340 641 370 Multa
657 341 789 371 locutus
813 346 847 371 ct
871 351 925 371 au-

226 388 330 427 ditus,
356 400 551 429 responsum
579 396 631 421 cst
647 390 667 419 :'
697 401 759 430 pro
780 392 880 421 locutu
897 394 925 421 ct

224 440 353 470 auditu.-
391 440 479 480 quoil
516 450 691 480 perperam
720 441 925 471 substituere

225 494 368 520 conatur
402 490 570 519 Davisius.
631 490 790 530 Alioquin
822 491 924 520 ctiam

222 536 418 568 facillimum
434 539 533 575 l'orct,
548 548 714 578 reponere
729 539 852 569 nuditus
867 545 925 570 est.

223 587 415 627 Responsum
441 587 479 616 ub
503 588 559 618 ult.
584 589 634 618 vel
658 589 783 619 auditus
805 599 927 629 respou-

222 647 289 668 sum
312 637 380 675 sert
412 637 458 668 ab.
518 638 565 668 At
596 639 782 670 mutatione
809 645 927 671 contra

223 686 395 718 Mstoruiu
420 688 659 719 auctoritatem
676 699 742 720 uon
759 699 843 730 opus
860 695 924 720 est.

223 737 279 768 De
304 737 364 767 boc
387 738 595 769 riuacolutbo
618 739 688 769 sive
710 740 926 771 Nouiiuativo

223 787 319 827 quasi
347 787 514 826 absoluto,
538 789 596 829 qui
619 789 750 820 Graecis
767 796 819 820 cst
836 789 926 820 tinui-

220 836 434 875 liarissimus,
448 838 501 868 adi
519 839 625 870 l’criz.
640 840 682 869 ad
698 840 825 871 Sanctii
842 841 923 871 Min.

222 896 257 927 p.
275 889 349 919 725.
373 891 424 919 26.
460 890 554 919 (fort.
582 889 623 919 ad
650 890 730 921 Sall.
754 891 834 930 jug,
853 899 878 921 1.
895 894 923 921 ιί.

222 939 274 968 33.
292 940 322 968 2.
342 938 449 977 ipsuiu
469 939 583 968 navis.
602 939 644 969 ad
665 939 704 969 Β.
721 939 813 970 Gall.
830 949 853 970 1.
873 944 922 970 18.

223 991 258 1017 et
288 987 329 1017 ad
359 987 450 1018 Hirt.
482 989 521 1018 Β.
548 988 656 1019 Afric.
684 999 713 1020 c.
740 992 793 1019 25.
820 989 829 1006 ‘
848 989 922 1020 Rex

221 1036 323 1075 Juba,
338 1040 402 1067 xe.
421 1047 486 1067 nou
504 1044 556 1068 cst
572 1039 676 1069 visum
690 1039 711 1069 :'
728 1049 810 1079 quos
827 1039 924 1069 alios-

221 1087 363 1127 qucjam
378 1088 527 1118 laudavit
541 1089 591 1119 Cl.
606 1089 720 1119 Burm-
732 1089 773 1119 ad
788 1090 923 1121 Pliaedr.

221 1145 280 1167 111.
304 1139 355 1167 20.
374 1140 405 1167 6.
420 1143 454 1168 et
472 1147 505 1167 v.
522 1141 553 1169 9.
590 1138 688 1169 Adde
713 1139 866 1170 Hirtium
881 1140 923 1171 B.

221 1185 330 1218 Afric.
349 1197 376 1218 c.
399 1191 448 1218 19.
466 1189 475 1204 ‘
494 1188 674 1227 Labienus,
699 1194 762 1219 occ.
794 1189 846 1219 his
869 1199 923 1220 co-

222 1236 288 1276 piis
319 1242 372 1268 est
400 1237 634 1268 decertatum)
676 1239 748 1269 Cic.
781 1238 860 1269 Act.
890 1239 922 1269 iu

221 1287 320 1318 Verr.
338 1296 362 1317 1.
383 1290 432 1317 lS.
449 1289 457 1304 ‘
476 1289 523 1318 Ut
541 1288 659 1327 Siculi,
673 1298 768 1329 quos,
784 1290 844 1320 tte.
864 1299 922 1320 eos

220 1341 291 1368 tum
323 1338 462 1368 lictores
495 1339 670 1368 consulum
699 1339 833 1369 vocent'
862 1349 923 1379 pro

220 1386 350 1418 Siculos.
386 1387 517 1418 Lucan.
535 1397 585 1418 lx.
603 1391 676 1419 777.
701 1393 739 1419 ut
762 1389 830 1420 illic
855 1399 923 1420 mo-

219 1437 289 1477 nui,
304 1438 331 1468 si
348 1438 439 1468 locus
453 1447 552 1468 sanus
566 1443 628 1469 est.
652 1439 755 1470 Certe
774 1440 924 1480 pluribus

220 1486 420 1519 confirmare
450 1493 592 1519 conatur
623 1489 728 1520 Doct.
761 1489 924 1521 Arntzcn.

220 1538 262 1568 ad
288 1537 408 1568 Aurcl.
435 1538 526 1569 vict.
544 1538 586 1569 ‹le
603 1540 687 1569 Caes.
709 1548 738 1569 c.
755 1542 807 1569 20.
833 1540 842 1555 ‘
858 1540 924 1572 Qui

221 1598 424 1629 quamquam
452 1594 575 1619 exacta
604 1594 706 1620 aetate
732 1589 925 1628 mortuuni‚'

219 1640 282 1669 &c.
297 1648 358 1679 pro
370 1649 471 1679 quem.
495 1639 630 1679 Apulei.
647 1641 735 1670 Flor.
752 1644 801 1671 l-l.
820 1642 828 1657 ‘
845 1642 923 1671 (tra-

220 1693 271 1720 tes
288 1689 345 1719 illc
365 1689 528 1729 Diogenis
556 1695 721 1729 sectator,
738 1693 802 1721 «xc.
832 1691 925 1721 nulla

220 1739 338 1771 domus
354 1740 384 1769 ei
402 1741 517 1770 clausa
535 1739 621 1770 fuit!

264 1793 303 1821 14
326 1791 429 1830 Atque
451 1801 512 1821 unu
537 1791 631 1821 etium
654 1791 807 1831 utrimque
824 1793 924 1823 admo-

218 1842 290 1871 dum
320 1843 387 1871 tuto
413 1841 510 1879 legati
536 1842 651 1879 venire,
673 1845 703 1871 et
729 1853 796 1881 quur
814 1844 924 1873 vellent

218 1901 369 1931 exponere
390 1890 524 1931 possent]
557 1892 671 1922 Verba
694 1893 766 1923 baec
790 1892 923 1931 integra

218 1951 292 1973 esse
309 1943 420 1972 nullus
446 1943 523 1973 mibi
548 1943 779 1983 persuaserit:
805 1943 836 1973 iu
860 1944 923 1973 Pc-

218 1991 353 2023 taviauo
385 2002 444 2031 pro
473 1993 564 2023 etiam
597 1998 671 2024 erat
701 1993 774 2024 ubi:
810 1994 868 2024 sed
905 2003 924 2024 a

217 2051 317 2073 manu
344 2043 597 2081 emendatrice;
629 2054 669 2074 ea
695 2049 821 2083 tamen,
847 2054 922 2085 quae

217 2091 333 2132 priora
358 2093 549 2132 scripserat.
586 2094 627 2124 Iu
644 2104 675 2123 v.
693 2104 722 2125 c.
740 2098 856 2125 nostro
888 2098 923 2125 et

216 2141 378 2173 Palatino
403 2148 456 2174 cst
486 2144 542 2174 ris.
589 2144 656 2174 Sed
680 2144 762 2175 uibil
793 2144 849 2176 isti
868 2145 922 2185 ju-

217 2197 310 2223 vant.
350 2193 486 2224 Fulvius
510 2203 570 2234 pro
591 2197 715 2234 possent
734 2195 923 2235 reponebat

214 2250 313 2282 posse,
342 2251 404 2273 nec
427 2243 521 2274 videt
551 2243 696 2274 σολοικὸν
727 2254 799 2275 esse
832 2244 921 2275 bunc

215 2292 351 2324 modum
373 2294 555 2334 loquendi:
595 2300 668 2326 tum
696 2296 827 2335 leg-atos,
856 2305 921 2326 nou

215 2342 313 2381 legati
328 2343 545 2375 scribendum
562 2349 665 2375 esset.
704 2345 788 2375 Mihi
807 2345 920 2385 legere

216 2393 344 2434 placet,
360 2397 451 2433 utque
468 2405 527 2425 una
543 2396 648 2426 etiam.
696 2395 795 2428 Quod
809 2395 919 2427 ret'cro

217 2442 259 2474 ad
274 2443 378 2473 verba
395 2444 451 2474 illa
469 2455 644 2484 responsum
657 2450 713 2476 est.
754 2446 921 2477 Varronem

212 2492 356 2534 profiteri
372 2503 403 2523 se
416 2495 457 2524 ud
479 2495 663 2535 colloquium
677 2500 853 2535 tenturum,
871 2499 920 2526 ut-

215 2552 274 2582 que
288 2553 349 2573 una
361 2548 484 2584 possent
496 2545 591 2575 etium
604 2549 674 2576 tuto
690 2547 786 2585 legati
802 2546 918 2577 venire.

215 2592 359 2624 Mallem
398 2598 511 2625 tamen
542 2595 640 2626 aliam
672 2597 919 2636 conjecturam,

216 2642 246 2673 si
276 2649 504 2676 succurreret.
547 2645 681 2677 Vossius.
726 2647 770 2679 D.
800 2647 919 2678 Vossio

215 2694 326 2725 nullus
342 2695 561 2737 persuaserit,
577 2696 683 2728 verba
696 2696 772 2728 haec
787 2698 920 2738 integra

216 2753 304 2776 esse.
328 2745 479 2786 Reponit
499 2744 604 2788 igitur
624 2747 724 2789 thue
736 2757 799 2780 uua
811 2747 916 2781 etium.

687 195 828 227 No'rAE
861 197 1124 227 VARlORUM
1160 199 1209 228 ΙΝ

980 289 1085 331 Atqui
1104 291 1136 321 id
1153 291 1232 322 nihil
1250 295 1368 324 mutat.
1394 293 1480 324 Nam
1498 293 1602 333 Atque
1619 299 1684 325 unu

978 340 1072 370 etium
1098 342 1141 380 (si
1160 341 1433 377 subintelligatur
1448 347 1496 381 ut,
1517 347 1554 374 ut
1579 345 1683 375 manl-

978 389 1064 420 t'esto
1080 391 1359 432 subintelligitur)
1384 394 1471 424 ideiu
1496 394 1593 434 plaue
1617 399 1684 436 est,

977 439 1067 479 quod
1089 440 1260 479 [tqueunu
1286 443 1391 472 etium.
1427 444 1559 474 Revera
1576 444 1682 482 igitur

978 489 1110 528 iutrgra
1127 497 1203 521 suut
1221 492 1290 521 lure
1308 493 1421 523 verba.
1473 495 1544 524 Nec.
1567 495 1682 525 durior

978 544 1030 569 est
1061 541 1272 572 constructio
1312 552 1343 572 se
1377 547 1549 582 venturum,
1591 548 1683 585 atque

976 589 1071 618 etiam
1095 592 1162 618 tuto
1185 591 1281 626 legati
1304 592 1550 632 renireponeut,
1567 603 1683 633 quam,

978 638 1067 678 quod
1086 639 1238 677 proxime
1257 642 1430 679 praecessit
1452 643 1573 673 silentio
1596 644 1684 673 audi-

977 691 1039 725 tus,
1056 698 1230 727 responsum
1251 693 1306 726 est,
1320 693 1374 728 ἔμ’.
1413 692 1608 731 Cujusuiodi
1632 693 1683 723 lo-

978 739 1131 769 cutiones
1163 740 1252 780 apud
1293 742 1493 772 (icen-onem
1529 743 1681 784 aliosque

977 789 1123 829 optimos
1138 789 1306 820 Autliores
1325 791 1494 826 interdum
1511 793 1682 831 reperiun-

977 844 1041 870 tur.
1072 841 1190 880 Neque
1208 840 1375 870 dissimilis
1391 841 1599 872 constructio
1615 847 1682 881 est,

977 900 1051 930 quw.
1083 891 1231 921 occurrit
1256 890 1342 920 iufra
1371 902 1400 923 c.
1430 895 1481 921 ⁸3.
1515 894 1524 909 ‘
1543 893 1681 932 placere

975 940 1050 977 sibi,
1068 944 1180 970 ternas
1200 941 1330 971 tabulas
1349 941 1681 980 dari,—seutentias-

976 999 1041 1029 que
1057 989 1098 1019 (le
1114 991 1254 1029 slus-'ulis
1271 990 1422 1022 ieri-out?
1446 993 1553 1022 Clark.
1578 993 1682 1032 Atque

975 1050 1034 1070 unu
1053 1040 1156 1071 ctiam
1174 1042 1325 1081 utrinque.
1361 1043 1406 1072 Ι).
1422 1042 1561 1073 Vossius
1585 1051 1682 1083 repo-

975 1091 1026 1120 nit
1042 1093 1131 1130 utque
1148 1102 1207 1121 urm
1223 1092 1318 1121 etiam
1339 1093 1492 1132 utrinque.
1523 1093 1681 1124 Clarkius

976 1144 1089 1170 autem
1129 1142 1299 1177 vulgatam
1338 1143 1516 1173 lectionem
1553 1148 1682 1184 tuetur,

976 1190 1066 1231 quod
1084 1191 1254 1229 conjunctio
1278 1192 1448 1231 perfectiva
1472 1193 1680 1234 subintelligi

975 1240 1094 1280 possit.
1152 1241 1307 1281 Utraque
1335 1250 1415 1271 sauc
1446 1243 1532 1273 ratio
1559 1252 1679 1283 parum

975 1290 1110 1321 videtur
1135 1291 1280 1328 Latiua;
1310 1301 1385 1322 nam
1416 1301 1478 1323 uec.
1503 1302 1680 1332 responsum

974 1342 1009 1369 ut
1022 1342 1155 1378 possmit,
1185 1348 1248 1370 uec
1273 1340 1415 1382 profiteri
1440 1344 1473 1371 ut
1498 1346 1620 1381 possent
1645 1343 1679 1372 in

976 1389 1135 1429 legitimis
1152 1389 1309 1429 loquendi
1333 1390 1440 1421 modis
1466 1400 1563 1431 pono.
1602 1391 1679 1422 Pal.

976 1440 1102 1470 Lovan.
1121 1444 1156 1469 ct
1172 1440 1268 1470 Voss.
1288 1440 1413 1471 babent
1435 1443 1526 1480 utque
1546 1451 1606 1471 una
1630 1442 1682 1472 vis

974 1491 1138 1529 utrimque.
1179 1490 1298 1521 Petav.
1327 1496 1440 1522 autem
1470 1501 1509 1521 ac
1536 1491 1679 1523 Norvic.

974 1543 1065 1580 utque
1084 1551 1143 1570 unu
1158 1540 1222 1579 uhi,
1241 1542 1307 1580 vcl,
1328 1541 1372 1571 ibi
1394 1541 1559 1582 utrimque.
1599 1542 1680 1572 For-

975 1600 1033 1620 san
1048 1592 1251 1630 daturumque
1274 1591 1320 1620 uti
1342 1592 1507 1631 utrimque,
1525 1593 1575 1630 &a
1608 1592 1680 1622 Da·

974 1641 1031 1671 tis.
1050 1651 1122 1671 cur.
1141 1651 1208 1671 sco.
1236 1641 1477 1681 Impetraturum
1495 1641 1679 1673 Hotoman-

975 1700 1036 1721 nus
1053 1691 1182 1722 inserit.
1208 1692 1318 1731 Magis
1341 1692 1541 1732 simpliciter
1565 1701 1679 1723 emen·

975 1741 1046 1770 dari
1064 1741 1402 1781 possetsucturumque
1418 1742 1475 1773 uti.
1501 1742 1680 1774 Manutius

979 1792 1079 1831 [tque
1092 1802 1153 1822 unu
1168 1793 1273 1829 etiam,
1284 1794 1334 1831 «ξε.
1358 1796 1475 1823 certum
1491 1793 1519 1823 ei
1534 1793 1579 1823 rei
1600 1796 1679 1824 tem-

970 1851 1039 1882 pus.
1078 1842 1215 1873 Clarkio
1255 1843 1484 1883 adstipulatur
1518 1843 1680 1883 frequens

974 1891 1063 1931 apud
1091 1897 1243 1923 nostrum
1269 1893 1411 1923 variatio
1434 1893 1609 1924 modorum
1628 1894 1678 1925 in-

974 1940 1094 1971 finitivi
1123 1947 1157 1973 et
1180 1943 1410 1983 subjunctivi:
1456 1954 1553 1984 quam
1573 1945 1677 1984 pluri-

974 1991 1035 2021 mis
1063 1993 1226 2032 exemplis
1252 1993 1427 2024 inlustravi
1456 1994 1497 2024 ad
1526 1995 1567 2025 Β.
1587 1995 1677 2026 Gall.

974 2051 1013 2072 11.
1032 2045 1081 2073 10.
1099 2044 1106 2059 ‘
1122 2043 1398 2083 Constitueruut‚
1415 2045 1579 2084 optimum
1603 2054 1677 2076 esse

973 2092 1107 2122 (lonium
1133 2092 1269 2131 reverti,
1295 2097 1330 2123 et
1353 2103 1496 2134 quorum
1524 2094 1556 2124 in
1581 2093 1677 2136 fines,

972 2146 1036 2174 occ.
1075 2143 1117 2173 ad
1151 2152 1207 2174 eos
1248 2143 1495 2182 defendendos,
1525 2144 1676 2185 undique

973 2193 1220 2224 convenirent!
1245 2194 1372 2224 Verum
1385 2195 1476 2225 aliud
1492 2199 1604 2225 tamen
1620 2195 1676 2227 hic

972 2242 1060 2274 velle
1076 2244 1160 2274 Mss.
1183 2243 1353 2283 videntur,
1381 2249 1414 2274 et
1440 2244 1603 2276 denotare
1627 2246 1677 2276 lo·

972 2302 1061 2332 cum,
1078 2293 1134 2324 ubi
1152 2295 1334 2325 convenire
1353 2299 1490 2334 possent
1507 2295 1623 2334 legati,
1638 2299 1677 2326 ut

971 2344 1002 2374 ei
1027 2344 1234 2384 respondeat
1256 2353 1399 2384 sequeus
1425 2354 1499 2383 quo:
1522 2353 1597 2374 nam
1619 2353 1675 2375 au-

971 2394 1092 2425 dacter
1117 2394 1215 2425 uimis
1243 2397 1274 2424 et
1298 2395 1379 2424 locus
1402 2393 1497 2423 addit
1515 2393 1675 2424 Davisius

969 2445 1123 2485 sequenti
1152 2444 1304 2484 periodo.
1334 2443 1429 2474 Leid.
1454 2453 1504 2483 pr.
1525 2447 1559 2474 et
1586 2444 1674 2474 Dor-

970 2493 1039 2525 vill.
1055 2494 1222 2524 accedunt
1244 2494 1416 2534 plerisque
1433 2493 1515 2524 Mss.
1533 2494 1567 2524 in
1582 2496 1676 2534 utque

970 2554 1030 2574 una
1059 2544 1106 2574 ris
1131 2545 1284 2584 utrimque
1310 2544 1377 2585 (vel
1408 2547 1586 2583 utrumque:
1625 2545 1674 2576 sie

971 2594 1059 2625 euim
1090 2594 1192 2635 Mss.)
1219 2595 1392 2633 udinodum,
1417 2595 1468 2633 &a
1508 2594 1548 2624 ln
1575 2594 1672 2627 Leid.

970 2654 1038 2676 sec.
1065 2650 1101 2676 et
1128 2645 1193 2676 alio
1218 2650 1271 2676 est
1295 2648 1385 2685 utque
1406 2655 1467 2676 una
1488 2646 1535 2675 tis
1559 2646 1676 2685 velJ'us

969 2696 1064 2727 etiam
1078 2699 1240 2736 utrumque
1253 2697 1336 2727 adm.
1370 2696 1498 2727 Vocem
1511 2697 1674 2727 admodum

966 2755 1034 2778 non
1049 2746 1153 2779 habet
1171 2747 1210 2778 R.
1224 2746 1428 2788 Stephanus.
1467 2745 1542 2779 Nisi
1556 2745 1599 2778 (le
1621 2746 1671 2778 iu-
