1850 3109
248 168 361 211 1618

248 284 267 306 e
282 274 481 316 conjectura
493 274 676 314 ciacconii,
689 283 786 316 quam
799 275 951 314 Scaliger

246 325 376 366 primus
402 325 550 361 admisit.
578 325 701 365 partini
728 325 831 364 ipsius
848 325 950 354 Scali-

247 375 331 415 geri.
388 375 500 407 Antea
538 375 700 406 edebatur
734 376 767 404 in
802 375 951 405 seditione

245 427 494 466 concitandisque
528 427 678 457 militibus
707 425 952 455 adversariorum

245 479 416 508 nostrorum
436 476 646 515 Imperatoris.
693 476 738 506 Et
759 484 838 505 sanc
854 475 951 505 conci-

246 527 406 566 tandi-eque
423 526 571 556 militibus
597 526 746 556 retinent
774 526 855 556 Mss.
885 526 951 556 mei

247 585 383 607 omncs:
409 575 498 616 quod
517 584 727 616 nequaquam
746 581 878 607 mutare
896 575 952 607 de-

244 626 366 658 buerat
381 626 547 665 Scaliger.
596 626 734 657 Rectius
753 627 951 658 Ciacconius

245 678 392 708 adversus
403 681 536 708 restrum
550 677 630 718 Imp.
644 678 849 716 emendavit,
863 678 952 719 quod

246 727 402 759 firmatur
430 738 448 758 a
475 729 622 759 Dorvill.
641 731 811 759 vestrorum
827 729 953 769 Scalig.

246 779 331 810 Cod.
365 780 491 809 Forsan
527 780 647 810 adt-ers.
687 782 781 810 vestr.
821 779 902 819 Ιιιιμ.
935 789 953 811 e

246 827 373 859 Glossa
391 828 618 868 inrepserunt.

287 882 329 909 30
352 878 497 917 Singulis
525 889 580 909 non
612 889 642 909 α.
671 879 806 915 singulis
836 879 954 909 additis

243 929 356 968 sert-is]
392 929 538 959 Codices
556 928 710 959 nonnulli
729 929 772 958 Et
791 929 953 968 singulos,

243 988 303 1009 non
326 979 470 1017 amplius,
496 980 549 1017 ἃς.
597 978 697 1010 Quod
723 979 865 1018 perinde
890 986 953 1011 est.

247 1028 354 1059 Clark.
403 1029 454 1058 Ex
482 1029 603 1059 Petav.
620 1032 655 1058 et
680 1028 821 1060 Norvic.
839 1029 953 1069 legen-

244 1078 324 1109 dum
351 1083 381 1110 et
409 1079 540 1116 sing-ulis
568 1089 629 1110 non
659 1080 791 1119 amplius
817 1079 955 1118 singulos

242 1138 344 1159 ser-ros
370 1130 502 1159 additos.
559 1129 648 1159 Vide
680 1138 740 1159 nos
772 1129 814 1159 ad
842 1138 872 1160 c.
899 1133 952 1160 45.

243 1178 356 1210 Dacis.
372 1188 444 1209 cnr.
463 1188 530 1210 sec.
556 1178 702 1217 Singulos
715 1179 838 1209 additos
853 1187 955 1210 sert-os

243 1229 408 1260 exhibent
436 1239 570 1270 quoque
597 1229 720 1268 Scalig.
745 1234 781 1260 et
810 1229 954 1260 Leiden-

243 1287 308 1317 ses,
326 1288 365 1309 ac
383 1281 413 1310 2.
432 1278 600 1308 Gallicani
625 1287 701 1308 cum
718 1278 831 1309 Ursin.
849 1288 953 1319 quare

243 1328 279 1359 id
303 1328 452 1368 reposui.
498 1327 659 1367 Singulos,
687 1337 755 1358 non.
778 1328 868 1359 Edd.
886 1329 953 1368 pri-

243 1389 328 1410 mae:
355 1379 450 1420 quasi
476 1378 599 1418 singuli
627 1383 742 1410 essent
766 1379 902 1420 inpositi
920 1380 953 1411 in

244 1429 386 1469 singulis
415 1429 579 1460 navibus:
605 1428 653 1459 ita
681 1432 718 1459 ut
747 1432 777 1459 5.
808 1429 952 1460 navibus

241 1478 372 1511 fuerint
388 1479 530 1518 remissi,
555 1478 723 1520 quomodo
751 1479 851 1510 etiam
876 1480 953 1511 Cel-

241 1539 296 1561 sus
314 1530 446 1568 sumsit,
459 1529 512 1569 qui
530 1538 579 1559 eos
594 1539 653 1559 non
666 1529 727 1560 nisi
743 1539 811 1559 cum
822 1529 954 1567 singulis

240 1579 341 1610 sertis
356 1580 524 1619 separatim
548 1579 580 1609 in
606 1579 736 1610 nucibus
750 1581 952 1619 asportandos

239 1632 437 1672 inponerent.
487 1631 599 1662 Seri-os
615 1635 668 1662 est
694 1631 726 1661 in
751 1631 815 1662 Ed.
834 1632 951 1662 Elzev.

245 1682 336 1723 quod
369 1692 435 1713 non
467 1682 576 1722 capio.
638 1683 717 1713 Non
747 1683 835 1712 male
869 1683 952 1714 Cod.

240 1734 388 1764 Dorvill.
416 1743 493 1764 cum
517 1733 626 1764 tribus
643 1733 847 1773 Gallicanis,
863 1734 952 1765 Edd.

241 1782 337 1822 Aldi,
365 1783 505 1815 Vascos.
533 1784 666 1824 Grypli.
683 1784 816 1815 Manut.
834 1785 952 1825 Stepli.

241 1837 278 1864 et
295 1833 368 1863 aliis
385 1837 420 1864 et
446 1835 487 1864 ml
512 1833 651 1872 singulos
673 1844 702 1864 n.
720 1845 802 1874 amp.
818 1835 953 1873 singulis

239 1883 358 1913 additis
382 1883 489 1912 servis.
535 1882 602 1913 Sed
621 1883 826 1923 optimorum
853 1884 953 1915 Codi-

242 1942 319 1964 cum
336 1933 440 1964 lectio
457 1934 640 1974 sequenda.
676 1935 710 1965 Si
728 1935 817 1966 enim
835 1946 952 1967 servos

243 1983 378 2015 additos
397 1984 538 2022 singulis
564 1985 723 2024 inposuit,
746 1986 846 2016 etiam
863 1986 952 2027 ipsos

241 2034 355 2073 simul,
373 2033 494 2074 quibus
511 2034 615 2064 additi
631 2039 742 2073 eraut,
759 2035 921 2075 inposuit.

285 2086 323 2114 31
366 2084 404 2114 In
430 2084 502 2114 nari
530 2084 730 2123 inponendos]
776 2084 833 2116 Ita
858 2086 951 2116 exlii-

242 2134 325 2166 bent
343 2135 394 2165 vel
421 2144 498 2165 nare
527 2135 609 2166 Mss.
638 2134 704 2165 mci
731 2136 845 2166 cuncti
874 2146 951 2167 cum

242 2184 331 2216 Edd.
360 2185 475 2225 primis
504 2185 645 2226 aliisque
674 2186 858 2217 veteribus,
906 2187 951 2217 Et

243 2245 323 2266 sane
348 2236 490 2276 inponere
515 2237 546 2266 in
574 2237 636 2267 loco
665 2237 789 2268 dixisse
817 2243 951 2269 veteres

246 2285 358 2325 aliqua
382 2286 539 2325 exempla
566 2286 703 2317 docent.
748 2287 813 2317 Adi
832 2287 950 2318 Celeb.

243 2334 344 2365 Viros
360 2334 539 2365 Dukerum
557 2338 592 2365 et
616 2334 795 2366 Drakeub.
815 2335 857 2365 ad
875 2336 948 2366 Liv.

244 2393 268 2415 1.
296 2387 346 2415 18.
373 2387 403 2414 8.
461 2385 577 2424 Nepos
605 2385 637 2415 in
667 2384 752 2416 Cim.
780 2395 809 2415 c.
836 2388 867 2416 4.
889 2385 950 2417 ‘ut

243 2443 426 2476 numquam
455 2435 487 2465 in
519 2436 567 2466 cis
596 2436 773 2467 custodem
797 2436 951 2476 inposue-

242 2485 311 2518 rit:
355 2485 410 2517 Sic
437 2485 525 2515 enim
553 2486 635 2516 Mss.
661 2486 889 2517 Nihilominus
905 2486 949 2517 in-

240 2545 354 2578 ponere
367 2536 401 2566 in
416 2545 523 2566 mirem
540 2536 644 2566 multo
670 2535 883 2576 frequentius
901 2536 950 2567 di-

244 2588 346 2627 citur,
363 2595 462 2628 quam
480 2586 511 2617 in
528 2596 619 2617 nare:
643 2586 668 2616 si
687 2586 785 2617 inodo
803 2586 871 2616 ulla
885 2586 951 2616 alia

244 2639 404 2679 exempla
431 2639 488 2669 τοῦ
516 2639 550 2669 in
581 2647 658 2669 nare
696 2638 768 2668 dari
807 2637 948 2678 possint.

246 2690 368 2721 Rosius
391 2689 434 2720 ad
451 2689 543 2730 Nep.
573 2688 635 2720 vit.
651 2689 774 2720 Dionis
801 2698 831 2719 c.
859 2691 889 2719 4.
916 2688 949 2718 in

246 2751 338 2773 mooe
351 2740 488 2783 inposuit
510 2743 624 2772 monet
641 2738 675 2771 in
693 2738 860 2770 nonnullis
877 2748 949 2771 esse

712 178 854 210 No'rAE
888 180 1152 211 VARIORUM
1189 181 1241 211 IN

1001 276 1034 306 in
1059 277 1141 306 navi.
1186 276 1253 307 Sed
1270 280 1466 317 corruptum
1483 276 1546 306 hoc
1568 284 1611 307 ex
1636 275 1700 308 Ac·

1003 335 1075 356 cus.
1098 327 1196 357 naris.
1243 326 1369 357 Confer
1382 331 1498 357 notata
1513 325 1556 356 ad
1575 327 1614 357 B.
1629 325 1702 358 Civ.

1004 383 1060 406 ιιι.
1078 378 1130 406 14.
1159 376 1371 415 ‘legionibus
1400 377 1430 406 in
1458 385 1558 406 naves
1582 376 1706 416 inposi—

1005 424 1071 456 tis!
1117 426 1286 456 Praecedit
1304 426 1356 456 hic
1375 426 1407 456 in
1428 436 1521 456 nates
1531 426 1704 466 inposuisti.

1005 472 1136 504 Dubito
1153 485 1246 514 ergo,
1275 485 1315 506 an
1341 486 1405 506 non
1434 482 1467 506 et
1485 476 1538 506 hic
1555 476 1587 506 in
1603 476 1706 506 viatim

1003 523 1105 555 scribi
1123 525 1259 564 debeat,
1276 531 1313 557 ut
1331 531 1423 558 certe
1434 527 1505 567 jan·
1522 526 1706 557 ediderunt

1003 574 1140 605 Vascos.
1170 574 1302 616 Gryph.
1331 581 1418 616 post.
1448 577 1639 618 Stephanus
1671 580 1708 608 et

1002 625 1135 657 Strada.

1047 685 1116 709 Lu.
1134 680 1147 707 l
1175 678 1390 718 Promotisque
1414 687 1448 708 eo
1474 688 1578 720 usque,
1606 682 1640 709 ut
1665 682 1709 710 te·

1003 728 1082 769 lum]
1125 729 1192 760 Ms.
1223 729 1363 760 Norvic.
1388 731 1592 769 promotisque
1614 739 1706 770 usque

1003 788 1049 817 eo,
1086 781 1164 819 quod
1202 781 1308 819 telum,
1345 780 1433 811 unde
1472 780 1705 821 rescripserim

1000 829 1204 868 promotisque
1227 839 1366 869 eousque
1389 840 1444 870 quo
1469 831 1576 868 telum,
1594 839 1710 870 quem-

1003 876 1182 907 admodum
1212 878 1374 909 exhibent
1402 878 1503 910 editt.
1529 880 1648 920 Steph.
1673 882 1709 910 et

1004 926 1142 957 Yascos.
1166 927 1276 959 Dacis.
1322 928 1567 967 Reponendum
1594 929 1710 960 existi-

1004 982 1073 1008 mat
1090 977 1265 1016 Davisius,
1292 988 1349 1018 quo
1373 980 1478 1015 telum,
1493 980 1546 1017 &a
1592 978 1709 1020 Atque
1729 994 1732 997 ·

1003 1027 1051 1058 ita
1066 1027 1203 1068 quidem
1220 1029 1385 1068 scripturn
1404 1034 1456 1060 est
1473 1029 1505 1060 in
1523 1029 1607 1060 Mss.
1623 1028 1709 1069 Reg.

1003 1082 1039 1107 et
1057 1077 1180 1108 Vossii.
1204 1077 1271 1108 Sed
1286 1078 1349 1108 hoc
1366 1078 1507 1118 perinde
1523 1083 1586 1110 cst.
1619 1078 1708 1110 Illud

1003 1131 1114 1158 autem
1139 1128 1187 1158 ait
1204 1128 1358 1166 Hirtius;
1384 1132 1416 1158 ut
1435 1130 1504 1169 (vel
1521 1128 1594 1169 quo)
1611 1131 1707 1160 telum

1003 1180 1136 1208 tantum
1166 1187 1233 1208 non
1264 1188 1303 1208 ex
1331 1179 1439 1218 oppido
1476 1180 1568 1217 adjici
1596 1183 1708 1219 posset.

1007 1228 1113 1259 Clark.
1142 1228 1243 1268 Usque
1259 1238 1292 1258 eo
1310 1229 1433 1259 liabent
1449 1230 1602 1269 plerique
1616 1230 1713 1270 libri,

1004 1287 1108 1317 quare
1138 1278 1284 1308 restitui.
1330 1278 1386 1309 stc
1414 1279 1456 1309 B.
1482 1279 1580 1319 Hisp.
1608 1290 1637 1310 c.
1657 1282 1709 1312 15.

1003 1329 1056 1357 24.
1085 1330 1136 1358 34.
1167 1337 1260 1367 usque
1290 1337 1335 1368 eo,
1365 1331 1413 1367 ut,
1441 1330 1494 1368 ᾅτ.
1542 1329 1614 1361 Cic.
1645 1339 1707 1370 pro

1003 1377 1106 1409 Arch.
1123 1387 1152 1409 c.
1169 1381 1200 1409 0.
1218 1379 1342 1417 Veget.
1361 1386 1387 1409 ι.
1403 1382 1456 1410 20.
1491 1380 1499 1395 ⁶
1515 1379 1633 1421 Usque
1651 1389 1706 1421 eo,

1004 1433 1041 1459 ut
1075 1429 1243 1468 sagittarii
1268 1429 1287 1460 ι’
1325 1429 1382 1460 ubi
1413 1429 1515 1460 etiam
1546 1430 1582 1460 in
1621 1431 1708 1462 Mss-

1004 1478 1170 1518 plurimis‚
1187 1479 1246 1510 sed
1261 1480 1502 1511 recentioribus
1515 1491 1609 1521 usque
1620 1483 1707 1513 adeo.

1004 1530 1100 1560 cort.
1119 1530 1161 1560 ad
1177 1530 1256 1561 Sall.
1280 1531 1320 1561 B.
1339 1531 1413 1562 Cat.
1430 1534 1482 1562 49.
1507 1535 1515 1547 ⁸
1529 1540 1634 1572 usque
1657 1542 1710 1572 eo,

1003 1580 1067 1617 ut‚'
1084 1582 1148 1611 cxc.
1172 1583 1206 1611 ut
1222 1580 1321 1612 deest
1339 1582 1377 1611 L.
1402 1590 1454 1620 pr.
1501 1581 1590 1616 Quod
1607 1582 1710 1613 etiam

1003 1630 1124 1660 Petav.
1152 1640 1209 1670 quo
1236 1630 1325 1661 scal.
1343 1630 1437 1662 Leid.
1454 1640 1522 1662 sec.
1540 1636 1576 1662 et
1600 1632 1710 1664 Dorv.

1004 1680 1093 1721 quod
1120 1680 1249 1712 idcirco
1280 1680 1452 1721 rescripsi.
1508 1682 1600 1713 Dein
1627 1681 1709 1713 aln'ci

1003 1731 1059 1762 vel
1074 1730 1168 1770 abjici
1184 1736 1236 1762 cst
1254 1731 1286 1762 in
1304 1732 1387 1762 Mss.
1402 1731 1556 1764 omnibus
1569 1737 1605 1764 et
1622 1733 1709 1765 Edd.

1005 1782 1134 1822 primis,
1148 1782 1226 1813 item
1244 1783 1404 1814 Bcroaldi
1421 1783 1580 1824 aliisque:
1604 1783 1708 1825 idque

1004 1831 1151 1872 probare
1175 1833 1312 1864 videtur
1337 1833 1509 1864 Brantius.
1555 1833 1623 1865 Sed
1652 1834 1710 1875 qui

1005 1882 1122 1915 Caesar
1138 1884 1251 1924 potuit
1269 1884 1460 1923 prohibere,
1477 1893 1519 1915 ne
1534 1884 1648 1916 hostes
1665 1894 1708 1916 ex

1003 1933 1130 1973 oppido
1147 1935 1253 1964 telum
1265 1935 1446 1974 jacerent?
1470 1934 1532 1965 hoc
1549 1934 1637 1966 enim
1654 1943 1712 1966 no-

1005 1987 1055 2014 tat
1071 1983 1214 2021 abjicere.
1260 1984 1348 2015 vido
1367 1984 1409 2014 ad
1426 1985 1467 2015 B.
1483 1985 1562 2015 Gal.
1580 1993 1636 2015 ιιι.
1654 1987 1709 2016 56.

1001 2033 1102 2064 ‘telis
1127 2044 1169 2064 cx
1194 2034 1280 2065 vallo
1304 2034 1474 2075 abjectis!
1521 2035 1572 2066 Cl.
1590 2035 1710 2066 Burm-

1003 2084 1045 2114 ad
1072 2084 1210 2115 Sucton.
1242 2085 1325 2115 Ner.
1350 2094 1378 2115 c.
1403 2087 1454 2116 31.
1502 2085 1599 2116 Dicit
1626 2095 1707 2126 ergo

1004 2133 1137 2165 Hirtius
1154 2134 1289 2165 brachia
1306 2134 1362 2164 illa
1378 2143 1418 2165 eo
1435 2144 1539 2176 usquc
1556 2135 1597 2165 ad
1612 2136 1710 2175 oppi-

1003 2184 1083 2214 dum
1108 2190 1265 2225 promota
1289 2195 1375 2224 csse,
1404 2189 1440 2215 ut
1467 2189 1582 2216 tamen
1607 2190 1708 2217 extra

1002 2234 1107 2264 ictum
1133 2235 1191 2265 teli
1209 2239 1333 2274 essent,
1358 2239 1392 2265 et
1418 2235 1520 2265 telum
1545 2244 1585 2265 eo
1602 2245 1708 2276 usque

1002 2285 1098 2323 cubici
1120 2294 1185 2314 non
1213 2290 1338 2324 posset.
1385 2285 1463 2315 Non
1491 2285 1592 2325 plane
1615 2285 1710 2326 capit

1003 2334 1104 2364 etiam
1121 2334 1290 2374 elai-kins,
1318 2338 1354 2365 et
1380 2336 1452 2365 sine
1475 2336 1633 2375 exemplo
1649 2345 1708 2367 non

1003 2393 1064 2424 pro
1091 2388 1213 2414 tuntum
1242 2394 1311 2415 nun.
1356 2386 1500 2423 Adjicere
1530 2386 1625 2416 telum
1655 2390 1709 2417 est

1003 2433 1189 2474 itajacere,
1206 2439 1241 2464 ut
1259 2433 1363 2465 feriat
1380 2444 1531 2475 ¹scopum.
1578 2435 1645 2466 Adi
1663 2435 1705 2467 ad

1003 2484 1042 2514 B.
1059 2485 1102 2515 G.
1124 2493 1172 2515 iv.
1191 2488 1244 2515 23.
1268 2485 1276 2500 ‘
1293 2484 1349 2514 Uti
1368 2494 1409 2515 cx
1429 2485 1510 2515 locis
1527 2485 1706 2524 superiori-

1003 2534 1062 2565 bus
1079 2534 1112 2564 in
1128 2535 1207 2565 litus
1225 2535 1329 2565 tcluiu
1347 2535 1446 2575 adjici
1465 2534 1603 2574 posset.'

1000 2644 1067 2673 quc.
1127 2635 1183 2666 Sic
1210 2635 1297 2665 enim
1317 2635 1390 2675 jam
1415 2634 1504 2665 infra
1528 2634 1703 2675 nobiliores,

1000 2688 1052 2724 ξε.
1098 2686 1163 2718 Sed
1189 2691 1224 2718 et
1248 2686 1385 2728 vulgata
1403 2686 1508 2718 lectio
1524 2695 1589 2718 non
1605 2687 1704 2719 mala.

1005 2738 1114 2768 Clark.
