1850 3109
224 146 338 190 1608

224 253 399 286 mitandum
421 256 567 294 paralum
592 254 634 285 ad
659 264 691 285 se
717 258 802 285 certo
829 255 930 286 animo

224 303 331 335 venire
342 313 355 340 ;
381 308 416 335 at
431 304 488 335 ille
503 304 537 335 in
553 313 586 335 eo
607 304 682 343 loco,
702 306 755 344 ὅτ.
801 304 928 336 Eodem

224 364 338 394 sensu,
366 354 427 386 sed
456 355 558 386 Matis
583 355 722 395 propius
749 355 930 394 accedens,

224 405 311 446 lego,
329 405 419 440 Quod
433 405 485 436 uhi
508 406 614 436 Ca’sar
632 405 866 444 animadvertit,
879 415 930 435 ar-

223 455 360 486 bitratus
377 464 448 494 EST,
465 456 532 493 vel,
554 461 593 486 ut
618 455 722 486 Norv.
746 454 862 494 habet,
879 465 929 486 ar·

222 505 409 545 biti-abatur,
437 505 611 545 Scipionem
643 506 685 537 aa
720 505 930 537 dimicandum

224 562 347 599 parato
358 558 398 588 ad
412 567 444 587 se
459 562 495 588 et
509 559 592 588 certo
605 557 707 587 animo
722 557 848 593 ταύτῃ
865 564 928 590 αυι

222 616 348 641 TAMEN
373 618 406 638 eo
427 608 500 638 loco.
546 608 613 640 Qui
639 607 928 648 compendiariam

223 663 349 690 norunt
378 658 547 689 scribendi
576 658 756 697 rationem,
784 668 849 700 qua
877 659 926 689 usi

223 715 301 741 sunt
318 710 472 750 Librarii,
484 709 586 741 facile
598 714 743 741 cernunt
755 711 832 750 quod
849 710 881 741 in
894 720 927 741 eo

221 762 286 792 loco
317 770 378 801 pro
408 761 459 801 qui
489 764 591 792 tamen
621 770 654 791 eo
682 762 745 791 loco
775 761 928 801 irrepere

222 811 385 852 potuisse.
401 811 512 842 Daris.
533 820 605 842 cur.
620 820 688 842 sec.
712 812 837 842 Forsan
853 812 928 842 sim-

223 861 361 901 pliciter
384 860 603 891 scribendum
627 860 660 891 Is
677 871 711 891 eo
726 861 812 897 loc0;
835 866 929 892 certe

221 911 280 942 illa
296 911 339 942 de
363 911 522 951 Scipione
547 911 619 941 sine
642 910 744 941 dubio
760 911 929 951 capienda

221 966 314 993 sunt.

268 1013 307 1042 14
334 1011 429 1041 Certo
442 1009 560 1050 areima]
587 1008 628 1040 In
643 1009 766 1049 Scalig.
782 1013 818 1041 et
833 1009 929 1041 Leid.

221 1070 275 1102 pr.
292 1066 452 1092 exaratur
466 1063 592 1092 vertum.
626 1060 730 1093 Quasi
749 1059 853 1091 Fuerit
866 1070 930 1091 cer-

222 1115 287 1143 tum
303 1112 410 1143 animi.
449 1111 517 1142 Sed
533 1111 626 1142 nulla
641 1110 830 1142 mutatione
846 1120 930 1151 opus

222 1166 298 1201 est3
321 1166 451 1203 paratus
477 1163 578 1193 anivno
603 1166 686 1193 certo
716 1162 843 1192 dicitur
873 1163 930 1203 qui

223 1212 370 1244 firmiter
396 1212 476 1253 quid
502 1212 728 1252 proposuerit,
756 1221 860 1252 seque
887 1212 930 1242 ad

223 1263 258 1296 id
284 1264 465 1304 paraverit.
511 1264 649 1293 Paratus
671 1264 774 1294 animo
797 1264 845 1293 ita
869 1273 930 1294 sae-

222 1314 312 1356 pius.
336 1315 378 1344 V.
397 1313 438 1345 ad
456 1314 542 1344 Bell.
559 1312 660 1343 Alex.
674 1322 705 1343 c.
722 1315 776 1343 45.
798 1317 834 1344 et
848 1316 932 1344 certo

224 1365 355 1399 animm
392 1367 430 1396 ut
467 1363 558 1404 apud
597 1362 700 1394 Ovid.
740 1364 804 1403 Ep.
844 1363 930 1394 Her.

224 1423 334 1447 xviii.
352 1416 404 1445 38.
422 1415 431 1431 ‘
446 1413 538 1446 Quid
555 1423 686 1445 mecum
701 1418 797 1445 certa
810 1414 931 1454 proelia

223 1470 339 1496 mente
356 1463 478 1505 geris?

267 1515 306 1546 In
329 1525 362 1546 eo
378 1516 452 1555 loco,
468 1525 524 1555 quo
538 1515 641 1555 paullo
660 1517 732 1544 ante
754 1523 931 1545 commemo-

222 1565 307 1605 rari]
336 1565 446 1596 Editt.
470 1566 565 1596 Rom.
589 1565 673 1596 Veu.
699 1563 858 1595 Beroald.
875 1564 931 1595 ha-

221 1615 304 1647 bent
320 1616 351 1647 in
365 1626 399 1646 eo
415 1617 489 1654 Ioco,
503 1624 590 1655 quem
602 1615 705 1655 paullo
718 1617 790 1645 aute
805 1624 932 1645 comme-

221 1667 352 1706 morari,
367 1675 441 1707 quae
458 1666 558 1696 lectio
574 1670 626 1695 est
642 1674 662 1695 a
684 1664 809 1702 sciolis,
825 1664 932 1695 Hirtii

223 1725 362 1748 manum
392 1721 521 1747 temere
564 1714 773 1745 mutantibus
791 1724 800 1752 ;
839 1724 931 1745 more

223 1767 314 1799 enim
331 1765 455 1798 Graeco
469 1765 523 1796 liic
540 1765 674 1796 locutus
690 1769 743 1796 est
760 1768 875 1795 noster
891 1773 931 1796 ac

221 1816 313 1849 infra
344 1826 375 1848 c.
399 1819 452 1848 69.
497 1816 552 1847 Sic
581 1820 616 1847 et
644 1814 816 1846 interdum
847 1825 932 1856 prae-

224 1871 357 1899 stantes
370 1866 493 1907 linguae
510 1865 641 1897 Latinae
658 1870 828 1896 auctores.
871 1866 933 1896 Te-

222 1917 353 1949 tentius
364 1916 491 1947 Heaut.
506 1915 587 1948 Act.
597 1925 619 1947 1.
635 1916 690 1947 Sc.
702 1919 730 1947 l.
745 1918 798 1947 35.
821 1916 831 1932 ¹
844 1917 932 1948 Men.

223 1967 322 2000 Scire
338 1967 400 1998 hoc
418 1965 488 1997 vis?
515 1965 591 1997 Chr.
616 1966 678 1998 hac
702 1975 820 1997 caussa
839 1967 931 2007 equi-

224 2017 316 2057 dem,
342 2027 402 2057 qua
433 2016 504 2047 dixi
532 2015 617 2048 tibi!
664 2017 837 2048 Vitruvius
868 2017 931 2047 Ar-

225 2069 309 2101 chit.
323 2077 365 2099 11.
383 2071 413 2099 1.
438 2070 446 2084 ‘
465 2067 584 2108 Spatio
609 2066 696 2097 iuter
720 2076 778 2098 eas
796 2066 932 2107 relicto,

222 2122 337 2160 quanto
361 2117 518 2149 arborum
544 2118 774 2157 longitudines
800 2118 932 2158 patiun-

222 2169 302 2202 tur!
349 2169 549 2202 Lactantius
586 2168 629 2200 de
659 2174 757 2200 mort.
793 2170 931 2201 Persec.

221 2225 314 2255 c.45.
331 2224 361 2253 7.
379 2222 387 2238 ‘
401 2220 563 2252 Collectis
578 2230 618 2251 ex
632 2220 795 2260 proximo,
810 2222 933 2261 quantis

223 2272 350 2314 potnit,
365 2270 553 2303 militibus.'
599 2270 700 2302 Adde
716 2280 790 2312 quae
804 2272 933 2302 notavi-

223 2332 298 2355 mus
325 2322 368 2353 de
394 2322 434 2353 B.
458 2321 530 2353 Civ.
548 2330 605 2352 111.
620 2323 674 2352 69.
706 2321 819 2353 Davis.
853 2322 932 2354 Quo

219 2374 324 2414 paullo
340 2375 411 2403 ante
424 2371 668 2403 commemoravi.
693 2370 837 2402 Codices
852 2381 932 2402 non-

224 2423 321 2462 nulli,
335 2431 437 2464 quem
458 2421 563 2462 paullo
585 2424 669 2459 ante,
684 2422 737 2460 ‘5⁶-
781 2421 849 2452 Sed
865 2422 931 2453 ele-

224 2472 359 2515 gantior
395 2475 447 2502 est
485 2471 623 2511 vulgata
662 2471 776 2501 lectio.
829 2471 932 2511 Cujus

221 2523 411 2563 syntaxeos
427 2520 512 2552 ratio
529 2529 569 2551 ea
581 2525 647 2559 est,
662 2525 698 2551 ut
714 2521 767 2551 vel
784 2520 930 2558 dicatur,

224 2584 258 2607 eo
280 2574 344 2605 loco
367 2572 518 2609 constitit,
533 2581 598 2612 quo
622 2571 656 2601 in
680 2571 755 2602 loco
777 2580 851 2602 euni
876 2582 930 2602 co-

223 2624 298 2666 pias
315 2633 391 2655 suas
413 2621 572 2654 eduxisse
595 2622 697 2662 pauno
717 2625 789 2652 aute
804 2632 930 2653 commc-

222 2673 363 2710 morach·
392 2672 447 2704 vel
474 2681 508 2703 eo
533 2673 596 2703 loco
621 2671 774 2712 constitit,
801 2672 843 2702 de
873 2683 931 2712 quo

220 2725 322 2767 paullo
348 2726 422 2755 ante
447 2722 677 2755 commemoravi
699 2722 930 2764 [quemadmo-

691 157 833 189 NOTAE
866 158 1131 190 VARIORUM
1166 158 1216 190 ΙΝ

981 254 1058 286 dum
1070 255 1143 295 jam
1161 265 1263 296 supra
1279 265 1353 297 cap.
1369 259 1422 288 38.
1445 256 1486 288 ad
1498 256 1626 298 jugum,
1638 256 1682 288 de

979 316 1037 345 quo
1054 306 1182 346 docui],·
1206 308 1260 338 vel
1277 307 1422 349 denique
1447 313 1484 339 ut
1506 308 1551 339 sit
1567 308 1684 340 Helie·

979 355 1117 396 nismus,
1131 358 1201 388 sive
1216 358 1377 398 Syntaxis
1395 358 1527 389 Graecis
1543 357 1684 398 usitata,

979 414 1045 446 quo
1061 416 1244 446 pronomen
1261 409 1378 439 eodem
1396 418 1474 439 casu
1497 406 1611 439 efferri
1636 417 1687 439 so-

978 455 1040 496 let,
1062 466 1102 487 ac
1125 466 1247 488 nomen
1270 458 1496 490 antecedens:
1520 458 1610 500 quod
1636 463 1685 490 ta-

979 515 1055 536 men
1074 505 1148 537 fieri
1171 508 1309 539 solitum
1332 509 1501 540 duntaxat
1526 509 1559 540 in
1584 507 1687 540 verbis

977 566 1049 587 usus
1056 556 1294 597 frequentioris,
1308 559 1415 600 iisque
1435 558 1509 591 fere
1535 564 1595 590 aut
1618 559 1687 600 pri-

978 616 1043 638 mae
1073 612 1132 639 aut
1155 608 1312 639 secundae
1336 618 1514 649 personae;
1540 618 1687 650 quaeque

978 657 1026 688 ibi
1051 658 1115 690 loci
1144 658 1387 699 deponentium
1412 669 1470 691 seu
1496 660 1685 690 intransiti-

978 719 1096 740 vorum
1117 714 1270 741 naturam
1293 710 1430 741 liabent.
1477 710 1565 741 Vide
1588 710 1686 741 Illus-

978 760 1129 799 nissimi,
1146 765 1182 790 et
1204 760 1273 791 acri
1286 760 1417 800 judicio
1434 760 1597 801 quicquid
1614 760 1687 791 ubi-

979 819 1043 850 que
1060 814 1112 841 est
1127 810 1336 841 Criticorum
1360 811 1458 851 longe
1480 820 1686 851 exsuperan-

980 861 1035 900 tie,
1048 861 1199 892 Richardi
1214 862 1349 893 Bentleii
1367 863 1629 894 Emendationes
1643 862 1686 893 ad

980 912 1155 942 Ciceronis
1184 912 1447 953 Disputationes
1477 914 1686 944 Tusculanas

980 972 1000 992 a
1023 963 1164 994 Davisio
1187 962 1311 1003 editas,
1335 974 1366 1004 p.
1384 967 1436 995 80.
1464 965 1572 996 Clark.
1596 964 1687 996 Vide

979 1013 1083 1044 etiam
1095 1013 1293 1051 cellarium,
1303 1019 1341 1046 et
1354 1014 1452 1046 infra.
1478 1015 1570 1046 Male
1583 1015 1687 1046 etiam

980 1063 1042 1094 Ed.
1068 1063 1163 1094 Med.
1187 1068 1224 1094 et
1248 1063 1336 1096 Edd.
1360 1074 1477 1095 omncs
1494 1069 1574 1096 ante
1591 1064 1688 1096 Ursi-

979 1123 1071 1152 num,
1094 1124 1194 1154 quem,
1219 1119 1254 1145 et
1279 1114 1372 1145 Leid.
1397 1124 1465 1145 sec.
1482 1116 1571 1154 quod.
1588 1125 1618 1146 (τ.
1635 1117 1688 1146 69.

979 1165 987 1179 ‘
1009 1164 1136 1194 ratione
1154 1173 1219 1203 qua
1243 1171 1322 1194 ante
1349 1164 1442 1195 dixi?
1489 1165 1593 1195 Plura
1610 1163 1688 1194 vide

981 1212 1023 1242 ad
1050 1222 1080 1243 c.
1108 1215 1162 1243 69.
1192 1214 1201 1230 ‘
1218 1222 1294 1243 cum
1321 1213 1440 1253 quibus
1466 1213 1582 1254 paullo
1608 1218 1689 1246 ante

980 1263 1186 1294 memoravi.’

1027 1315 1063 1343 17
1095 1313 1135 1343 In
1161 1316 1319 1354 conspectu
1346 1313 1471 1354 patenti
1500 1314 1690 1345 adversario-

980 1373 1049 1394 rum
1064 1363 1242 1404 constituit]
1269 1364 1389 1395 Scribe
1409 1365 1442 1395 in
1458 1368 1619 1405 conspectu
1633 1366 1689 1396 ad-

979 1414 1185 1444 versm-imvm
1205 1414 1377 1454 constituit,
1391 1413 1505 1446 deleta
1530 1423 1612 1445 voce
1636 1423 1690 1445 su·

980 1473 1205 1504 pervacanca,
1235 1475 1335 1506 quam
1363 1465 1519 1496 nesciunt
1546 1465 1625 1497 Pet.
1653 1470 1689 1497 et

982 1515 1090 1546 Norv.
1106 1515 1217 1546 Duris.
1234 1525 1305 1547 cur.
1321 1524 1390 1547 sec.
1436 1516 1515 1547 Non
1532 1516 1688 1556 agnoscit

981 1574 1113 1606 quoque
1141 1565 1208 1596 Ms.
1236 1566 1480 1597 Dorvillianus.
1514 1565 1688 1597 Nihilomi-

981 1625 1043 1647 nus
1060 1625 1163 1657 quum
1187 1615 1244 1646 alii
1269 1616 1439 1647 retineant
1462 1616 1688 1657 integerrima!

981 1670 1073 1696 notae
1101 1665 1190 1705 libri,
1217 1674 1285 1696 non
1316 1665 1421 1697 ausim
1451 1671 1582 1697 temere
1612 1675 1688 1707 pro-

981 1714 1144 1747 scribere.

1026 1773 1115 1796 xLu.
1138 1768 1158 1796 7
1181 1765 1356 1806 Hostesque
1375 1775 1414 1797 m.
1437 1777 1484 1799 ac.
1507 1775 1533 1797 s,
1556 1776 1606 1807 op.
1622 1769 1691 1797 tex-

982 1815 1042 1847 isse
1069 1815 1203 1857 sibique]
1246 1816 1328 1848 Mss.
1356 1817 1479 1848 Petav.
1510 1817 1605 1848 Leid.
1635 1826 1689 1857 pr.

982 1866 1070 1898 Scal.
1103 1871 1139 1898 et
1168 1867 1255 1899 Edd.
1286 1868 1383 1898 Rom.
1410 1866 1505 1898 Med.
1534 1876 1573 1898 ac
1600 1867 1689 1898 ven.

983 1919 1145 1958 texissent,
1170 1917 1232 1948 sibi
1256 1917 1331 1958 dtff'.
1366 1917 1434 1948 Sed
1466 1922 1501 1948 ct
1527 1917 1614 1949 Edd.
1638 1926 1689 1949 em

982 1967 1112 2000 addunt
1136 1969 1294 2009 hostesque
1316 1969 1379 2008 qui.
1410 1969 1504 1999 Fors.
1531 1969 1690 2009 hostesque

982 2029 1085 2060 quum,
1101 2020 1154 2059 isc.
1185 2019 1347 2058 texissmt,
1368 2018 1428 2049 sibi
1456 2018 1528 2059 diff.
1555 2018 1631 2049 dein
1656 2019 1690 2049 in

980 2079 1076 2100 cornu
1090 2071 1202 2101 dextro
1224 2080 1260 2100 ac
1281 2070 1409 2100 sinistro
1433 2069 1560 2109 primus
1581 2069 1691 2101 edidit

982 2120 1135 2160 Scaliger
1149 2130 1191 2151 ex
1215 2120 1344 2152 Codice
1367 2120 1496 2159 Ursini,
1522 2130 1589 2161 quo
1611 2129 1687 2151 cum

983 2169 1113 2201 t'aciunt
1128 2171 1212 2201 Mss.
1229 2170 1295 2201 mei
1320 2175 1447 2210 proeter
1470 2170 1615 2202 Dorvill.
1631 2170 1688 2211 qui

983 2229 1059 2250 cum
1076 2224 1155 2251 ante
1174 2220 1319 2260 vulgatis
1334 2220 1438 2251 habet
1460 2220 1493 2251 in
1507 2229 1601 2251 cornu
1614 2221 1691 2251 dex·

982 2274 1066 2302 trum
1096 2281 1131 2301 ac
1160 2269 1333 2309 sinistmm,
1364 2269 1460 2301 Leid.
1491 2279 1560 2301 sec.
1593 2272 1623 2300 et
1654 2269 1688 2300 in

980 2332 1085 2353 cornu.
1131 2320 1197 2352 Sed
1221 2320 1347 2352 rectius
1371 2319 1460 2351 Edd.
1489 2320 1588 2352 Rom.
1614 2321 1688 2352 Me-

982 2371 1061 2403 diol.
1090 2380 1130 2402 ac
1154 2371 1276 2401 Venet.
1306 2370 1346 2401 In
1374 2370 1440 2401 acie
1461 2380 1554 2402 cornu
1577 2372 1689 2402 dextro

980 2434 1016 2453 ac
1030 2423 1090 2453 sin.
1103 2425 1133 2452 et
1147 2431 1186 2452 ex
1201 2422 1277 2461 iniq.
1303 2422 1348 2452 Et
1366 2431 1428 2461 pro
1444 2431 1484 2452 ex
1497 2422 1600 2452 etiam
1617 2421 1686 2453 Ms.

982 2473 1094 2503 Ursin.
1142 2472 1180 2502 In
1195 2477 1274 2503 ante
1290 2472 1367 2512 acie,
1383 2472 1519 2503 delebat
1538 2471 1686 2512 Lipsius.

981 2522 1049 2553 Sed
1079 2523 1111 2552 in
1141 2523 1206 2552 acie
1233 2522 1362 2561 vincere,
1386 2522 1420 2552 in
1444 2522 1512 2552 acie
1539 2521 1688 2553 dimicare

981 2572 1141 2613 frequens
1154 2577 1205 2604 est
1221 2572 1252 2602 in
1270 2572 1318 2602 liis
1332 2571 1594 2603 commentariis.
1617 2571 1688 2605 Adi

982 2621 1023 2653 ad
1051 2631 1115 2653 vn.
1143 2625 1195 2653 29.
1229 2622 1237 2638 ‘
1255 2622 1377 2662 Neque
1402 2621 1434 2652 in
1465 2621 1538 2652 acie
1565 2621 1686 2654 vicisse

983 2674 1151 2704 Romanos
1165 2672 1185 2702 2'
1209 2677 1245 2703 ut
1263 2681 1281 2702 e
1301 2673 1381 2703 Mss.
1400 2671 1547 2703 restitui.

1025 2731 1131 2755 xum.
1159 2726 1171 2753 1
1199 2723 1346 2762 Aristum,
1361 2726 1389 2753 ct
1407 2731 1459 2755 ux
1473 2723 1610 2756 cohortes
1630 2723 1685 2755 sec·-
