1850 3109
518 217 580 248 nr,
614 216 730 248 vi'rA
760 215 894 247 sumi
934 216 1166 248 CAESAmS.
1455 209 1568 252 1697

121 312 194 351 bus
214 311 390 351 Flandria
408 315 445 349 et
460 311 669 349 Brabantia
689 317 747 349 est
766 317 882 362 atque
918 312 1164 356 ²⁸Pannonia,
1198 311 1448 362 plurimaeque
1468 315 1567 362 aliae,

121 384 160 414 et
176 376 373 425 regionum
405 374 523 411 decus
557 374 814 423 adjacentium
847 387 870 412 a
902 375 1039 412 Marco
1061 375 1231 425 Agrippa
1261 376 1464 425 postmodo
1485 377 1569 415 fun-

119 439 222 482 data,
243 445 279 475 et
299 437 506 474 conditoris
526 437 582 474 sui
603 451 703 475 nunc
722 438 835 475 etiarn
858 451 996 476 nomen
1018 452 1180 484 servans,
1204 438 1310 476 sedet
1335 439 1396 476 illa
1428 440 1568 479 nobilis

118 501 332 551 Agrippina
352 500 524 538 Colonia.
582 501 630 538 Et
668 502 734 538 hos
754 501 908 551 quidem
929 503 1079 540 cunctis
1100 502 1312 540 Galliarum
1334 502 1467 539 incolis
1488 509 1568 541 tam

116 577 322 613 corporum
356 564 513 608 viribus,
543 577 656 614 quam
697 579 846 603 morum
876 567 1116 616 experientia
1149 573 1266 616 atque
1294 568 1396 603 omni
1430 567 1568 605 bellica

117 634 342 677 praestantes
363 627 561 673 industria,
583 635 622 665 et
641 628 754 666 fuisse
775 630 865 667 olim
887 630 1048 679 legimns
1068 637 1107 667 et
1128 642 1228 666 nunc
1248 629 1412 667 scimus:
1441 643 1487 668 ea
1508 643 1570 669 ve·

115 704 159 729 ro
180 697 260 727 tota
279 690 383 727 natio
416 691 614 740 paulatim,
648 705 719 729 nec
753 692 875 729 vetuit
909 693 1079 737 Rhenus,
1109 693 1146 729 in
1180 706 1317 730 nomen
1348 694 1568 732 Germaniae

115 754 361 804 linguamque
380 755 578 800 concessit,
601 761 642 792 nt
668 755 750 804 jam
784 769 822 793 se
856 756 992 794 Gallos
1025 756 1101 793 dici
1136 756 1320 800 nesciant,
1352 756 1379 794 si
1411 757 1570 796 audiant

115 817 368 867 indignentur.
428 818 554 868 Belgis
575 819 737 868 proximi
767 820 933 857 Helvetii
963 820 1068 857 fuere
1102 819 1182 869 pari
1216 820 1497 868 propemodum
1530 828 1569 859 et

118 881 207 919 belli
229 883 347 932 gloria
368 888 406 919 et
428 883 588 920 virtute:
615 883 750 921 horum
772 883 867 921 fines
888 884 937 920 ah
958 896 1099 920 occasu
1129 884 1222 920 Jura
1257 895 1364 920 mons
1387 884 1568 933 praealtus

115 957 136 982 a
157 945 344 994 Sequanis
365 945 618 989 discriminat,
650 959 669 982 a
691 946 949 995 septentrione
970 952 1097 983 autem
1128 946 1283 983 Rhenus
1304 946 1433 983 adhuc
1453 960 1569 997 prox-

115 1007 214 1045 imus
235 1008 331 1046 fonti
353 1022 374 1045 a
395 1008 609 1050 Germanis,
644 1009 816 1057 quamvis
849 1014 888 1046 et
915 1009 939 1045 ii
959 1022 1129 1058 quoque,
1164 1009 1488 1058 quemadmodum
1520 1010 1568 1048 de

118 1072 242 1121 Belgis
264 1072 442 1117 diximus,
478 1073 514 1109 in
544 1073 764 1110 Germaniae
797 1086 934 1110 nornen
956 1079 1128 1122 tempore
1149 1073 1304 1110 labente
1324 1074 1540 1111 transierint
1558 1087 1568 1112 ;

116 1139 233 1183 atque
254 1135 303 1171 ita
324 1135 463 1171 Galtiae
483 1135 747 1183 Transalpiuae
780 1148 936 1183 magnas
969 1142 1097 1184 partes
1128 1136 1199 1172 sibi
1220 1136 1427 1173 Germania
1447 1136 1571 1175 vindi·

115 1197 230 1234 cavit.
288 1198 396 1234 Sicut
414 1202 533 1233 totam
555 1196 788 1245 Cisalpinam
819 1197 892 1234 sibi
923 1197 1144 1234 vendicavit
1164 1199 1298 1235 Italia:
1339 1200 1387 1235 ab
1422 1200 1567 1238 oriente

115 1267 242 1299 autem
277 1262 442 1298 claustra
476 1260 630 1309 Alpium
660 1261 774 1310 2⁹per
802 1261 997 1298 Helvetios
1026 1261 1076 1297 ab
1107 1261 1216 1297 Italia
1247 1262 1570 1313 secernuntjugis

115 1325 223 1363 acriis
242 1331 280 1362 et
310 1326 450 1362 ³0nunc
472 1329 672 1373 perpetua:
702 1337 722 1360 a
745 1324 900 1361 meridie
922 1325 1137 1362 Lemannus
1157 1324 1262 1362 lacus
1283 1332 1320 1362 et
1342 1325 1567 1372 Rhodanus,

116 1388 183 1438 qui
204 1389 327 1426 lacum
348 1387 564 1432 intersecat,
593 1388 690 1425 inter
719 1401 785 1426 eos
816 1395 931 1438 atque
952 1388 1166 1437 Alobroges
1186 1388 1292 1425 limes
1313 1394 1404 1425 erat.
1462 1389 1571 1432 Quo-

115 1465 197 1490 rum
219 1451 362 1496 finium,
386 1457 428 1489 ut
446 1451 569 1490 Julius
590 1451 722 1490 Caesar
741 1451 914 1495 affirmat,
936 1451 1040 1488 milia
1060 1464 1241 1501 passuum
1276 1451 1444 1488 ducenta
1476 1465 1571 1501 qua-

114 1515 289 1566 draginta
307 1530 314 1559 ;
345 1514 508 1552 latitudo
527 1520 654 1551 autem
676 1521 831 1551 centum
852 1514 1075 1564 octuaginta
1096 1514 1269 1563 patebat,
1291 1520 1328 1550 et
1349 1520 1476 1552 tamen
1497 1528 1569 1564 pro

116 1578 386 1616 numerositate
407 1578 618 1622 hominum,
638 1590 684 1615 ac
701 1577 886 1614 bellorum
907 1577 1050 1621 studio,
1070 1577 1239 1626 angustis
1259 1577 1330 1613 sibi
1351 1578 1570 1615 carceribus

116 1642 398 1690 circumscripti
419 1648 456 1678 et
477 1640 597 1678 clausi
616 1640 858 1678 videbantur.
915 1641 973 1676 Ex
995 1640 1189 1689 praemissa
1207 1640 1468 1689 descriptione
1498 1641 1569 1678 nisi

116 1705 228 1743 fallor
248 1712 364 1755 patet,
386 1706 522 1742 horum
542 1704 578 1741 in
601 1703 740 1741 finibus
763 1703 891 1748 fuisse,
914 1717 1013 1752 quos
1034 1702 1326 1752 Burgundiones
1351 1704 1401 1740 ab
1433 1705 1569 1754 Burgis

116 1769 235 1807 modo
256 1769 429 1813 dicimus,
446 1768 493 1805 ad
515 1767 799 1805 meridionalem
822 1768 993 1816 plagam:
1024 1766 1073 1803 ad
1105 1767 1134 1789 ³¹
1148 1767 1328 1803 archo-am
1357 1780 1442 1804 vero
1463 1766 1566 1804 illam

115 1833 241 1871 Rheni
262 1833 397 1882 ripam,
429 1832 494 1869 ubi
528 1831 736 1880 Argentina
764 1843 867 1867 nunc
901 1837 938 1866 et
971 1830 1044 1866 illae
1080 1829 1228 1866 Basilea
1261 1834 1297 1865 et
1331 1829 1570 1867 Constancia

114 1897 230 1934 urbes
248 1895 394 1934 sedent.
453 1896 517 1934 Cis
550 1894 783 1933 Rhodanum
811 1894 1036 1943 Allobroges
1068 1900 1221 1930 tenuere
1253 1892 1388 1928 laevam
1422 1892 1569 1929 amnis:

115 1960 163 1998 ad
184 1960 305 2010 ripam
326 1972 503 2009 quorum,
524 1965 565 1996 ut
585 1958 686 1995 idem
707 1957 831 1996 Julius
865 1958 995 1995 Caesar
1025 1963 1239 1993 extremum
1272 1954 1570 2004 proximumque

117 2023 302 2061 Helvetiis
321 2023 504 2073 angulum
540 2023 717 2059 ³2Genua
745 2021 832 2058 olim
854 2020 1039 2070 oppidum
1062 2020 1230 2062 tenebat,
1258 2031 1357 2055 nunc
1379 2018 1571 2055 Gebenna

116 2086 250 2124 civitas
271 2093 373 2123 tenet
393 2086 530 2136 exigua
549 2090 588 2122 et
607 2085 778 2122 Lemano
798 2083 999 2120 imminens
1019 2089 1057 2120 et
1079 2081 1284 2125 Rhodano,
1318 2081 1400 2130 ipso
1434 2081 1488 2117 ibi
1521 2082 1569 2118 de

117 2149 206 2185 lacu
235 2149 396 2186 auctiori
423 2147 593 2198 quidem,
633 2160 747 2196 quam
780 2146 997 2190 intraverat,
1031 2145 1258 2194 erurnpenti.
1315 2144 1461 2181 ³³P0n0
1492 2144 1569 2181 illic

118 2210 221 2248 hand
245 2223 402 2260 magnus
423 2216 481 2248 est
501 2210 627 2253 hodie,
647 2210 848 2259 fueratque
881 2210 970 2246 olim
992 2208 1085 2247 Julii
1113 2209 1272 2246 Caesaris
1294 2213 1418 2252 astate,
1453 2207 1517 2256 qui
1547 2220 1570 2244 a

117 2286 227 2311 muro
244 2273 407 2311 civitatis
427 2273 611 2322 incipieus
641 2273 676 2309 in
708 2272 848 2309 finibus
884 2272 1147 2309 Helvetiorum
1179 2271 1331 2315 desinit,
1362 2270 1458 2307 adeo
1489 2270 1570 2307 nul-

117 2338 197 2375 lum
218 2337 391 2387 gentibus
412 2337 509 2374 inter
529 2349 569 2373 sc
597 2349 641 2373 ea
670 2341 898 2384 tempestate
927 2334 1167 2372 discordibus
1201 2335 1271 2371 nisi
1305 2333 1431 2370 adhuc
1462 2331 1569 2383 parvi

118 2400 284 2438 fluminis
321 2401 474 2438 obicem
522 2400 706 2437 34naturae
746 2405 950 2449 posuerat:
999 2399 1066 2436 scd
1105 2399 1176 2435 huc
1215 2404 1351 2447 postea
1387 2402 1569 2433 revertar.

118 2465 235 2502 Nunc
256 2465 550 2515 descriptionem
585 2470 752 2513 coeptam
788 2462 922 2512 paucis
951 2462 1127 2511 expedio.
1185 2462 1304 2511 Igitur
1319 2460 1365 2497 ad
1388 2458 1570 2496 occiden-

160 2596 202 2624 28
225 2594 328 2633 Lege,
345 2593 609 2625 [sannanim—29
632 2591 825 2622 Delendnm
851 2590 933 2621 illud
949 2592 1102 2631 pen—30
1126 2590 1240 2627 Forte,
1255 2587 1347 2618 tectis
1371 2586 1441 2616 nice
1461 2593 1569 2624 perpe-

118 2649 265 2676 tium—31
291 2646 392 2686 Lege,
419 2647 652 2676 arctatum—32
679 2645 833 2675 Gebenam
860 2643 963 2674 etiam
979 2643 1067 2675 infra
1096 2642 1249 2672 nominat
1272 2645 1390 2670 auctor
1410 2638 1496 2667 hanc
1524 2636 1570 2665 ci·

120 2698 274 2736 vitatem,
301 2708 399 2738 qnam
428 2703 537 2728 tamen
556 2698 668 2729 Caesar
698 2707 830 2737 semper
852 2697 1009 2727 Generum
1025 2695 1271 2736 appellate-33
1297 2692 1401 2730 Lege,
1430 2689 1568 2717 Pons.—

121 2753 163 2782 34
187 2752 288 2791 Lege,
315 2755 439 2782 natura.

208 2804 325 2844 Delph.
342 2807 370 2835 et
393 2804 466 2835 Vur.
483 2805 565 2836 Clas.
840 2804 921 2833 Faes.
1412 2799 1430 2825 5
1455 2794 1482 2826 Ρ
