1850 3109
542 187 602 217 nn
633 185 748 216 vi'rA
780 184 912 213 ιιυωι
955 184 1186 214 desinis.
1475 175 1587 216 1801

139 295 252 328 noete
272 286 437 325 tumultu
453 284 557 321 vario
576 290 614 322 et
631 283 884 334 trepidatione
902 283 1103 332 multiplici
1119 282 1246 331 fugam
1263 283 1442 320 simulans
1461 300 1468 327 ;
1501 297 1589 321 curn

139 352 320 390 sollicitos
339 362 383 386 ac
405 361 610 397 suspensos
632 348 759 384 hostes
784 361 902 396 usque
922 347 969 384 ad
990 347 1114 383 lucem
1139 346 1332 390 tenuisset,
1354 348 1481 383 subito
1501 361 1591 384 con-

139 416 246 460 stitit,
267 420 306 450 et
326 412 510 449 instructa
531 411 610 447 acie
634 411 832 457 magnifice
862 424 952 448 suos
988 411 1160 447 hortatus
1193 417 1264 454 est,
1298 410 1388 446 illud
1424 410 1593 459 inprimis

138 479 345 516 obsecrans
377 482 444 512 ‘nt
477 482 513 512 et
543 488 621 512 suae
644 475 810 524 pristina:
833 481 950 523 atque
979 481 1147 523 expertae
1180 473 1318 510 totiens
1356 474 1517 516 virtutis,
1546 485 1592 509 ac

139 541 302 580 Caesaris
325 539 596 583 meminissent,
618 552 781 588 eumque
817 538 887 575 sibi
916 537 1102 587 fingerent
1123 544 1362 587 praesentem,
1393 550 1471 586 quo
1491 537 1592 573 duce

140 611 197 642 tot
222 611 376 654 tamque
397 604 516 640 claras
545 603 722 639 victorias
757 602 991 639 habuissent.
1051 602 1247 650 Siquidem
1283 601 1379 637 illius
1415 599 1593 650 auspiciis

138 669 253 705 etiam
273 681 374 704 nunc
397 666 569 716 pugnari,
591 673 628 703 ct
646 666 704 703 vel
721 666 840 702 solam
862 665 919 702 sui
942 666 1177 709 memoriam,
1199 663 1381 702 fiduciam
1404 664 1490 709 suis,
1521 670 1596 701 ter-

141 744 261 768 rorem
297 731 484 774 hostibus,
510 730 736 766 allaturam!
794 730 862 767 His
882 729 993 766 dictis
1013 729 1158 779 signum
1180 741 1320 777 pugnae
1339 728 1466 772 dedit;
1499 741 1596 778 pug-

140 801 272 831 natum
289 801 345 832 est
367 794 512 842 magnis
534 794 724 830 hincinde
745 793 891 838 animis,
918 807 1039 843 usque
1060 793 1157 829 adeo
1179 799 1219 828 ut
1241 791 1345 830 Galli
1372 791 1494 840 primo
1529 791 1596 828 im-

141 865 231 908 petu
253 870 328 894 una
362 870 518 894 suorum
548 863 654 905 purte
688 856 886 906 propulsa,
921 856 1033 906 [150]
1067 856 1194 893 caeteri
1216 862 1338 892 tamen
1360 868 1596 903 quamquam

141 921 272 958 multis
293 921 510 958 vulneribus
530 920 661 957 afflicti
681 934 804 970 neque
826 920 953 957 vultus
985 925 1212 966 averterent,
1242 925 1279 955 et
1312 932 1400 955 eum
1435 917 1598 967 septima

141 984 239 1033 legio
260 984 358 1021 clam
379 984 543 1020 immissa
564 997 584 1020 a
604 991 710 1033 tergo
745 984 830 1021 illos
863 983 1070 1026 invaderet,
1107 990 1211 1032 terga
1243 982 1398 1032 quidem
1433 981 1598 1018 hostium

143 1047 253 1092 vidit,
275 1048 338 1085 sed
363 1047 517 1084 minime
539 1047 786 1095 fugientium:
818 1047 906 1085 eaesi
922 1060 1066 1092 omnm,
1084 1054 1121 1084 et
1142 1047 1223 1097 ipse
1245 1059 1400 1096 quoque
1422 1045 1599 1083 Camulo-

142 1123 260 1160 genus
282 1124 437 1147 suorum
460 1124 582 1159 usque
604 1111 639 1146 in
662 1110 774 1148 finem
798 1112 970 1148 hortator
1001 1112 1187 1161 egregius,
1222 1111 1328 1147 nullo
1365 1110 1452 1147 boni
1488 1109 1598 1146 ducis

142 1173 270 1210 officio
292 1173 571 1224 praetermisso:
603 1173 744 1210 sedita
764 1174 832 1211 sibi
865 1180 1053 1211 statutum
1088 1181 1181 1218 erat,
1213 1182 1254 1210 ut
1288 1174 1346 1210 vel
1384 1172 1600 1222 decrepitus

143 1238 180 1275 in
201 1238 335 1288 proelio
355 1244 587 1276 moreretur:
620 1251 706 1287 pars
728 1238 891 1275 bostium
915 1251 1001 1287 quae
1018 1238 1198 1288 praesidio
1220 1238 1353 1275 castris
1376 1237 1501 1274 relicta
1519 1243 1602 1275 erat

144 1302 275 1338 audito
295 1303 430 1352 proelio
458 1303 646 1340 accurrit:
680 1301 745 1339 sed
767 1309 805 1339 et
829 1302 910 1339 liaec
932 1302 968 1338 in
991 1303 1185 1339 Romanos
1206 1301 1391 1345 incidens,
1414 1300 1602 1338 victorum

144 1365 328 1414 impetum
351 1379 425 1402 non
447 1367 547 1411 tulit,
569 1366 729 1403 eandem
761 1379 847 1403 cum
876 1365 953 1402 suis
987 1372 1124 1403 sortem
1148 1366 1304 1402 habuit:
1336 1365 1404 1402 nisi
1426 1365 1530 1414 quod
1552 1365 1603 1402 illi

145 1426 221 1464 fere
241 1441 370 1466 omnes
403 1429 438 1465 in
460 1429 610 1477 proelio,
634 1442 680 1465 ex
702 1429 760 1465 his
786 1429 1009 1478 perplurimi
1029 1430 1066 1466 in
1088 1429 1177 1479 fuga
1199 1429 1354 1478 periere.
1412 1429 1508 1466 Cum
1531 1429 1604 1466 hac

146 1504 281 1542 magna
316 1492 473 1530 victoria
503 1493 695 1530 Labienus
727 1493 963 1542 Agedincum
987 1493 1093 1537 redit,
1123 1494 1213 1530 inde
1233 1493 1280 1530 ad
1304 1494 1493 1530 Caesarem
1514 1505 1604 1530 euin

147 1555 332 1592 incolumi
350 1555 548 1605 profectus
566 1556 760 1594 exercitu:
794 1569 862 1593 nec
884 1556 1007 1593 minus
1029 1556 1114 1593 ideo
1132 1557 1336 1593 Gallorum
1358 1556 1491 1605 populi
1511 1568 1604 1592 con-

140 1618 297 1667 jurant;
330 1618 464 1656 AEduis
492 1619 589 1668 (quis
621 1618 770 1666 credat)
797 1619 826 1640 3¹
845 1619 1113 1656 actorisatibus
1145 1620 1259 1669 legati
1287 1619 1458 1668 undique
1490 1619 1606 1656 desti-

147 1688 310 1720 nantur:
343 1682 372 1719 si
405 1682 469 1732 qui
506 1690 633 1720 autem
667 1682 734 1720 visi
765 1689 875 1721 erant
903 1682 951 1720 ad
983 1696 1213 1720 consensum
1239 1684 1349 1721 lenti:
1381 1682 1606 1721 Novioduni

147 1746 291 1784 inventi
310 1752 417 1784 erant
436 1746 605 1783 omnium
626 1747 702 1784 fere
723 1746 879 1784 obsides
900 1748 1143 1797 populorum,
1175 1761 1272 1797 quos
1301 1747 1444 1784 ibidem
1477 1747 1607 1784 Caesar

148 1816 191 1848 ut
227 1809 394 1847 diximus
413 1811 483 1847 sub
504 1810 714 1848 AEduorum
749 1810 826 1848 fide
865 1812 1083 1860 reliquerat,
1120 1811 1236 1860 hique
1258 1824 1389 1848 eorum
1425 1811 1461 1847 in
1482 1817 1609 1860 potes-

149 1879 224 1910 tate
245 1879 353 1910 erant
373 1886 532 1919 omnes;
565 1875 698 1911 borum
720 1885 809 1924 ergo
840 1875 1036 1924 suppliciis
1069 1875 1286 1913 haesitantes
1316 1874 1536 1917 terrebant;
1568 1879 1608 1911 et

150 1949 251 1973 nunc
286 1936 483 1986 precando
518 1951 620 1974 nunc
659 1937 840 1975 minando
870 1939 1018 1975 ⁸²suam
1053 1938 1280 1975 sententiam
1317 1936 1606 1987 protrahebant.

150 1999 314 2037 Mittunt
346 1999 510 2050 denique
549 2001 596 2038 ad
631 2001 757 2050 ipsum
790 2001 1143 2050 Vercingetorigem
1182 2001 1354 2051 legatos:
1398 2006 1534 2049 petunt
1567 2006 1609 2036 ut.

150 2063 319 2100 AEduum
351 2063 526 2109 accedat,
575 2065 706 2114 ibique
746 2065 793 2101 de
831 2064 1042 2101 rationibus
1082 2064 1169 2101 belli
1207 2063 1408 2101 eonsilium
1448 2064 1608 2099 ineatur.

151 2125 263 2162 Paret
283 2125 345 2163 ille
373 2126 484 2164 ⁸³aut
515 2127 699 2176 gravatim
721 2135 759 2164 et
779 2127 928 2164 illorum
951 2127 1170 2164 defectione
1191 2127 1302 2164 laetus
1323 2134 1360 2164 et
1382 2126 1470 2163 belli
1501 2125 1610 2175 cupi·

152 2188 223 2226 dus
241 2188 411 2238 gerendi.
469 2190 646 2239 Cumque
678 2204 724 2227 eo
753 2198 980 2239 perventum
1010 2198 1108 2228 esset
1138 2198 1266 2239 petere
1298 2203 1363 2226 eos
1385 2189 1423 2226 in
1444 2189 1608 2226 consilio

152 2263 227 2288 non
249 2251 389 2302 puduit
415 2255 454 2300 (ο
474 2266 638 2302 praesens
661 2252 915 2303 impudentia)
946 2261 987 2291 ut
1019 2255 1072 2290 eis
1098 2253 1279 2290 adversus
1308 2251 1475 2288 amicum
1496 2265 1609 2289 suum

153 2315 342 2352 Caesarem
365 2315 456 2352 belli
475 2315 753 2353 administratio
773 2316 1016 2354 crederetur:
1053 2329 1169 2366 quam
1191 2315 1290 2352 ultro
1321 2315 1505 2359 oblatam,
1538 2315 1610 2352 etsi

153 2391 230 2416 non
251 2370 389 2416 virtute
409 2379 533 2424 animi,
555 2393 600 2417 ac
621 2380 752 2417 saltem
773 2380 1002 2418 verecundia
1031 2380 1139 2430 siqua
1159 2385 1271 2423 esset,
1291 2391 1464 2416 recusare
1484 2378 1609 2415 debu-

154 2449 288 2480 erunt:
332 2442 369 2479 id
403 2443 595 2480 enimvero
625 2457 711 2481 cuni
742 2450 936 2494 negatum,
970 2457 1108 2493 resque
1141 2443 1179 2479 in
1215 2442 1475 2480 controversia
1504 2455 1611 2479 versa

155 2512 266 2550 esset,
297 2506 477 2543 Bibracto
496 2507 732 2557 amplissimo
760 2514 851 2545 tunc
873 2508 1084 2546 AEduorum
1104 2506 1224 2557 opido
1246 2506 1443 2544 consilium
1473 2504 1610 2541 Galliae

156 2567 274 2606 totius
294 2568 518 2614 instituitur,
540 2570 589 2607 ad
609 2570 714 2621 quod
730 2572 868 2622 populi
884 2585 1016 2610 omnes
1036 2570 1240 2609 convenire
1260 2576 1398 2620 praeter
1428 2568 1611 2604 &Roma-

197 2719 236 2748 81
261 2716 376 2759 Forte,
390 2719 647 2751 autoribus.—82
671 2719 783 2762 Adde,
806 2721 936 2752 ivn—83
961 2721 1075 2761 Forte,
1090 2720 1264 2751 haut.-81
1288 2717 1403 2756 Forte,
1421 2714 1563 2749 [Haemos.
