1850 3109
226 174 339 214 1690
655 186 691 216 J.
725 185 864 216 cELsr
897 186 1249 217 COMMENTARM

227 281 362 331 iuquit,
384 295 438 319 me
460 280 620 332 decepit.
665 283 734 320 His
754 282 815 320 ille
832 282 944 320 simul
966 289 1123 319 vexatus
1142 281 1414 326 incommodis3
1448 293 1560 331 paene
1582 294 1678 332 qno·

225 345 318 382 tidie
352 346 510 383 latibula
545 347 800 395 permutabat,
841 359 957 395 seque
995 358 1271 394 nonnunquam
1308 345 1357 382 ab
1393 346 1682 395 inquisitoribus

227 410 392 458 pecunia
426 410 656 451 munies-21:
688 410 838 446 futurus
861 422 987 458 regum
1019 409 1198 445 domiuus
1229 423 1273 445 ac
1294 422 1512 457 regnorum:
1545 415 1682 446 ettam

226 473 291 510 aiu
315 473 384 510 boc
409 475 442 509 iu
467 479 563 509 statu
591 472 672 517 fuit,
695 472 816 509 donec
853 474 1089 509 'Mamercus
1110 472 1280 509 AEmilius
1309 479 1347 509 et
1369 474 1545 510 Aurelius
1567 474 1684 511 Cotta

227 536 295 573 viri
329 536 554 573 nobilissimi
587 544 623 572 ct
655 535 784 572 affines
817 535 912 584 ejus,
948 535 1065 572 Sultae
1099 547 1188 571 vero
1222 535 1462 578 amicissimi:
1495 537 1684 586 simulque

227 600 398 636 Vestales
421 599 581 647 virgines
612 604 788 648 (quarum
818 612 966 635 summa
997 605 1088 635 tunc
1122 605 1203 636 erat
1235 602 1460 645 auctoritas)
1481 600 1607 637 multis
1636 612 1682 638 ac

226 662 360 699 validis
394 663 570 712 precibus
609 663 679 700 sibi
719 664 866 700 veniam
903 663 1154 713 qua-sierunt:
1186 664 1250 700 ubi
1290 664 1382 700 illud
1419 663 1682 710 memorabile,

227 726 331 775 quod
353 740 442 763 cum
475 726 579 764 Sulla
611 727 754 764 (liutius
787 728 1022 771 obstetisset,
1045 740 1169 776 neque
1192 728 1288 764 ullus
1313 729 1521 778 ²peecandi
1544 727 1682 766 modus

226 798 341 833 esset3
375 791 496 827 victus
518 791 564 827 ad
590 791 764 827 ultimum
794 790 1036 834 exclamavit,
1068 791 1125 827 vel
1158 790 1285 827 divino
1316 792 1499 828 instinctu
1521 792 1580 828 vel
1612 791 1685 829 bu-

227 866 338 891 mana
358 854 625 891 tantummodo
647 855 895 903 conjectura;
927 860 964 890 et
985 855 1126 891 vincite
1145 854 1210 898 ait,
1247 860 1359 904 alque
1380 856 1554 892 habetote
1583 856 1686 893 vobis

225 920 444 968 cunctisque
464 918 653 955 nobilibus
675 919 744 956 hoc
765 918 987 955 damnosum
1007 917 1161 956 donum.
1193 918 1379 956 Praedico
1400 925 1524 956 autem
1546 920 1682 964 z·0b1’s‚*

224 980 299 1026 hic,
322 994 427 1031 quem
447 983 552 1019 enixe
571 982 663 1019 adeo
696 981 839 1018 salvum
873 981 1002 1023 vultis,
1037 982 1264 1031 optimatum
1291 981 1487 1032 partibus,
1509 995 1601 1032 quas
1621 995 1685 1020 vos

225 1057 364 1082 mecum
396 1045 638 1095 defendistis,
673 1045 897 1096 quandoque
931 1047 1005 1082 erit
1038 1045 1198 1083 excidio.
1260 1046 1408 1083 Caesari
1439 1047 1537 1083 enim
1571 1046 1686 1084 mulli

226 1111 361 1146 insunt
383 1109 526 1147 Marii.
584 1110 681 1147 Haec
702 1122 792 1146 sane
814 1109 1019 1146 minutiora
1042 1110 1108 1146 viri
1131 1110 1245 1158 hujus
1271 1110 1326 1146 liis
1355 1109 1514 1147 fortasse
1535 1109 1686 1159 profue-

226 1172 312 1216 rint,
333 1173 398 1222 qui
428 1172 659 1209 laboriosam
690 1172 987 1210 adolescentiam
1009 1172 1167 1223 degunt,
1197 1186 1244 1210 ne
1266 1173 1466 1222 desperent
1487 1173 1684 1223 vigilando

225 1248 270 1273 ac
291 1235 527 1273 intendendo
547 1236 595 1273 ad
615 1236 749 1274 altiora
766 1237 1038 1276 conscendere!
1071 1237 1164 1274 dum
1183 1237 1303 1274 virum
1327 1237 1550 1286 principem,
1569 1237 1684 1275 tantis

225 1299 422 1337 obsessum
445 1300 740 1338 difficultatibus
773 1302 894 1350 prima
913 1302 1129 1338 audiverint
1150 1307 1275 1338 aetate.
1337 1301 1516 1337 Militavit
1536 1301 1682 1338 adoles-

227 1376 317 1400 cens
335 1363 370 1400 in
394 1365 494 1409 Asia,
516 1366 749 1415 Graeciaque
769 1371 808 1403 et
829 1366 976 1411 Cilicia,
997 1365 1097 1403 sama
1116 1378 1216 1402 nunc
1237 1365 1349 1409 clara,
1373 1377 1474 1402 nunc
1497 1365 1684 1402 obscura:

225 1427 355 1464 audita
385 1436 513 1464 autem
547 1429 662 1466 Sullae
684 1436 818 1477 morte,
840 1430 993 1466 ³iterum
1016 1429 1278 1466 novandarum
1307 1441 1374 1477 spe
1396 1429 1583 1473 trahente,
1607 1429 1685 1466 Ro-

226 1503 326 1527 mam
350 1491 479 1528 rediit:
511 1491 576 1528 sed
600 1492 700 1529 civili
731 1499 834 1529 motu
859 1500 997 1543 praeter
1016 1506 1121 1543 spem
1155 1505 1387 1542 compress0‚
1418 1505 1463 1529 ne
1485 1492 1576 1529 nibil
1595 1505 1685 1542 age-

225 1561 296 1598 ret,
318 1553 538 1592 Cornelium
561 1556 799 1593 Dolabellam
820 1556 1059 1593 consularem
1081 1570 1125 1593 ac
1146 1556 1417 1605 triumphalem
1435 1556 1553 1593 virum
1573 1568 1686 1606 repe-

226 1616 433 1655 tundarum
454 1620 665 1657 accusavit.
713 1622 802 1664 Quo
816 1620 970 1669 judicio
991 1633 1164 1670 magnam
1187 1620 1258 1657 sibi
1278 1619 1417 1657 famam
1438 1619 1685 1670 eloquentiae,

227 1681 292 1718 sed
312 1689 350 1720 et
371 1683 532 1720 multum
554 1684 728 1734 quaesivit
749 1684 921 1722 invidiae:
948 1698 1062 1734 quam
1086 1691 1129 1722 ut
1149 1685 1279 1722 leniret
1298 1683 1484 1729 absentia,
1506 1684 1685 1722 absoluto

224 1758 303 1793 reo,
337 1745 396 1797 [9]
426 1746 616 1796 rebusque
637 1748 810 1797 undique
843 1748 939 1785 citra
972 1755 1061 1785 vota
1083 1748 1303 1793 fluentibus,
1336 1749 1372 1785 in
1400 1749 1559 1786 insulam
1583 1749 1687 1786 Rbo-

223 1810 316 1847 dum
338 1824 376 1848 se
407 1811 579 1849 conferre
600 1812 807 1861 disposuit:
840 1812 951 1851 simul
973 1819 1015 1850 ut
1035 1813 1114 1851 otio
1148 1826 1307 1863 operam
1339 1813 1449 1850 daret
1479 1826 1524 1850 ac
1552 1813 1684 1857 literis,

224 1874 329 1923 apud
352 1875 601 1924 Apollonium
632 1875 837 1913 “Milonem
871 1877 1122 1914 clarissimum
1153 1885 1244 1914 tunc
1264 1877 1454 1914 facundiae
1475 1883 1686 1927 praecepto-

223 1949 317 1982 rem,
340 1939 411 1974 sub
442 1952 520 1988 quo
542 1939 679 1976 Cicero
701 1940 781 1990 ipse
816 1941 1001 1979 Romanae
1034 1942 1212 1991 princeps
1235 1941 1468 1991 eloquentiae
1500 1941 1684 1978 didicisse

225 2000 408 2038 creditur.
467 2002 540 2039 Sed
562 2002 654 2040 dum
674 2017 720 2040 eo
742 2004 893 2054 navigat
914 2018 935 2041 a
964 2005 1097 2054 piratis
1117 2011 1267 2054 captus,
1291 2003 1543 2040 familiaribus
1563 2004 1687 2041 omni-

227 2064 311 2109 bus,
334 2072 475 2115 praeter
495 2073 568 2103 tres
590 2068 765 2104 remissos
794 2069 841 2105 ad
866 2069 1138 2118 redemptionis
1158 2082 1235 2105 suae
1257 2069 1458 2118 pecuniam
1481 2080 1687 2117 procuran-

224 2127 336 2172 dam;
368 2131 507 2167 mansit
540 2144 626 2167 cum
665 2132 915 2181 praedonibus
952 2134 1030 2170 (lies
1071 2134 1170 2171 circa
1204 2132 1472 2182 quadraginta,
1501 2144 1574 2168 non
1605 2130 1684 2168 sine

226 2193 375 2231 tristitia
396 2201 434 2231 et
468 2194 728 2243 indignatione
757 2197 992 2246 gravissima.
1050 2198 1228 2246 Cumque
1257 2197 1306 2232 illi
1327 2209 1413 2233 eum
1439 2210 1483 2232 ex
1505 2196 1685 2233 convictu

223 2255 480 2295 familiaritate.
514 2266 594 2296 orta
629 2268 992 2309 percunctarentur:
1025 2261 1118 2311 quid
1159 2263 1210 2297 eis
1249 2261 1277 2297 si
1318 2260 1353 2296 in
1388 2272 1456 2296 sua
1494 2266 1684 2308 potestate

223 2328 366 2366 essent,
389 2322 547 2368 faceret,
569 2325 830 2373 respondebat
852 2326 1003 2374 ¹iocanti
1025 2325 1153 2362 similis
1174 2338 1211 2361 se
1239 2324 1321 2360 illos
1351 2322 1531 2359 crucibus
1553 2322 1686 2360 affixu-

224 2397 322 2429 rum,
356 2384 471 2434 idque
506 2386 556 2423 ita
591 2386 671 2423 fore
696 2387 953 2436 jurejurando
990 2389 1104 2425 tacito
1138 2386 1404 2424 confirmabat.
1463 2387 1562 2424 Cum
1594 2399 1683 2424 vero

225 2448 432 2487 comitibus
451 2462 493 2486 ac
515 2450 629 2487 servis
651 2452 774 2488 Roma
794 2451 1043 2489 redeuntibus
1078 2458 1114 2488 et
1144 2450 1422 2501 quinquaginta
1442 2450 1592 2487 talentis
1613 2463 1683 2500 pro

267 2559 284 2576 ⁸
311 2559 534 2592 Interseritur
550 2561 603 2593 hic
620 2562 672 2603 qui
697 2563 730 2593 in
746 2562 861 2603 editis,
877 2563 938 2595 hoc
967 2568 1019 2594 cst
1042 2573 1135 2604 quum
1156 2567 1214 2593 ant
1231 2565 1390 2602 quantum,
1406 2561 1493 2602 quod
1512 2560 1683 2592 sententia

226 2614 369 2653 respuit.
653 2646 661 2653 ι,

271 2670 283 2697 1
307 2668 408 2708 Lege,
424 2669 624 2700 Marcus-2
648 2668 751 2710 Lege,
766 2669 985 2710 prccandi.—3
1012 2670 1115 2710 Lege,
1142 2678 1244 2699 rerum
1269 2667 1553 2698 novandarum-4
1579 2666 1682 2706 Lege,

227 2721 391 2753 Molonem.
