1850 3109
467 186 573 215 CAP.
602 174 646 214 9.
679 182 773 213 LlB.
808 182 870 212 DE
903 183 1060 212 BELLO
1093 183 1255 214 AFRic.

137 281 171 312 in
189 280 255 312 Mn.
270 279 387 320 RegIo.
421 277 512 310 Quin
525 282 559 307 et
576 277 610 307 in
626 276 693 306 Ms.
710 275 838 306 Elicnsi

140 335 306 371 apparent
322 329 400 360 satis
421 326 597 358 manifesta
615 335 704 357 verae
730 326 840 357 Lecti-

139 381 213 412 onis
240 379 402 420 vestigia;
450 377 494 408 Ut
509 377 588 418 fieri
613 381 726 418 posset,
754 386 839 408 neve

139 431 234 462 locum
247 430 360 469 ullum,
372 431 436 458 ἄιε.
469 427 636 458 Nimirum
655 427 785 463 vocula.
799 427 839 464 si,

140 482 173 512 in
199 480 339 520 primam
363 477 527 518 syllabam
549 477 734 518 sequentis,
751 477 841 519 fieri,

139 531 311 570 absorpta.
360 529 514 568 Scaliger
550 533 586 559 et
622 528 841 559 Recentiores

138 579 330 617 ediderunt,
354 578 531 609 invenuste
548 578 749 609 admodum:
786 579 842 618 Ut,

127 630 206 672 fieri
229 632 330 670 posset
354 638 475 668 necne,
499 630 596 660 locum
619 629 758 667 nullum,
775 631 840 660 διε.

138 681 245 712 Clark.
271 681 467 712 Lectionem
477 691 496 712 a
509 681 648 712 Davisio
661 684 695 711 et
706 681 842 712 Clarkio

140 730 315 770 probatam
341 731 483 762 exhibet
505 731 607 761 etiam
634 730 719 762 Cod.
744 731 840 762 Leid.

137 790 204 812 sec.
217 781 283 812 imo
300 781 401 812 etiam
416 782 540 812 Lovan.
559 786 593 812 et
615 781 760 812 Dorvill.
779 791 841 812 nec

138 839 203 861 non
227 830 313 862 Edd.
336 838 469 862 cunctae
493 836 571 862 ante
594 831 756 872 Scaligeri
779 831 842 863 Ed.

138 881 195 922 qui
222 881 420 912 hodiernam
443 882 640 921 lectionem,
668 888 843 922 praeeunte

141 931 276 971 Ursino,
314 943 355 962 ex
394 933 497 972 ipsius
536 933 662 964 Codice
700 933 843 973 recepit.

139 982 249 1014 Quam
278 986 315 1013 et
342 992 416 1021 ego,
441 982 673 1013 confirmatam
698 983 844 1023 egregiis

140 1031 312 1072 quibusvis
349 1033 533 1064 codicibus
569 1033 685 1073 Cujac.
723 1033 844 1072 Scalig.

140 1081 264 1113 I’etav.
276 1082 374 1113 Leid.
389 1092 438 1122 pr.
450 1084 579 1113 θῐΧοςε
586 1083 639 1113 .in
657 1083 776 1124 quibus
799 1090 845 1114 ta-

140 1140 215 1162 men
240 1136 292 1162 est
316 1132 363 1162 uti
386 1142 446 1172 pro
469 1136 516 1171 ut,
537 1138 581 1164 et
595 1143 695 1164 excas.
718 1135 844 1164 nullum.

140 1181 179 1212 Iu
212 1182 314 1212 Dorv.
340 1186 376 1212 et
408 1182 535 1213 Lovan.
558 1192 663 1213 excas.
685 1184 740 1213 ull.
771 1193 844 1223 qnae

140 1231 289 1272 reposui.
322 1232 446 1262 Fateor
460 1231 578 1262 duram
595 1241 668 1262 esse
684 1233 846 1263 conditio-

139 1290 231 1320 nem,
244 1281 323 1322 fieri
346 1284 447 1321 posset
475 1291 530 1312 nec
558 1291 607 1312 ne.
665 1281 793 1313 Verum
819 1283 847 1313 si

140 1331 233 1371 legas
245 1331 357 1372 sifieri
369 1335 480 1371 posset,
495 1332 575 1372 quid
591 1337 660 1362 tum
674 1332 846 1373 singulare

139 1382 195 1414 hic
221 1383 255 1412 in
282 1381 418 1413 Caesare
445 1382 577 1412 notavit
602 1382 760 1413 Hirtius?
791 1381 846 1413 An

139 1431 232 1472 apud
267 1431 372 1462 ullum
399 1431 639 1472 imperatorem
671 1433 847 1463 excusatio

138 1482 246 1522 legati
257 1482 312 1512 vel
328 1481 468 1512 minoris
485 1482 594 1521 ducis,
611 1487 669 1513 aut
686 1483 849 1522 tergiver-

142 1531 228 1562 satio
258 1531 334 1572 ejus
361 1532 550 1563 caussando
581 1541 706 1562 morani
736 1534 847 1564 locum

141 1583 257 1623 habet,
269 1584 296 1614 si
307 1593 360 1614 res
373 1583 447 1615 fieri
460 1585 594 1624 potest?
612 1585 848 1625 Nequaquam.

142 1633 334 1673 Praeterea,
352 1634 426 1674 quis
455 1634 551 1664 litem
574 1635 664 1665 inter
680 1635 848 1665 Caesarem

141 1687 177 1714 et
194 1683 375 1724 praefectos
392 1683 595 1722 diremisset,
611 1694 690 1714 num
706 1693 759 1714 res
774 1683 848 1714 fieri

143 1736 326 1774 potuisset,
342 1743 404 1765 nec
419 1735 481 1765 nc?
524 1735 640 1766 Caesar
663 1736 754 1765 enim
777 1735 848 1765 sine

141 1783 244 1815 dubio
259 1785 504 1823 contendisset,
515 1794 584 1815 rem
602 1784 674 1815 fieri
689 1785 849 1825 potuisse.

141 1834 240 1867 Dicit
264 1844 346 1875 ergo
371 1835 522 1866 Hirtius:
560 1836 647 1867 Eum
664 1840 733 1867 tam
752 1836 849 1867 vehe-

140 1891 274 1917 menter
290 1886 363 1917 haec
385 1886 605 1927 praecepisse,
622 1891 658 1916 ut
683 1886 748 1917 sibi
771 1887 850 1917 obe-

142 1936 215 1968 dire
246 1936 318 1968 sine
349 1937 570 1968 excusatione
595 1937 651 1968 vel
679 1947 774 1968 mora
797 1947 852 1968 vo-

143 1988 267 2027 luerit;
296 1989 374 2020 dum
391 1989 537 2021 minores
551 1989 655 2020 duces
669 1999 732 2020 non
748 1989 851 2020 decet

143 2039 350 2078 examinare,
366 2049 406 2069 an
420 2049 474 2070 res
487 2039 561 2070 fieri
577 2045 706 2081 posset,
719 2050 782 2071 nec
796 2050 848 2071 ne.

145 2088 230 2120 Quae
254 2088 297 2120 de
318 2089 409 2121 hisce
428 2089 573 2121 Caesaris
594 2089 701 2121 fuerit
716 2095 850 2120 senten-

144 2138 205 2176 tia,
222 2138 371 2169 videmus
391 2140 430 2170 Β.
444 2140 533 2171 Gall.
547 2149 570 2171 1.
582 2143 635 2171 40.
663 2140 730 2171 Ubi
745 2140 850 2171 tribu—

145 2196 206 2218 nos
230 2192 266 2219 et
291 2189 506 2219 centuriones
537 2190 691 2220 incusat:
725 2190 734 2205 ‘
751 2190 851 2222 Quod

145 2244 206 2268 aut
228 2248 327 2279 quam
345 2239 376 2269 in
394 2243 528 2278 partem
552 2243 611 2270 aut
627 2248 692 2279 quo
707 2240 851 2270 consilio

144 2287 362 2326 ducerentur,
379 2288 442 2318 sibi
456 2288 675 2329 quaerendum
693 2291 751 2318 aut
761 2288 852 2329 cogi-

147 2337 287 2369 tandum
305 2337 493 2378 putarent.’
524 2338 650 2369 Similis
665 2338 742 2369 huic
759 2339 851 2369 locus

146 2392 200 2418 est
217 2387 305 2418 infra
315 2398 345 2418 e.
358 2391 411 2419 26.
436 2389 445 2405 ‘
459 2389 506 2419 Ut
518 2389 591 2419 sine
606 2397 700 2419 mora
712 2394 771 2420 aut
786 2389 853 2420 ulla

147 2438 367 2469 excusatione
390 2438 508 2469 hiemis
526 2443 774 2479 ventorumque
796 2448 853 2469 ex-

146 2487 274 2519 ercitus
289 2487 353 2518 sibi
369 2497 468 2527 quam
487 2487 667 2518 celerrime
683 2492 852 2528 transpor-

147 2537 303 2569 tat-etur:
339 2538 499 2569 Ceterum
516 2537 595 2579 fieri
613 2541 715 2578 posset
742 2548 794 2569 nec
816 2548 854 2569 ue

149 2596 225 2618 esse
249 2587 376 2619 dictum
407 2598 468 2629 pro
498 2599 538 2619 an
557 2588 637 2630 fieri
663 2600 697 2629 p.
723 2599 778 2620 nec
806 2600 854 2630 ne,

149 2637 279 2668 monitu
293 2648 377 2679 opus
388 2648 463 2669 esse
475 2648 541 2669 non
555 2639 670 2670 credo.
691 2639 854 2681 Alioquin

152 2685 230 2716 vide
242 2687 285 2718 ad
299 2696 365 2718 vu.
377 2691 408 2718 5.

197 2737 238 2766 16
261 2736 557 2777 Illiserari‚—ianta
575 2739 712 2770 homines
727 2750 789 2771 esse
804 2741 855 2771 de-

152 2785 285 2827 mentia]
308 2787 363 2819 lta
377 2789 511 2821 omnino
524 2789 834 2831 interpungendum
846 2801 856 2830 ;

1473 173 1586 217 1583

890 276 1057 317 quomodo
1082 275 1191 307 edidit
1212 277 1266 309 Jo,
1281 277 1466 309 Goduinns.
1509 279 1589 310 Sca-

890 326 976 366 liger
1004 327 1136 367 (errore
1160 325 1304 357 fortasse
1329 329 1590 367 typographico)

891 377 1122 417 interpunxit3
1146 377 1435 408 miserari.—tw¹l‹1
1456 378 1590 408 homines

890 437 952 459 esse
987 429 1150 458 dementia.
1213 428 1312 458 Unde
1347 428 1589 458 Recentiuruui

892 478 1046 519 plerique
1062 478 1262 516 ediderunt3
1289 478 1592 508 misermL-Tanta

891 528 1027 559 homines
1046 538 1109 559 esse
1129 530 1293 559 dementia.
1341 528 1441 561 Quod
1469 533 1521 558 est
1545 527 1592 558 hi-

892 580 1003 610 ulcum
1043 579 1152 610 valde.
1199 580 1265 610 Ms.
1302 579 1385 618 Reg.
1425 583 1460 609 et
1498 577 1592 609 Edit.

893 630 986 659 Rom.
1003 629 1143 659 miserari
1154 629 1311 659 :—-Tantu
1331 629 1500 658 hominum
1517 632 1592 660 erat

891 680 1058 718 dementia,
1086 679 1150 709 ΜΞ.
1176 679 1302 709 Eliens.
1321 678 1594 717 miserari,—-tan-

893 735 960 760 tam
977 730 1132 760 hominum
1155 739 1218 760 esse
1240 729 1457 760 dementiam.
1484 729 1592 759 Clark.

893 782 987 811 Bene
1001 781 1155 812 Clarkius
1167 786 1200 812 et
1214 781 1270 811 alii
1281 781 1431 821 jungunt
1441 779 1594 819 miserari,

892 835 980 862 tauta
1010 832 1146 862 homines
1167 841 1231 862 esse
1260 831 1425 862 dementia.
1471 831 1595 861 Errore

894 882 1141 922 typographico
1158 882 1256 912 aliam
1281 881 1595 921 interpunctionem

895 941 966 962 esse
991 937 1098 962 ortam
1125 932 1224 963 facile
1252 932 1365 967 credo,
1390 932 1468 972 quia
1486 931 1519 962 in
1535 931 1595 962 ali-

894 986 978 1022 quot
996 982 1067 1012 Elz.
1085 981 1294 1013 editionibus
1318 982 1442 1021 editur,
1467 987 1505 1012 ut
1521 982 1596 1022 jam

896 1034 1118 1063 correximus.
1166 1032 1358 1063 Infinitivus
1376 1033 1431 1063 ille
1460 1033 1598 1074 quidem

896 1092 957 1122 per
983 1082 1240 1114 admirationem
1268 1093 1360 1122 saepe
1391 1082 1509 1113 obvius
1533 1087 1600 1121 est,

898 1138 933 1162 ut
952 1133 984 1162 in
1001 1132 1137 1164 „Iustino
1154 1133 1271 1164 docuit
1287 1133 1459 1170 Graevius,
1474 1132 1600 1174 aliique

896 1182 987 1212 alibi.
1031 1183 1099 1212 Sed
1126 1183 1178 1212 bic
1205 1183 1346 1212 miserari
1363 1192 1427 1213 non
1445 1183 1599 1221 liaberet,

897 1241 964 1272 quo
996 1230 1117 1262 referri
1149 1236 1275 1271 posset.
1331 1232 1503 1262 Hominum
1532 1235 1601 1262 erut·

897 1282 998 1313 etiam
1025 1282 1119 1314 Leid.
1147 1291 1215 1312 sec.
1241 1286 1275 1312 et
1292 1281 1379 1312 Edd.
1400 1281 1494 1312 Med.
1510 1282 1600 1314 Ven.

896 1333 1035 1363 Vascos.
1052 1332 1183 1372 Gryph.
1212 1331 1329 1371 steph.
1357 1337 1393 1362 et
1420 1332 1494 1362 aliis
1521 1337 1601 1363 ante

897 1383 1071 1414 Ursinum.
1118 1382 1237 1413 Malint
1269 1391 1352 1412 vero
1386 1391 1446 1421 pro
1475 1382 1603 1413 mallent

898 1433 1056 1473 rescripsi
1073 1432 1140 1463 fide
1156 1441 1310 1463 meorum
1337 1432 1514 1472 Codicum,
1531 1437 1603 1465 tan-

898 1488 969 1514 tum
984 1492 1050 1513 non
1066 1482 1224 1514 omnium.

944 1536 982 1564 17
1007 1533 1045 1563 In
1061 1532 1228 1563 Provincia
1244 1531 1372 1572 Africa]
1401 1533 1530 1563 Lovan.
1546 1533 1602 1564 ha-

898 1582 958 1614 bet
975 1586 1005 1613 et
1021 1583 1189 1613 Provincia
1199 1582 1334 1620 Asrica;
1358 1583 1477 1623 Cujac.
1489 1587 1602 1614 autem

899 1643 938 1664 ea:
951 1633 1110 1674 provincia
1133 1633 1257 1671 Africa.
1305 1634 1397 1674 Lege
1425 1638 1461 1664 et
1487 1633 1605 1664 distin-

901 1693 978 1724 gue,
1000 1684 1143 1713 miserm-i
1172 1683 1308 1724 (regium
1332 1684 1413 1714 enim
1436 1685 1606 1724 equitatum

901 1741 942 1762 ex
957 1732 1120 1772 provincia
1136 1733 1247 1771 Africa
1266 1734 1371 1774 Scipio
1396 1734 1514 1775 alebat)
1535 1738 1605 1766 tan·

901 1785 935 1812 ta
950 1781 1098 1822 hominm,
1113 1784 1166 1822 &a
1212 1784 1365 1814 Eandem
1382 1784 1607 1825 interpuncti-

901 1842 1001 1863 onem
1027 1833 1204 1864 Goduinus
1236 1840 1272 1865 et
1300 1834 1456 1866 Clarkius
1481 1836 1606 1866 merito

903 1888 1100 1923 sequuntur.
1167 1884 1258 1925 Lege
1292 1886 1394 1916 etiam
1431 1895 1461 1916 α.
1498 1886 1532 1916 d.
1560 1894 1606 1916 111

903 1933 987 1963 Mn.
1003 1933 1080 1963 Jan.
1111 1933 1223 1965 Datis.
1247 1944 1319 1965 cur.
1337 1944 1406 1966 sec.
1451 1935 1556 1976 Scipio
1575 1939 1606 1966 et

899 1993 986 2023 prov.
1009 1983 1123 2021 Africa
1145 1985 1245 2016 Voss.
1274 1986 1401 2016 Lovan.
1428 1991 1465 2017 et
1490 1987 1606 2018 Ursin.

903 2034 1011 2065 codd.
1049 2034 1118 2065 Sed
1167 2035 1286 2076 Cujac.
1323 2035 1444 2067 Petav.
1481 2036 1607 2077 Scalig.

901 2085 999 2116 Leid.
1030 2095 1081 2126 pr.
1111 2090 1147 2116 et
1178 2087 1284 2118 Dorv.
1329 2086 1435 2127 Scipio
1457 2097 1496 2117 ex
1520 2097 1607 2127 prov.

902 2135 1039 2172 Africa;
1061 2135 1246 2167 verissime.
1294 2137 1395 2169 Quod
1408 2137 1538 2168 idcirco
1551 2147 1608 2167 ex-

900 2186 1007 2217 hibui.
1053 2186 1095 2217 In
1122 2187 1196 2217 aliis
1223 2186 1327 2217 etiam
1357 2192 1392 2218 et
1415 2186 1503 2218 Edd.
1525 2195 1608 2218 non-

902 2237 1003 2268 nullis
1016 2237 1146 2277 Scipio'
1135 2248 1168 2268 ιιι
1179 2247 1264 2276 prov.
1280 2237 1356 2275 Ajr.

945 2295 997 2317 xx.
1024 2290 1041 2317 1
1065 2286 1229 2326 Leptiqtie]
1268 2287 1308 2316 lu
1335 2287 1456 2318 PetaV.
1484 2286 1609 2327 Scalig.

904 2336 1245 2375 Lovan.Leid.p1.
1285 2336 1382 2367 Voss.
1422 2341 1458 2368 et
1496 2337 1607 2368 Dorv.

905 2386 1033 2426 Leptim
1050 2387 1104 2417 vel
1115 2386 1308 2426 Leptimque.
1328 2387 1433 2418 Male.
1458 2386 1514 2417 An
1529 2388 1608 2427 Lep-

904 2435 1063 2478 tinisque?
1086 2437 1153 2469 Sed
1176 2441 1213 2468 et
1228 2445 1307 2477 cap;
1328 2447 1401 2478 seq.
1425 2437 1461 2468 in
1485 2437 1608 2469 iisdem

904 2488 988 2519 Mss.
1006 2498 1067 2528 pro
1084 2487 1177 2529 Lepti
1193 2487 1315 2519 vitiose
1331 2493 1383 2518 est
1400 2487 1536 2528 Leptim.

945 2541 965 2569 7
991 2539 1062 2569 Hoc
1084 2547 1154 2569 eum
1173 2538 1285 2569 iccirco
1314 2538 1459 2568 existimo
1475 2537 1607 2578 fecisse]

905 2590 972 2620 Ms.
985 2590 1126 2621 Norvic.
1139 2590 1194 2620 hoc
1206 2599 1271 2619 eum
1285 2589 1394 2620 iccirco
1407 2588 1550 2618 existimo
1560 2597 1607 2618 re-

904 2640 1040 2680 πρῶ-εκ
1063 2640 1151 2670 unde
1176 2649 1304 2679 repono
1328 2639 1385 2668 huc
1406 2648 1475 2668 eum
1496 2638 1607 2668 iccirco

905 2690 1049 2721 existimo
1085 2690 1245 2729 recepisse,
1282 2689 1457 2718 intellecto
1487 2696 1609 2727 prono-

906 2740 996 2770 mine
1026 2740 1218 2780 reeiproco,
1247 2743 1286 2769 ut
1314 2737 1354 2768 fit
1392 2738 1451 2768 lib.
1489 2737 1532 2768 de
1562 2738 1604 2770 B.

906 2790 1008 2821 Alex.
1025 2800 1056 2822 c.
1069 2793 1123 2821 27.
1147 2789 1260 2821 Dacis.
1298 2789 1390 2830 Lege
1406 2788 1554 2830 recepisse
1563 2799 1606 2822 se.
