1850 3109
258 165 368 205 1440

257 276 291 298 v.
307 269 360 299 27.
405 267 415 284 ‘
431 267 522 300 Quos
550 267 702 299 Atuatici
727 267 880 298 obsidum
897 277 955 298 nu-

257 326 350 348 mero
375 317 491 348 missos
515 317 603 357 apud
628 327 663 348 sc
688 317 721 347 in
739 317 904 347 servitute
921 322 956 348 et

257 368 386 400 catenis
403 367 610 398 tenuissent)
636 368 735 398 Corn.
768 367 883 407 Nepos
916 366 956 396 E·

257 428 347 460 pam.
363 429 392 450 e.
409 422 440 450 7.
459 421 489 450 1.
532 419 542 436 ‘
560 419 642 449 Erat
664 418 752 448 enim
777 417 823 447 ibi
848 418 957 457 priva-

256 474 310 501 tus
326 478 464 500 numero
480 467 621 499 militis?
646 467 720 497 Aua
736 467 822 497 banc
837 467 869 496 in
886 476 957 498 rein

255 520 412 560 exempla
429 518 498 558 peti
515 522 656 558 possunt
679 526 720 547 ex
743 517 841 548 Joan.
867 516 956 548 Frid.

258 569 421 601 Gronovii
439 568 586 599 Observ.
604 576 628 598 1.
645 570 677 598 6.
706 577 738 607 p.
755 570 808 598 59.
844 567 955 598 Daris.

256 619 392 659 Legatis
416 629 484 649 cum
503 621 581 649 cent.
606 621 658 648 est
685 618 788 648 etiam
813 617 844 647 iu
871 616 955 647 Mss.

258 670 367 710 Bong.
400 668 496 700 Leid.
527 678 594 699 sec.
626 672 661 699 et
691 667 779 698 Edd.
816 666 957 698 Medioi.

256 721 398 752 Vascos.
412 719 531 761 Steph.
548 719 702 760 aliisque.
747 718 815 749 Sed
836 727 957 759 perpe-

257 781 340 802 ram.
364 771 468 802 Plura
483 769 559 801 vide
576 769 618 801 ad
634 770 655 800 1.
674 778 720 799 v1.
737 771 768 800 6.
786 771 794 786 ‘
810 768 956 800 hostium

257 820 418 852 nnmero.’

736 175 876 206 No'rAE
907 174 1168 206 VARIORUM
1202 175 1252 206 1N

1054 271 1092 299 12
1116 267 1305 309 Diebusque]
1321 267 1374 299 Sic
1388 276 1429 298 ex
1446 266 1512 298 Ms.
1528 266 1705 300 Ursinire-

1009 319 1172 358 positum:
1199 328 1273 348 cum
1293 318 1385 349 vett.
1404 317 1490 349 Edd.
1509 317 1710 355 exhibere„

1007 368 1171 408 diebusque
1193 379 1288 408 aeque.
1335 369 1513 399 Ursiniano
1538 368 1624 399 iibro
1640 367 1708 400 suf-

1010 416 1186 457 fragantur
1198 418 1342 449 Dorviii.
1359 419 1504 449 etVoss.
1551 417 1598 449 At
1622 418 1710 450 Reli-

1011 467 1068 507 qui
1084 471 1119 498 et
1135 468 1337 498 vetustiores
1353 469 1417 498 mei
1429 469 1535 499 diebus
1545 478 1628 508 oeque
1638 471 1709 509 post

1007 527 1039 556 p.
1077 518 1207 548 Recte:
1236 527 1312 548 nam
1340 519 1480 558 respicit
1511 518 1709 558 praeccdens

1006 567 1114 608 paucis
1139 566 1254 597 dicbus.
1299 568 1413 600 Quare
1439 567 1476 597 τὸ
1503 578 1588 608 aeque
1614 577 1710 598 revo-

1011 617 1097 656 cavi,
1134 616 1336 647 auctoritate
1380 618 1560 649 Mstorum.
1619 618 1709 649 vide

1011 667 1113 698 etiam
1139 667 1180 697 ad
1205 667 1247 698 B.
1272 666 1372 698 Alex.
1396 676 1427 698 c.
1451 671 1503 699 56.
1548 669 1710 700 Ceterum

1011 719 1118 748 muita
1133 718 1209 748 hnic
1228 716 1312 748 libro
1328 717 1448 748 deesse
1463 718 1640 750 videntur:
1665 719 1708 750 de

1011 767 1132 809 quibus
1149 768 1251 798 adeas
1277 768 1411 798 omnino
1436 767 1650 800 Ciacconium
1675 774 1710 800 et

1011 819 1097 850 siros
1114 817 1233 849 doctos
1250 817 1291 848 ad
1308 826 1364 848 111.
1380 820 1411 849 3.

555 1226 673 1275 DE
740 1227 1046 1276 BELLO
1107 1227 1429 1276 CIVILI·

880 1365 979 1403 LlB.
1022 1366 1094 1403 111.

300 1512 388 1544 CAP.
416 1520 440 1543 1.
465 1514 485 1543 2
511 1513 615 1545 Julius
642 1514 763 1556 Caesur]
789 1514 957 1555 Suspecta

257 1567 308 1593 ost
322 1563 392 1594 haec
409 1573 474 1594 vox
489 1564 596 1595 Julius
611 1565 747 1605 Ursino,
767 1565 845 1606 quia
861 1565 903 1596 de
921 1574 955 1595 se

257 1613 394 1653 loquens
426 1619 546 1645 auctor
576 1615 779 1656 simpliciter
810 1615 956 1646 scribere

255 1663 344 1694 solet
362 1665 487 1694 Caesar:
510 1665 599 1696 unde
623 1670 723 1706 putat
746 1665 823 1697 olim
850 1664 954 1696 fuisse

253 1716 398 1744 creantur
412 1714 475 1754 ipse
490 1718 533 1750 et,
556 1719 591 1745 et
607 1725 627 1745 a
641 1715 780 1746 librario
797 1714 957 1746 substitu-

254 1767 325 1793 tum
351 1763 457 1794 Julius
486 1765 604 1795 Caesar.
649 1765 756 1796 Uncis
783 1765 886 1796 etiam
911 1765 959 1796 in-

255 1813 356 1844 clusit
383 1814 542 1855 Scaliger.
585 1815 688 1855 Vide,
716 1825 791 1856 quae
821 1815 890 1846 dixi
916 1815 958 1846 ad

257 1862 295 1893 B.
313 1862 386 1895 Civ.
403 1872 426 1894 1.
446 1866 474 1895 l.
503 1865 511 1880 ‘
530 1864 654 1895 litteris
671 1873 691 1894 a
708 1865 811 1896 Fabio
828 1866 867 1897 C.
886 1865 959 1897 Cae-

255 1912 338 1942 saris
356 1912 523 1944 redditis.'

297 1964 315 1991 3
342 1962 383 1992 Ei
407 1963 567 1994 Consulem
580 1964 661 2005 fieri
675 1963 796 2004 liceret]
822 1963 862 1995 In
887 1965 958 1996 Da-

255 2011 326 2042 tivo
342 2011 430 2043 dixit
446 2017 565 2044 auctor
589 2015 629 2044 B.
646 2014 688 2045 G.
722 2023 770 2045 vr.
789 2017 841 2045 35.
862 2015 871 2031 ‘
886 2015 958 2056 qui-

256 2061 318 2092 bus
344 2062 427 2094 iicet
457 2073 531 2095 esse
559 2063 856 2097 fortunatissimis:
900 2065 957 2097 Sic

255 2113 345 2144 enim
362 2113 408 2144 ibi
430 2114 653 2155 antiquissimi
682 2115 788 2147 Codd.
818 2120 853 2147 et
882 2125 958 2156 pas-

256 2164 317 2194 sim
335 2163 456 2204 optimi
473 2165 597 2205 quique
614 2165 808 2206 scriptores.
844 2166 958 2199 Quare

256 2214 311 2245 lii.
330 2214 492 2246 Heinsius
508 2216 680 2255 opinatur,
695 2216 748 2247 hic
763 2217 866 2247 ctiam
880 2216 959 2248 scri·

256 2264 405 2295 bendum
435 2274 509 2296 esse
543 2267 680 2297 sensuli.
724 2266 851 2298 Verum
882 2276 960 2298 con-

254 2320 385 2347 stanter
396 2316 478 2347 Mss.
489 2326 604 2347 omnes
618 2317 768 2347 retinent
783 2317 941 2348 Consulem
950 2328 960 2348 .-

257 2367 346 2408 qnod
364 2377 430 2398 non
447 2368 553 2399 ausim
572 2368 613 2399 de
629 2369 704 2399 loco
721 2378 857 2400 movere
871 2379 880 2407 ;
896 2368 960 2399 nisi

254 2422 454 2456 statuamus,
466 2424 600 2449 veteres
616 2428 794 2459 numquam
812 2419 844 2448 in
862 2428 959 2449 accu-

256 2467 365 2498 sativo
382 2466 595 2505 adhibuisse3
624 2468 801 2509 omniaque
815 2469 902 2506 ioca,
925 2469 958 2498 iu

255 2516 378 2557 quibus
395 2516 421 2546 is
438 2527 533 2547 casus
558 2521 726 2555 occurrat,
759 2527 832 2548 esse
861 2517 957 2547 refin-

256 2567 379 2606 genda,
408 2567 508 2599 ctiam
531 2572 650 2598 contra
674 2567 873 2598 veterrimos
895 2568 957 2598 Co-

255 2617 374 2648 dices:
421 2617 532 2659 quaiia
576 2617 649 2657 ipse
702 2617 861 2648 Heinsius
915 2617 956 2649 ad

257 2668 373 2699 Ovidii
396 2668 507 2708 Epist.
532 2675 606 2698 xiv.
637 2670 690 2698 64.
723 2666 891 2707 producit,
923 2672 957 2697 ct

257 2717 470 2749 nihilominus
494 2717 657 2748 Dativum
682 2716 829 2757 reponit,
855 2716 958 2748 ctiam

1011 1513 1068 1545 ubi
1096 1523 1161 1544 non
1192 1512 1328 1544 additur
1352 1512 1444 1544 aliud
1472 1521 1592 1543 nornen
1618 1512 1711 1544 tertii

1011 1572 1122 1603 casus,
1133 1572 1276 1604 eumque
1290 1563 1442 1604 sequitur
1455 1563 1571 1594 Ciaris.
1581 1562 1714 1593 Brouk·

1010 1613 1081 1644 iius.
1094 1613 1136 1644 ad
1150 1613 1471 1653 P1·opert.11.7.96.
1489 1612 1545 1643 ubi
1564 1611 1713 1653 codices,

1010 1663 1118 1694 adhuc
1135 1663 1277 1703 cogniti,
1305 1663 1388 1694 dant
1411 1663 1421 1680 ⁴
1435 1663 1532 1694 Solus
1548 1672 1618 1700 erc,
1633 1673 1713 1704 quo-

1010 1714 1099 1745 niam
1122 1723 1188 1744 non
1214 1714 1296 1744 licet
1321 1723 1395 1744 esse
1414 1713 1529 1744 tuum?
1572 1713 1714 1745 Rectius

1012 1773 1092 1805 ergo
1108 1763 1198 1794 idem
1214 1767 1332 1794 tuetur
1351 1764 1524 1804 vulgatum
1546 1763 1637 1804 apud
1660 1762 1715 1795 'ri-

1012 1814 1096 1845 bun.
1121 1814 1174 1844 El.
1196 1822 1246 1844 xx.
1271 1816 1300 1843 l.
1325 1815 1377 1843 43.
1400 1813 1595 1854 ‘liceatque
1611 1816 1716 1854 caput

1013 1863 1216 1895 candescere
1233 1863 1337 1902 canis,
1362 1862 1537 1903 Temporis
1560 1868 1595 1894 et
1613 1863 1715 1903 prisci

1012 1913 1105 1945 facta
1120 1913 1246 1944 referre
1261 1922 1373 1944 senem
1389 1915 1409 1943 :'
1432 1922 1530 1954 quam
1543 1918 1716 1944 construc-

1013 1964 1139 1995 tionem
1171 1964 1323 2004 piuribus
1358 1963 1526 1994 adsertam
1563 1962 1642 1994 vide
1681 1963 1713 1994 in

1013 2014 1161 2046 Miscell.
1179 2014 1322 2045 Observ.
1338 2013 1414 2045 Vol.
1430 2022 1463 2043 v.
1486 2013 1523 2043 Τ.
1549 2016 1580 2044 1.
1604 2023 1637 2053 p.
1663 2015 1715 2044 12.

1012 2067 1079 2097 «Sec.
1123 2065 1202 2095 Sine
1220 2064 1387 2095 Mstorum
1406 2073 1470 2104 ope
1495 2073 1558 2104 ego
1581 2067 1714 2094 mutare

1011 2125 1078 2147 uon
1093 2116 1221 2146 ausim:
1250 2118 1286 2145 at
1314 2114 1371 2145 ubi
1398 2113 1445 2144 iili
1469 2113 1645 2153 addicunt,
1666 2113 1715 2145 lu-

1013 2166 1208 2198 bentissime
1226 2166 1413 2205 amplector
1430 2164 1592 2195 Dativum
1608 2175 1616 2201 3
1640 2173 1716 2195 nam

1015 2227 1034 2247 a
1062 2216 1208 2247 librariis
1235 2215 1367 2246 facilius
1395 2225 1469 2246 eum
1499 2215 1532 2245 in
1556 2219 1714 2256 quartum

1015 2276 1088 2298 csse
1116 2276 1230 2297 casum
1254 2270 1436 2305 mutatum,
1462 2275 1561 2306 quam
1584 2268 1715 2304 contra,

1016 2317 1126 2359 quivis
1154 2317 1285 2348 Latina?
1314 2315 1440 2355 linguae
1467 2323 1589 2354 gnarus
1615 2313 1715 2345 fateri

1016 2367 1161 2408 cogitur.
1207 2367 1263 2397 Sic
1287 2375 1329 2396 ex
1353 2365 1539 2396 Scholiaste
1558 2363 1716 2395 Heinsius

1014 2425 1048 2449 et
1069 2417 1187 2449 Celeb.
1205 2415 1380 2446 Bentleius
1396 2413 1578 2445 emendant
1593 2414 1717 2445 Horat.

1014 2468 1121 2498 Serm.
1139 2475 1165 2498 1.
1183 2469 1215 2497 4.
1240 2468 1293 2496 39.
1317 2466 1325 2481 ‘
1340 2464 1492 2495 dederim
1510 2464 1631 2505 quibus
1644 2474 1716 2496 esse

1014 2517 1123 2558 poetis
1136 2516 1156 2547 ?’
1183 2526 1284 2558 quum
1303 2516 1336 2546 in
1353 2516 1436 2546 Mss.
1453 2520 1565 2545 tamen
1584 2514 1627 2546 sit
1644 2515 1715 2555 ροῦ-

1010 2571 1084 2605 tus;
1109 2570 1144 2598 at
1161 2567 1288 2597 contuli
1305 2566 1478 2606 antiquum
1505 2565 1643 2605 optimae
1660 2574 1718 2596 no-

1013 2622 1057 2647 tae
1088 2616 1262 2654 Codicem,
1279 2615 1470 2646 amicissimi
1487 2615 1646 2646 Dorvinii
1664 2615 1717 2646 be-

1013 2665 1148 2705 neficio,
1170 2666 1203 2696 in
1221 2675 1286 2706 quo
1302 2666 1313 2695 i
1329 2665 1455 2696 diserte
1471 2664 1583 2695 inveni
1599 2674 1715 2706 supra»

1012 2716 1177 2757 scriptum
1192 2726 1200 2746 :
1218 2715 1308 2758 quod
1325 2714 1420 2756 facit,
1445 2719 1482 2747 ut
1505 2714 1548 2746 dc
1561 2714 1716 2747 emenda·
