<?xml version="1.0" encoding="UTF-8"?>
<!DOCTYPE html PUBLIC "-//W3C//DTD XHTML 1.0 Transitional//EN"
    "http://www.w3.org/TR/xhtml1/DTD/xhtml1-transitional.dtd">
<html xmlns="http://www.w3.org/1999/xhtml" xml:lang="en" lang="en">
 <head>
  <title>
</title>
<meta http-equiv="Content-Type" content="text/html;charset=utf-8" />
  <meta name='ocr-system' content='tesseract 3.04.00' />
  <meta name='ocr-capabilities' content='ocr_page ocr_carea ocr_par ocr_line ocrx_word'/>
</head>
<body>
  <div class='ocr_page' id='page_1' title='image "./operaomniaexedit04caesuoft_0474.png"; bbox 0 0 1850 3109; ppageno 0'>
   <div class='ocr_carea' id='block_1_1' title="bbox 215 186 1238 232">
    <p class='ocr_par' dir='ltr' id='par_1_1' title="bbox 215 186 1238 232">
     <span class='ocr_line' id='line_1_1' title="bbox 215 186 1238 232; baseline 0.005 -5"><span class='ocrx_word' id='word_1_1' title='bbox 215 186 331 228; x_wconf 77' lang='lat'>1864</span> <span class='ocrx_word' id='word_1_2' title='bbox 641 199 681 228; x_wconf 74' lang='lat' dir='ltr'>s.</span> <span class='ocrx_word' id='word_1_3' title='bbox 712 198 852 229; x_wconf 62' lang='lat' dir='ltr'>csshst</span> <span class='ocrx_word' id='word_1_4' title='bbox 884 198 1238 232; x_wconf 57' lang='lat' dir='ltr'>cosmuwmnn</span> 
     </span>
    </p>
   </div>
   <div class='ocr_carea' id='block_1_2' title="bbox 213 297 1688 2601">
    <p class='ocr_par' dir='ltr' id='par_1_2' title="bbox 213 297 1688 2601">
     <span class='ocr_line' id='line_1_2' title="bbox 214 297 1672 351; baseline 0.003 -16"><span class='ocrx_word' id='word_1_5' title='bbox 214 297 322 336; x_wconf 86' lang='lat' dir='ltr'>dedit</span> <span class='ocrx_word' id='word_1_6' title='bbox 342 304 384 335; x_wconf 86' lang='lat' dir='ltr'>ut</span> <span class='ocrx_word' id='word_1_7' title='bbox 403 298 441 337; x_wconf 87' lang='lat' dir='ltr'>in</span> <span class='ocrx_word' id='word_1_8' title='bbox 461 298 566 336; x_wconf 86' lang='lat' dir='ltr'>illum</span> <span class='ocrx_word' id='word_1_9' title='bbox 588 298 771 337; x_wconf 79' lang='lat' dir='ltr'>irruerent</span> <span class='ocrx_word' id='word_1_10' title='bbox 791 313 800 337; x_wconf 69' lang='grc' dir='ltr'><strong>ι</strong></span> <span class='ocrx_word' id='word_1_11' title='bbox 829 312 908 348; x_wconf 91' lang='lat' dir='ltr'>qno</span> <span class='ocrx_word' id='word_1_12' title='bbox 928 301 1074 344; x_wconf 82' lang='lat' dir='ltr'>occiso,</span> <span class='ocrx_word' id='word_1_13' title='bbox 1097 302 1265 351; x_wconf 85' lang='lat' dir='ltr'>reliquos</span> <span class='ocrx_word' id='word_1_14' title='bbox 1285 309 1481 341; x_wconf 78' lang='lat' dir='ltr'>veteranos</span> <span class='ocrx_word' id='word_1_15' title='bbox 1502 317 1524 341; x_wconf 84' lang='lat' dir='ltr'>a</span> <span class='ocrx_word' id='word_1_16' title='bbox 1545 303 1672 341; x_wconf 85' lang='lat' dir='ltr'>tironi-</span> 
     </span>
     <span class='ocr_line' id='line_1_3' title="bbox 215 362 1672 415; baseline 0.003 -15"><span class='ocrx_word' id='word_1_17' title='bbox 215 362 288 401; x_wconf 81' lang='lat' dir='ltr'>bus</span> <span class='ocrx_word' id='word_1_18' title='bbox 310 371 541 413; x_wconf 81' lang='lat' dir='ltr'>segregatos,</span> <span class='ocrx_word' id='word_1_19' title='bbox 562 371 597 400; x_wconf 90' lang='lat' dir='ltr'>et</span> <span class='ocrx_word' id='word_1_20' title='bbox 620 365 818 414; x_wconf 78' lang='lat' dir='ltr'>suppliciis</span> <span class='ocrx_word' id='word_1_21' title='bbox 839 364 970 400; x_wconf 78' lang='lat' dir='ltr'>multis</span> <span class='ocrx_word' id='word_1_22' title='bbox 990 364 1152 402; x_wconf 79' lang='lat' dir='ltr'>affectos</span> <span class='ocrx_word' id='word_1_23' title='bbox 1167 367 1285 415; x_wconf 79' lang='lat' dir='ltr'>jussit</span> <span class='ocrx_word' id='word_1_24' title='bbox 1307 367 1482 413; x_wconf 82' lang='lat' dir='ltr'>interfici,</span> <span class='ocrx_word' id='word_1_25' title='bbox 1513 367 1672 405; x_wconf 79' lang='lat' dir='ltr'>infando</span> 
     </span>
     <span class='ocr_line' id='line_1_4' title="bbox 214 427 1673 480; baseline 0.003 -16"><span class='ocrx_word' id='word_1_26' title='bbox 214 427 360 465; x_wconf 82' lang='lat' dir='ltr'>scelere</span> <span class='ocrx_word' id='word_1_27' title='bbox 380 428 607 471; x_wconf 82' lang='lat' dir='ltr'>maculatos,</span> <span class='ocrx_word' id='word_1_28' title='bbox 636 436 671 464; x_wconf 86' lang='lat' dir='ltr'>et</span> <span class='ocrx_word' id='word_1_29' title='bbox 695 428 876 475; x_wconf 79' lang='lat' dir='ltr'>sangnine</span> <span class='ocrx_word' id='word_1_30' title='bbox 906 428 1045 465; x_wconf 88' lang='lat' dir='ltr'>civium</span> <span class='ocrx_word' id='word_1_31' title='bbox 1067 430 1323 480; x_wconf 78' lang='lat' dir='ltr'>³¹inpignatos</span> <span class='ocrx_word' id='word_1_32' title='bbox 1345 446 1512 470; x_wconf 73' lang='lat' dir='ltr'>vocaus:</span> <span class='ocrx_word' id='word_1_33' title='bbox 1544 432 1673 469; x_wconf 84' lang='lat' dir='ltr'>tironi-</span> 
     </span>
     <span class='ocr_line' id='line_1_5' title="bbox 214 490 1674 545; baseline 0.003 -17"><span class='ocrx_word' id='word_1_34' title='bbox 214 490 286 529; x_wconf 84' lang='lat' dir='ltr'>bus</span> <span class='ocrx_word' id='word_1_35' title='bbox 307 493 411 529; x_wconf 83' lang='lat' dir='ltr'>velut</span> <span class='ocrx_word' id='word_1_36' title='bbox 433 493 700 529; x_wconf 78' lang='lat' dir='ltr'>innocentibus·</span> <span class='ocrx_word' id='word_1_37' title='bbox 729 494 845 530; x_wconf 80' lang='lat' dir='ltr'>vitam</span> <span class='ocrx_word' id='word_1_38' title='bbox 881 493 1033 542; x_wconf 81' lang='lat' dir='ltr'>linquit,</span> <span class='ocrx_word' id='word_1_39' title='bbox 1065 507 1211 544; x_wconf 85' lang='lat' dir='ltr'>eosque</span> <span class='ocrx_word' id='word_1_40' title='bbox 1232 497 1307 532; x_wconf 88' lang='lat' dir='ltr'>suis</span> <span class='ocrx_word' id='word_1_41' title='bbox 1329 497 1674 545; x_wconf 76' lang='lat' dir='ltr'>legionil›usjussit</span> 
     </span>
     <span class='ocr_line' id='line_1_6' title="bbox 214 556 1672 609; baseline 0.003 -17"><span class='ocrx_word' id='word_1_42' title='bbox 214 557 370 593; x_wconf 77' lang='lat' dir='ltr'>ascribi.</span> <span class='ocrx_word' id='word_1_43' title='bbox 427 556 624 593; x_wconf 76' lang='lat' dir='ltr'>Turbatus</span> <span class='ocrx_word' id='word_1_44' title='bbox 655 557 726 594; x_wconf 84' lang='lat' dir='ltr'>hac</span> <span class='ocrx_word' id='word_1_45' title='bbox 747 557 795 594; x_wconf 83' lang='lat' dir='ltr'>(le</span> <span class='ocrx_word' id='word_1_46' title='bbox 817 571 855 594; x_wconf 88' lang='lat' dir='ltr'>re</span> <span class='ocrx_word' id='word_1_47' title='bbox 888 558 1030 602; x_wconf 82' lang='lat' dir='ltr'>Caesar,</span> <span class='ocrx_word' id='word_1_48' title='bbox 1063 573 1151 595; x_wconf 84' lang='lat' dir='ltr'>cuin</span> <span class='ocrx_word' id='word_1_49' title='bbox 1193 559 1227 594; x_wconf 92' lang='lat' dir='ltr'>in</span> <span class='ocrx_word' id='word_1_50' title='bbox 1260 572 1427 609; x_wconf 64' lang='lat' dir='ltr'>praesens</span> <span class='ocrx_word' id='word_1_51' title='bbox 1460 561 1563 597; x_wconf 77' lang='lat' dir='ltr'>aliud</span> <span class='ocrx_word' id='word_1_52' title='bbox 1596 573 1672 597; x_wconf 82' lang='lat' dir='ltr'>non</span> 
     </span>
     <span class='ocr_line' id='line_1_7' title="bbox 214 621 1672 674; baseline 0.003 -19"><span class='ocrx_word' id='word_1_53' title='bbox 214 628 357 669; x_wconf 85' lang='lat' dir='ltr'>posset,</span> <span class='ocrx_word' id='word_1_54' title='bbox 379 621 416 657; x_wconf 90' lang='lat' dir='ltr'>in</span> <span class='ocrx_word' id='word_1_55' title='bbox 437 633 503 657; x_wconf 86' lang='lat' dir='ltr'>eos</span> <span class='ocrx_word' id='word_1_56' title='bbox 525 621 590 670; x_wconf 87' lang='lat' dir='ltr'>qui</span> <span class='ocrx_word' id='word_1_57' title='bbox 612 634 700 658; x_wconf 89' lang='lat' dir='ltr'>cum</span> <span class='ocrx_word' id='word_1_58' title='bbox 722 622 882 659; x_wconf 72' lang='lat' dir='ltr'>navibus</span> <span class='ocrx_word' id='word_1_59' title='bbox 904 622 1027 671; x_wconf 66' lang='lat' dir='ltr'>longis</span> <span class='ocrx_word' id='word_1_60' title='bbox 1047 623 1093 659; x_wconf 73' lang='lat' dir='ltr'>ati</span> <span class='ocrx_word' id='word_1_61' title='bbox 1117 623 1228 659; x_wconf 79' lang='lat' dir='ltr'>maris</span> <span class='ocrx_word' id='word_1_62' title='bbox 1257 623 1473 660; x_wconf 75' lang='lat' dir='ltr'>custodium</span> <span class='ocrx_word' id='word_1_63' title='bbox 1495 624 1672 674; x_wconf 79' lang='lat' dir='ltr'>deputati</span> 
     </span>
     <span class='ocr_line' id='line_1_8' title="bbox 213 684 1670 738; baseline 0.003 -18"><span class='ocrx_word' id='word_1_64' title='bbox 213 691 335 728; x_wconf 85' lang='lat' dir='ltr'>erant,</span> <span class='ocrx_word' id='word_1_65' title='bbox 357 684 447 721; x_wconf 83' lang='lat' dir='ltr'>iram</span> <span class='ocrx_word' id='word_1_66' title='bbox 469 684 607 722; x_wconf 79' lang='lat' dir='ltr'>effudit</span> <span class='ocrx_word' id='word_1_67' title='bbox 625 698 633 722; x_wconf 72' lang='grc' dir='ltr'>ε</span> <span class='ocrx_word' id='word_1_68' title='bbox 654 699 798 735; x_wconf 83' lang='lat' dir='ltr'>eosque</span> <span class='ocrx_word' id='word_1_69' title='bbox 818 687 922 736; x_wconf 74' lang='lat' dir='ltr'>gravi</span> <span class='ocrx_word' id='word_1_70' title='bbox 944 695 1097 724; x_wconf 80' lang='lat' dir='ltr'>notatos</span> <span class='ocrx_word' id='word_1_71' title='bbox 1116 688 1270 724; x_wconf 81' lang='lat' dir='ltr'>infamia</span> <span class='ocrx_word' id='word_1_72' title='bbox 1289 689 1542 733; x_wconf 68' lang='lat' dir='ltr'>exanimavit,</span> <span class='ocrx_word' id='word_1_73' title='bbox 1565 687 1670 738; x_wconf 84' lang='lat' dir='ltr'>quod</span> 
     </span>
     <span class='ocr_line' id='line_1_9' title="bbox 215 749 1672 801; baseline 0.004 -17"><span class='ocrx_word' id='word_1_74' title='bbox 215 760 347 785; x_wconf 83' lang='lat' dir='ltr'>eorum</span> <span class='ocrx_word' id='word_1_75' title='bbox 369 749 528 798; x_wconf 80' lang='lat' dir='ltr'>segnitie</span> <span class='ocrx_word' id='word_1_76' title='bbox 549 750 653 786; x_wconf 71' lang='lat' dir='ltr'>navis</span> <span class='ocrx_word' id='word_1_77' title='bbox 675 750 734 786; x_wconf 90' lang='lat' dir='ltr'>illa</span> <span class='ocrx_word' id='word_1_78' title='bbox 755 763 844 787; x_wconf 89' lang='lat' dir='ltr'>cum</span> <span class='ocrx_word' id='word_1_79' title='bbox 878 751 1063 787; x_wconf 80' lang='lat' dir='ltr'>militibus</span> <span class='ocrx_word' id='word_1_80' title='bbox 1085 752 1160 788; x_wconf 76' lang='lat' dir='ltr'>suis</span> <span class='ocrx_word' id='word_1_81' title='bbox 1181 752 1216 787; x_wconf 92' lang='lat' dir='ltr'>in</span> <span class='ocrx_word' id='word_1_82' title='bbox 1239 759 1468 801; x_wconf 76' lang='lat' dir='ltr'>potestatem</span> <span class='ocrx_word' id='word_1_83' title='bbox 1506 752 1672 790; x_wconf 83' lang='lat' dir='ltr'>bostium</span> 
     </span>
     <span class='ocr_line' id='line_1_10' title="bbox 216 810 1674 864; baseline 0.005 -18"><span class='ocrx_word' id='word_1_84' title='bbox 216 810 363 850; x_wconf 84' lang='lat' dir='ltr'>venisse</span> <span class='ocrx_word' id='word_1_85' title='bbox 396 812 610 851; x_wconf 62' lang='lat' dir='ltr'>videbatur.</span> <span class='ocrx_word' id='word_1_86' title='bbox 686 814 756 851; x_wconf 80' lang='lat' dir='ltr'>His</span> <span class='ocrx_word' id='word_1_87' title='bbox 786 814 924 852; x_wconf 86' lang='lat' dir='ltr'>diebus</span> <span class='ocrx_word' id='word_1_88' title='bbox 957 822 1179 864; x_wconf 71' lang='lat' dir='ltr'>portentum</span> <span class='ocrx_word' id='word_1_89' title='bbox 1213 816 1436 853; x_wconf 71' lang='lat' dir='ltr'>admirabile</span> <span class='ocrx_word' id='word_1_90' title='bbox 1468 817 1502 852; x_wconf 92' lang='lat' dir='ltr'>iu</span> <span class='ocrx_word' id='word_1_91' title='bbox 1543 817 1674 854; x_wconf 81' lang='lat' dir='ltr'>castris</span> 
     </span>
     <span class='ocr_line' id='line_1_11' title="bbox 216 875 1675 930; baseline 0.003 -18"><span class='ocrx_word' id='word_1_92' title='bbox 216 875 378 913; x_wconf 79' lang='lat' dir='ltr'>Caesaris</span> <span class='ocrx_word' id='word_1_93' title='bbox 398 877 559 915; x_wconf 86' lang='lat' dir='ltr'>accidit.</span> <span class='ocrx_word' id='word_1_94' title='bbox 608 878 810 930; x_wconf 75' lang='lat' dir='ltr'>Not-turno</span> <span class='ocrx_word' id='word_1_95' title='bbox 832 885 1002 928; x_wconf 81' lang='lat' dir='ltr'>tempore</span> <span class='ocrx_word' id='word_1_96' title='bbox 1024 879 1174 916; x_wconf 76' lang='lat' dir='ltr'>nimbus</span> <span class='ocrx_word' id='word_1_97' title='bbox 1197 880 1349 928; x_wconf 82' lang='lat' dir='ltr'>lapideo</span> <span class='ocrx_word' id='word_1_98' title='bbox 1370 880 1490 916; x_wconf 81' lang='lat' dir='ltr'>imbre</span> <span class='ocrx_word' id='word_1_99' title='bbox 1511 880 1675 918; x_wconf 55' lang='lat' dir='ltr'>diffusus·</span> 
     </span>
     <span class='ocr_line' id='line_1_12' title="bbox 215 941 1677 991; baseline 0.003 -15"><span class='ocrx_word' id='word_1_100' title='bbox 215 946 288 984; x_wconf 82' lang='lat' dir='ltr'>est,</span> <span class='ocrx_word' id='word_1_101' title='bbox 319 941 508 991; x_wconf 86' lang='lat' dir='ltr'>simulque</span> <span class='ocrx_word' id='word_1_102' title='bbox 529 942 688 991; x_wconf 80' lang='lat' dir='ltr'>legionis</span> <span class='ocrx_word' id='word_1_103' title='bbox 708 943 820 980; x_wconf 89' lang='lat' dir='ltr'>unius</span> <span class='ocrx_word' id='word_1_104' title='bbox 841 943 1002 980; x_wconf 85' lang='lat' dir='ltr'>telorum</span> <span class='ocrx_word' id='word_1_105' title='bbox 1023 945 1262 981; x_wconf 72' lang='lat' dir='ltr'>summitates</span> <span class='ocrx_word' id='word_1_106' title='bbox 1281 957 1303 980; x_wconf 86' lang='lat' dir='ltr'>a</span> <span class='ocrx_word' id='word_1_107' title='bbox 1325 944 1471 981; x_wconf 80' lang='lat' dir='ltr'>nemine</span> <span class='ocrx_word' id='word_1_108' title='bbox 1492 943 1677 981; x_wconf 68' lang='lat' dir='ltr'>immissus</span> 
     </span>
     <span class='ocr_line' id='line_1_13' title="bbox 215 1004 1677 1060; baseline 0.003 -20"><span class='ocrx_word' id='word_1_109' title='bbox 215 1004 312 1053; x_wconf 83' lang='lat' dir='ltr'>ignis</span> <span class='ocrx_word' id='word_1_110' title='bbox 326 1008 601 1043; x_wconf 77' lang='lat' dir='ltr'>concremavit.</span> <span class='ocrx_word' id='word_1_111' title='bbox 656 1008 758 1046; x_wconf 81' lang='lat' dir='ltr'>Juba</span> <span class='ocrx_word' id='word_1_112' title='bbox 780 1022 857 1055; x_wconf 80' lang='lat' dir='ltr'>rex,</span> <span class='ocrx_word' id='word_1_113' title='bbox 879 1010 943 1058; x_wconf 86' lang='lat' dir='ltr'>qni</span> <span class='ocrx_word' id='word_1_114' title='bbox 964 1008 1110 1045; x_wconf 81' lang='lat' dir='ltr'>(ludum</span> <span class='ocrx_word' id='word_1_115' title='bbox 1135 1015 1332 1058; x_wconf 72' lang='lat' dir='ltr'>optaverat</span> <span class='ocrx_word' id='word_1_116' title='bbox 1352 1010 1388 1046; x_wconf 85' lang='lat' dir='ltr'>in</span> <span class='ocrx_word' id='word_1_117' title='bbox 1411 1018 1557 1060; x_wconf 81' lang='lat' dir='ltr'>partem</span> <span class='ocrx_word' id='word_1_118' title='bbox 1588 1009 1677 1047; x_wconf 75' lang='lat' dir='ltr'>betti</span> 
     </span>
     <span class='ocr_line' id='line_1_14' title="bbox 216 1069 1678 1124; baseline 0.003 -18"><span class='ocrx_word' id='word_1_119' title='bbox 216 1069 358 1114; x_wconf 70' lang='lat' dir='ltr'>venire,</span> <span class='ocrx_word' id='word_1_120' title='bbox 392 1077 429 1106; x_wconf 86' lang='lat' dir='ltr'>et</span> <span class='ocrx_word' id='word_1_121' title='bbox 450 1070 580 1118; x_wconf 77' lang='lat' dir='ltr'>copias</span> <span class='ocrx_word' id='word_1_122' title='bbox 614 1084 701 1108; x_wconf 89' lang='lat' dir='ltr'>suas</span> <span class='ocrx_word' id='word_1_123' title='bbox 732 1086 821 1109; x_wconf 84' lang='lat' dir='ltr'>cuin</span> <span class='ocrx_word' id='word_1_124' title='bbox 844 1073 1020 1122; x_wconf 66' lang='lat' dir='ltr'>Scipione</span> <span class='ocrx_word' id='word_1_125' title='bbox 1040 1073 1286 1122; x_wconf 76' lang='lat' dir='ltr'>conjungere,</span> <span class='ocrx_word' id='word_1_126' title='bbox 1322 1074 1435 1124; x_wconf 62' lang='lat'><strong>[233]</strong></span> <span class='ocrx_word' id='word_1_127' title='bbox 1470 1074 1537 1111; x_wconf 84' lang='lat' dir='ltr'>sed</span> <span class='ocrx_word' id='word_1_128' title='bbox 1571 1073 1678 1110; x_wconf 83' lang='lat' dir='ltr'>bellis</span> 
     </span>
     <span class='ocr_line' id='line_1_15' title="bbox 216 1134 1679 1188; baseline 0.004 -19"><span class='ocrx_word' id='word_1_129' title='bbox 216 1134 384 1183; x_wconf 85' lang='lat' dir='ltr'>propriis</span> <span class='ocrx_word' id='word_1_130' title='bbox 404 1134 588 1184; x_wconf 85' lang='lat' dir='ltr'>regnique</span> <span class='ocrx_word' id='word_1_131' title='bbox 609 1135 808 1174; x_wconf 80' lang='lat' dir='ltr'>laboribus</span> <span class='ocrx_word' id='word_1_132' title='bbox 827 1145 1042 1181; x_wconf 83' lang='lat' dir='ltr'>revocatus,</span> <span class='ocrx_word' id='word_1_133' title='bbox 1061 1138 1200 1188; x_wconf 71' lang='lat' dir='ltr'>coeptis</span> <span class='ocrx_word' id='word_1_134' title='bbox 1220 1138 1443 1175; x_wconf 85' lang='lat' dir='ltr'>abstiterat:</span> <span class='ocrx_word' id='word_1_135' title='bbox 1477 1138 1574 1175; x_wconf 83' lang='lat' dir='ltr'>venit</span> <span class='ocrx_word' id='word_1_136' title='bbox 1597 1146 1679 1175; x_wconf 83' lang='lat' dir='ltr'>tan·</span> 
     </span>
     <span class='ocr_line' id='line_1_16' title="bbox 215 1197 1678 1247; baseline 0.003 -13"><span class='ocrx_word' id='word_1_137' title='bbox 215 1197 304 1236; x_wconf 69' lang='lat' dir='ltr'>ilem</span> <span class='ocrx_word' id='word_1_138' title='bbox 327 1212 414 1236; x_wconf 86' lang='lat' dir='ltr'>cum</span> <span class='ocrx_word' id='word_1_139' title='bbox 449 1199 590 1247; x_wconf 75' lang='lat' dir='ltr'>ingenti</span> <span class='ocrx_word' id='word_1_140' title='bbox 612 1200 807 1238; x_wconf 86' lang='lat' dir='ltr'>hominnm</span> <span class='ocrx_word' id='word_1_141' title='bbox 830 1201 1096 1239; x_wconf 81' lang='lat' dir='ltr'>multitudine:</span> <span class='ocrx_word' id='word_1_142' title='bbox 1130 1215 1256 1239; x_wconf 81' lang='lat' dir='ltr'>verum</span> <span class='ocrx_word' id='word_1_143' title='bbox 1279 1214 1355 1238; x_wconf 91' lang='lat' dir='ltr'>non</span> <span class='ocrx_word' id='word_1_144' title='bbox 1376 1202 1412 1238; x_wconf 90' lang='lat' dir='ltr'>in</span> <span class='ocrx_word' id='word_1_145' title='bbox 1435 1214 1592 1239; x_wconf 84' lang='lat' dir='ltr'>numero</span> <span class='ocrx_word' id='word_1_146' title='bbox 1611 1202 1678 1240; x_wconf 78' lang='lat' dir='ltr'>sed</span> 
     </span>
     <span class='ocr_line' id='line_1_17' title="bbox 217 1262 1678 1317; baseline 0.003 -18"><span class='ocrx_word' id='word_1_147' title='bbox 217 1263 253 1299; x_wconf 90' lang='lat' dir='ltr'>in</span> <span class='ocrx_word' id='word_1_148' title='bbox 275 1262 416 1300; x_wconf 80' lang='lat' dir='ltr'>virtute</span> <span class='ocrx_word' id='word_1_149' title='bbox 445 1264 606 1301; x_wconf 88' lang='lat' dir='ltr'>militum</span> <span class='ocrx_word' id='word_1_150' title='bbox 631 1266 846 1303; x_wconf 77' lang='lat' dir='ltr'>victoriaet</span> <span class='ocrx_word' id='word_1_151' title='bbox 867 1266 953 1303; x_wconf 86' lang='lat' dir='ltr'>belli</span> <span class='ocrx_word' id='word_1_152' title='bbox 989 1266 1105 1317; x_wconf 76' lang='lat' dir='ltr'>gloria</span> <span class='ocrx_word' id='word_1_153' title='bbox 1137 1267 1209 1304; x_wconf 82' lang='lat' dir='ltr'>sita</span> <span class='ocrx_word' id='word_1_154' title='bbox 1242 1272 1321 1304; x_wconf 87' lang='lat' dir='ltr'>est:</span> <span class='ocrx_word' id='word_1_155' title='bbox 1353 1266 1418 1303; x_wconf 91' lang='lat' dir='ltr'>din</span> <span class='ocrx_word' id='word_1_156' title='bbox 1451 1272 1678 1316; x_wconf 79' lang='lat' dir='ltr'>expectatus</span> 
     </span>
     <span class='ocr_line' id='line_1_18' title="bbox 216 1327 1680 1380; baseline 0.003 -17"><span class='ocrx_word' id='word_1_157' title='bbox 216 1327 331 1376; x_wconf 72' lang='lat' dir='ltr'>igitur</span> <span class='ocrx_word' id='word_1_158' title='bbox 350 1329 475 1364; x_wconf 83' lang='lat' dir='ltr'>³²cum</span> <span class='ocrx_word' id='word_1_159' title='bbox 498 1328 569 1365; x_wconf 84' lang='lat' dir='ltr'>fuit</span> <span class='ocrx_word' id='word_1_160' title='bbox 589 1328 790 1374; x_wconf 79' lang='lat' dir='ltr'>adventus,</span> <span class='ocrx_word' id='word_1_161' title='bbox 826 1343 963 1379; x_wconf 80' lang='lat' dir='ltr'>magna</span> <span class='ocrx_word' id='word_1_162' title='bbox 983 1343 1072 1367; x_wconf 89' lang='lat' dir='ltr'>cum</span> <span class='ocrx_word' id='word_1_163' title='bbox 1095 1342 1163 1380; x_wconf 85' lang='lat' dir='ltr'>spe</span> <span class='ocrx_word' id='word_1_164' title='bbox 1197 1335 1312 1379; x_wconf 85' lang='lat' dir='ltr'>atque</span> <span class='ocrx_word' id='word_1_165' title='bbox 1333 1329 1513 1379; x_wconf 84' lang='lat' dir='ltr'>opinione</span> <span class='ocrx_word' id='word_1_166' title='bbox 1536 1330 1680 1367; x_wconf 80' lang='lat' dir='ltr'>Roma·</span> 
     </span>
     <span class='ocr_line' id='line_1_19' title="bbox 217 1394 1679 1444; baseline 0.002 -17"><span class='ocrx_word' id='word_1_167' title='bbox 217 1404 379 1428; x_wconf 86' lang='lat' dir='ltr'>norum:</span> <span class='ocrx_word' id='word_1_168' title='bbox 412 1405 499 1429; x_wconf 84' lang='lat' dir='ltr'>mox</span> <span class='ocrx_word' id='word_1_169' title='bbox 521 1399 562 1429; x_wconf 91' lang='lat' dir='ltr'>ut</span> <span class='ocrx_word' id='word_1_170' title='bbox 581 1394 696 1438; x_wconf 85' lang='lat' dir='ltr'>venit,</span> <span class='ocrx_word' id='word_1_171' title='bbox 732 1407 820 1431; x_wconf 82' lang='lat' dir='ltr'>cum</span> <span class='ocrx_word' id='word_1_172' title='bbox 842 1395 989 1444; x_wconf 76' lang='lat' dir='ltr'>stupori</span> <span class='ocrx_word' id='word_1_173' title='bbox 1012 1394 1148 1439; x_wconf 80' lang='lat' dir='ltr'>fuerat,</span> <span class='ocrx_word' id='word_1_174' title='bbox 1170 1394 1289 1444; x_wconf 87' lang='lat' dir='ltr'>coepit</span> <span class='ocrx_word' id='word_1_175' title='bbox 1308 1407 1390 1431; x_wconf 85' lang='lat' dir='ltr'>esse</span> <span class='ocrx_word' id='word_1_176' title='bbox 1410 1394 1651 1444; x_wconf 83' lang='lat' dir='ltr'>contemptui</span> <span class='ocrx_word' id='word_1_177' title='bbox 1672 1406 1679 1428; x_wconf 76' lang='lat' dir='ltr'>z</span> 
     </span>
     <span class='ocr_line' id='line_1_20' title="bbox 216 1456 1679 1509; baseline 0.001 -16"><span class='ocrx_word' id='word_1_178' title='bbox 216 1456 388 1507; x_wconf 79' lang='lat' dir='ltr'>fecitque</span> <span class='ocrx_word' id='word_1_179' title='bbox 425 1459 632 1507; x_wconf 76' lang='lat' dir='ltr'>33potentia</span> <span class='ocrx_word' id='word_1_180' title='bbox 660 1459 765 1509; x_wconf 87' lang='lat' dir='ltr'>quod</span> <span class='ocrx_word' id='word_1_181' title='bbox 802 1459 912 1496; x_wconf 83' lang='lat' dir='ltr'>solita</span> <span class='ocrx_word' id='word_1_182' title='bbox 943 1465 1013 1503; x_wconf 84' lang='lat' dir='ltr'>est,</span> <span class='ocrx_word' id='word_1_183' title='bbox 1047 1459 1317 1496; x_wconf 81' lang='lat' dir='ltr'>auctoritatem</span> <span class='ocrx_word' id='word_1_184' title='bbox 1343 1464 1380 1494; x_wconf 90' lang='lat' dir='ltr'>et</span> <span class='ocrx_word' id='word_1_185' title='bbox 1413 1457 1548 1494; x_wconf 80' lang='lat' dir='ltr'>famam</span> <span class='ocrx_word' id='word_1_186' title='bbox 1582 1458 1679 1507; x_wconf 79' lang='lat' dir='ltr'>regis</span> 
     </span>
     <span class='ocr_line' id='line_1_21' title="bbox 217 1521 1680 1568; baseline 0.001 -11"><span class='ocrx_word' id='word_1_187' title='bbox 217 1521 418 1560; x_wconf 83' lang='lat' dir='ltr'>imminuit.</span> <span class='ocrx_word' id='word_1_188' title='bbox 493 1524 623 1560; x_wconf 63' lang='lat' dir='ltr'>Caesar</span> <span class='ocrx_word' id='word_1_189' title='bbox 657 1536 758 1567; x_wconf 79' lang='lat' dir='ltr'>vei-0,</span> <span class='ocrx_word' id='word_1_190' title='bbox 800 1524 879 1568; x_wconf 90' lang='lat' dir='ltr'>ubi,</span> <span class='ocrx_word' id='word_1_191' title='bbox 919 1523 1066 1561; x_wconf 82' lang='lat' dir='ltr'>coactis</span> <span class='ocrx_word' id='word_1_192' title='bbox 1108 1535 1223 1560; x_wconf 89' lang='lat' dir='ltr'>unum</span> <span class='ocrx_word' id='word_1_193' title='bbox 1258 1522 1294 1558; x_wconf 88' lang='lat' dir='ltr'>in</span> <span class='ocrx_word' id='word_1_194' title='bbox 1336 1522 1462 1558; x_wconf 75' lang='lat' dir='ltr'>locum</span> <span class='ocrx_word' id='word_1_195' title='bbox 1502 1522 1680 1559; x_wconf 80' lang='lat' dir='ltr'>omnibus</span> 
     </span>
     <span class='ocr_line' id='line_1_22' title="bbox 219 1585 1682 1638; baseline 0.001 -17"><span class='ocrx_word' id='word_1_196' title='bbox 219 1585 425 1623; x_wconf 71' lang='lat' dir='ltr'>hostium³⁴</span> <span class='ocrx_word' id='word_1_197' title='bbox 445 1586 630 1624; x_wconf 79' lang='lat' dir='ltr'>intellexit</span> <span class='ocrx_word' id='word_1_198' title='bbox 652 1588 793 1624; x_wconf 88' lang='lat' dir='ltr'>nullam</span> <span class='ocrx_word' id='word_1_199' title='bbox 819 1587 921 1624; x_wconf 85' lang='lat' dir='ltr'>bello</span> <span class='ocrx_word' id='word_1_200' title='bbox 947 1587 1112 1638; x_wconf 83' lang='lat' dir='ltr'>amplius</span> <span class='ocrx_word' id='word_1_201' title='bbox 1133 1599 1276 1623; x_wconf 87' lang='lat' dir='ltr'>moram</span> <span class='ocrx_word' id='word_1_202' title='bbox 1300 1585 1390 1629; x_wconf 74' lang='lat' dir='ltr'>fore,</span> <span class='ocrx_word' id='word_1_203' title='bbox 1416 1585 1584 1622; x_wconf 81' lang='lat' dir='ltr'>omnium</span> <span class='ocrx_word' id='word_1_204' title='bbox 1607 1598 1682 1636; x_wconf 86' lang='lat' dir='ltr'>ope</span> 
     </span>
     <span class='ocr_line' id='line_1_23' title="bbox 218 1649 1683 1702; baseline 0.001 -16"><span class='ocrx_word' id='word_1_205' title='bbox 218 1662 258 1686; x_wconf 86' lang='lat' dir='ltr'>se</span> <span class='ocrx_word' id='word_1_206' title='bbox 273 1649 320 1686; x_wconf 79' lang='lat' dir='ltr'>ad</span> <span class='ocrx_word' id='word_1_207' title='bbox 345 1650 484 1687; x_wconf 89' lang='lat' dir='ltr'>bellum</span> <span class='ocrx_word' id='word_1_208' title='bbox 508 1659 616 1701; x_wconf 82' lang='lat' dir='ltr'>parat</span> <span class='ocrx_word' id='word_1_209' title='bbox 635 1665 642 1688; x_wconf 94' lang='lat'><strong>:</strong></span> <span class='ocrx_word' id='word_1_210' title='bbox 676 1652 914 1702; x_wconf 83' lang='lat' dir='ltr'>contigitque</span> <span class='ocrx_word' id='word_1_211' title='bbox 931 1658 972 1690; x_wconf 92' lang='lat' dir='ltr'>ut</span> <span class='ocrx_word' id='word_1_212' title='bbox 992 1653 1144 1689; x_wconf 87' lang='lat' dir='ltr'>Caesare</span> <span class='ocrx_word' id='word_1_213' title='bbox 1165 1664 1252 1688; x_wconf 88' lang='lat' dir='ltr'>cum</span> <span class='ocrx_word' id='word_1_214' title='bbox 1271 1649 1488 1700; x_wconf 77' lang='lat' dir='ltr'>legionibus</span> <span class='ocrx_word' id='word_1_215' title='bbox 1511 1662 1683 1700; x_wconf 76' lang='lat' dir='ltr'>progres-</span> 
     </span>
     <span class='ocr_line' id='line_1_24' title="bbox 218 1713 1684 1765; baseline 0 -14"><span class='ocrx_word' id='word_1_216' title='bbox 218 1726 274 1759; x_wconf 87' lang='lat' dir='ltr'>so,</span> <span class='ocrx_word' id='word_1_217' title='bbox 290 1715 394 1752; x_wconf 81' lang='lat' dir='ltr'>Juba</span> <span class='ocrx_word' id='word_1_218' title='bbox 409 1722 447 1752; x_wconf 79' lang='lat' dir='ltr'>et</span> <span class='ocrx_word' id='word_1_219' title='bbox 463 1716 595 1765; x_wconf 80' lang='lat' dir='ltr'>Scipio</span> <span class='ocrx_word' id='word_1_220' title='bbox 617 1716 728 1754; x_wconf 89' lang='lat' dir='ltr'>simul</span> <span class='ocrx_word' id='word_1_221' title='bbox 749 1723 787 1753; x_wconf 87' lang='lat' dir='ltr'>ct</span> <span class='ocrx_word' id='word_1_222' title='bbox 805 1716 997 1753; x_wconf 78' lang='lat' dir='ltr'>Labienus</span> <span class='ocrx_word' id='word_1_223' title='bbox 1018 1728 1167 1754; x_wconf 81' lang='lat' dir='ltr'>summa</span> <span class='ocrx_word' id='word_1_224' title='bbox 1188 1715 1223 1751; x_wconf 64' lang='lat' dir='ltr'>xi</span> <span class='ocrx_word' id='word_1_225' title='bbox 1242 1715 1454 1764; x_wconf 82' lang='lat' dir='ltr'>equitatum</span> <span class='ocrx_word' id='word_1_226' title='bbox 1473 1713 1557 1762; x_wconf 84' lang='lat' dir='ltr'>ejus</span> <span class='ocrx_word' id='word_1_227' title='bbox 1580 1714 1684 1751; x_wconf 82' lang='lat' dir='ltr'>inva-</span> 
     </span>
     <span class='ocr_line' id='line_1_25' title="bbox 219 1777 1684 1829; baseline -0.001 -14"><span class='ocrx_word' id='word_1_228' title='bbox 219 1778 377 1817; x_wconf 67' lang='lat' dir='ltr'>mrem:</span> <span class='ocrx_word' id='word_1_229' title='bbox 411 1780 516 1829; x_wconf 88' lang='lat' dir='ltr'>quod</span> <span class='ocrx_word' id='word_1_230' title='bbox 554 1781 616 1817; x_wconf 90' lang='lat' dir='ltr'>ille</span> <span class='ocrx_word' id='word_1_231' title='bbox 637 1782 801 1818; x_wconf 85' lang='lat' dir='ltr'>sentiens</span> <span class='ocrx_word' id='word_1_232' title='bbox 824 1795 869 1818; x_wconf 77' lang='lat' dir='ltr'>ex</span> <span class='ocrx_word' id='word_1_233' title='bbox 900 1781 1032 1818; x_wconf 85' lang='lat' dir='ltr'>itinere</span> <span class='ocrx_word' id='word_1_234' title='bbox 1055 1780 1168 1817; x_wconf 84' lang='lat' dir='ltr'>versis</span> <span class='ocrx_word' id='word_1_235' title='bbox 1189 1786 1289 1817; x_wconf 87' lang='lat' dir='ltr'>retro</span> <span class='ocrx_word' id='word_1_236' title='bbox 1311 1779 1448 1829; x_wconf 75' lang='lat' dir='ltr'>copiis,</span> <span class='ocrx_word' id='word_1_237' title='bbox 1473 1777 1554 1827; x_wconf 82' lang='lat' dir='ltr'>jam</span> <span class='ocrx_word' id='word_1_238' title='bbox 1578 1784 1684 1828; x_wconf 80' lang='lat' dir='ltr'>terga</span> 
     </span>
     <span class='ocr_line' id='line_1_26' title="bbox 219 1842 1685 1895; baseline 0 -16"><span class='ocrx_word' id='word_1_239' title='bbox 219 1844 456 1881; x_wconf 75' lang='lat' dir='ltr'>vertentibus</span> <span class='ocrx_word' id='word_1_240' title='bbox 477 1859 588 1895; x_wconf 83' lang='lat' dir='ltr'>opem</span> <span class='ocrx_word' id='word_1_241' title='bbox 617 1846 727 1883; x_wconf 84' lang='lat' dir='ltr'>tulit:</span> <span class='ocrx_word' id='word_1_242' title='bbox 759 1859 834 1895; x_wconf 84' lang='lat' dir='ltr'>qua</span> <span class='ocrx_word' id='word_1_243' title='bbox 855 1845 994 1883; x_wconf 85' lang='lat' dir='ltr'>firmati</span> <span class='ocrx_word' id='word_1_244' title='bbox 1025 1845 1257 1890; x_wconf 83' lang='lat' dir='ltr'>restiterunt,</span> <span class='ocrx_word' id='word_1_245' title='bbox 1291 1851 1330 1881; x_wconf 85' lang='lat' dir='ltr'>et</span> <span class='ocrx_word' id='word_1_246' title='bbox 1362 1842 1550 1881; x_wconf 84' lang='lat' dir='ltr'>Numidas</span> <span class='ocrx_word' id='word_1_247' title='bbox 1585 1843 1685 1880; x_wconf 85' lang='lat' dir='ltr'>inse-</span> 
     </span>
     <span class='ocr_line' id='line_1_27' title="bbox 221 1905 1683 1960; baseline 0 -18"><span class='ocrx_word' id='word_1_248' title='bbox 221 1915 379 1956; x_wconf 80' lang='lat' dir='ltr'>quentes</span> <span class='ocrx_word' id='word_1_249' title='bbox 410 1910 608 1947; x_wconf 74' lang='lat' dir='ltr'>³⁵1nititat0</span> <span class='ocrx_word' id='word_1_250' title='bbox 640 1917 743 1948; x_wconf 83' lang='lat' dir='ltr'>statu</span> <span class='ocrx_word' id='word_1_251' title='bbox 778 1911 916 1960; x_wconf 82' lang='lat' dir='ltr'>proelio</span> <span class='ocrx_word' id='word_1_252' title='bbox 951 1911 1146 1955; x_wconf 78' lang='lat' dir='ltr'>fuderunt,</span> <span class='ocrx_word' id='word_1_253' title='bbox 1182 1909 1386 1959; x_wconf 81' lang='lat' dir='ltr'>multisque</span> <span class='ocrx_word' id='word_1_254' title='bbox 1417 1920 1550 1945; x_wconf 84' lang='lat' dir='ltr'>eorum</span> <span class='ocrx_word' id='word_1_255' title='bbox 1573 1905 1683 1944; x_wconf 72' lang='lat' dir='ltr'>caesis</span> 
     </span>
     <span class='ocr_line' id='line_1_28' title="bbox 221 1970 1683 2025; baseline -0.001 -17"><span class='ocrx_word' id='word_1_256' title='bbox 221 1971 258 2008; x_wconf 89' lang='lat' dir='ltr'>in</span> <span class='ocrx_word' id='word_1_257' title='bbox 280 1979 402 2009; x_wconf 78' lang='lat' dir='ltr'>castra</span> <span class='ocrx_word' id='word_1_258' title='bbox 423 1973 634 2023; x_wconf 80' lang='lat' dir='ltr'>confugere</span> <span class='ocrx_word' id='word_1_259' title='bbox 654 1979 878 2025; x_wconf 78' lang='lat' dir='ltr'>coegerunt.</span> <span class='ocrx_word' id='word_1_260' title='bbox 928 1975 975 2011; x_wconf 90' lang='lat' dir='ltr'>Et</span> <span class='ocrx_word' id='word_1_261' title='bbox 997 1975 1065 2011; x_wconf 89' lang='lat' dir='ltr'>nisi</span> <span class='ocrx_word' id='word_1_262' title='bbox 1087 1988 1161 2011; x_wconf 82' lang='lat' dir='ltr'>nox</span> <span class='ocrx_word' id='word_1_263' title='bbox 1185 1972 1456 2023; x_wconf 82' lang='lat' dir='ltr'>superveniens</span> <span class='ocrx_word' id='word_1_264' title='bbox 1480 1970 1683 2019; x_wconf 56' lang='lat' dir='ltr'>pulsisque</span> 
     </span>
     <span class='ocr_line' id='line_1_29' title="bbox 223 2034 1683 2088; baseline 0.001 -19"><span class='ocrx_word' id='word_1_265' title='bbox 223 2042 336 2073; x_wconf 69' lang='lat' dir='ltr'>vento</span> <span class='ocrx_word' id='word_1_266' title='bbox 358 2036 486 2073; x_wconf 80' lang='lat' dir='ltr'>valido</span> <span class='ocrx_word' id='word_1_267' title='bbox 508 2037 694 2087; x_wconf 87' lang='lat' dir='ltr'>impulsus</span> <span class='ocrx_word' id='word_1_268' title='bbox 725 2038 988 2088; x_wconf 73' lang='lat' dir='ltr'>pugnantibus</span> <span class='ocrx_word' id='word_1_269' title='bbox 1009 2037 1237 2080; x_wconf 84' lang='lat' dir='ltr'>obstitisset,</span> <span class='ocrx_word' id='word_1_270' title='bbox 1272 2048 1407 2085; x_wconf 85' lang='lat' dir='ltr'>parum</span> <span class='ocrx_word' id='word_1_271' title='bbox 1429 2034 1555 2071; x_wconf 76' lang='lat' dir='ltr'>abfuit</span> <span class='ocrx_word' id='word_1_272' title='bbox 1591 2034 1683 2083; x_wconf 90' lang='lat' dir='ltr'>quin</span> 
     </span>
     <span class='ocr_line' id='line_1_30' title="bbox 220 2099 1686 2151; baseline -0.001 -15"><span class='ocrx_word' id='word_1_273' title='bbox 220 2099 321 2137; x_wconf 83' lang='lat' dir='ltr'>Juba</span> <span class='ocrx_word' id='word_1_274' title='bbox 343 2113 430 2138; x_wconf 88' lang='lat' dir='ltr'>cum</span> <span class='ocrx_word' id='word_1_275' title='bbox 456 2101 638 2146; x_wconf 66' lang='lat' dir='ltr'>habit-no,</span> <span class='ocrx_word' id='word_1_276' title='bbox 661 2114 847 2151; x_wconf 82' lang='lat' dir='ltr'>oppresso</span> <span class='ocrx_word' id='word_1_277' title='bbox 879 2101 983 2139; x_wconf 90' lang='lat' dir='ltr'>omni</span> <span class='ocrx_word' id='word_1_278' title='bbox 1013 2100 1172 2138; x_wconf 62' lang='grc' dir='ltr'>3ὓιῈιἹιιιι</span> <span class='ocrx_word' id='word_1_279' title='bbox 1193 2100 1382 2150; x_wconf 82' lang='lat' dir='ltr'>equitatu,</span> <span class='ocrx_word' id='word_1_280' title='bbox 1403 2107 1438 2136; x_wconf 91' lang='lat' dir='ltr'>et</span> <span class='ocrx_word' id='word_1_281' title='bbox 1458 2105 1686 2147; x_wconf 72' lang='lat' dir='ltr'>consumpta</span> 
     </span>
     <span class='ocr_line' id='line_1_31' title="bbox 221 2162 1685 2211; baseline -0.002 -11"><span class='ocrx_word' id='word_1_282' title='bbox 221 2171 301 2201; x_wconf 82' lang='lat' dir='ltr'>tota</span> <span class='ocrx_word' id='word_1_283' title='bbox 331 2164 402 2201; x_wconf 85' lang='lat' dir='ltr'>levi</span> <span class='ocrx_word' id='word_1_284' title='bbox 435 2172 642 2211; x_wconf 82' lang='lat' dir='ltr'>armatura,</span> <span class='ocrx_word' id='word_1_285' title='bbox 676 2166 713 2203; x_wconf 92' lang='lat' dir='ltr'>in</span> <span class='ocrx_word' id='word_1_286' title='bbox 735 2166 894 2204; x_wconf 79' lang='lat' dir='ltr'>Caesaris</span> <span class='ocrx_word' id='word_1_287' title='bbox 917 2179 1050 2203; x_wconf 79' lang='lat' dir='ltr'>manus</span> <span class='ocrx_word' id='word_1_288' title='bbox 1086 2164 1352 2203; x_wconf 76' lang='lat' dir='ltr'>3⁷inciderunt.</span> <span class='ocrx_word' id='word_1_289' title='bbox 1413 2162 1528 2199; x_wconf 86' lang='lat' dir='ltr'>Multi</span> <span class='ocrx_word' id='word_1_290' title='bbox 1559 2169 1685 2199; x_wconf 82' lang='lat' dir='ltr'>tamen</span> 
     </span>
     <span class='ocr_line' id='line_1_32' title="bbox 221 2225 1686 2268; baseline -0.002 -4"><span class='ocrx_word' id='word_1_291' title='bbox 221 2228 342 2266; x_wconf 83' lang='lat' dir='ltr'>indies</span> <span class='ocrx_word' id='word_1_292' title='bbox 364 2230 410 2267; x_wconf 84' lang='lat' dir='ltr'>(le</span> <span class='ocrx_word' id='word_1_293' title='bbox 440 2230 610 2268; x_wconf 84' lang='lat' dir='ltr'>exercitu</span> <span class='ocrx_word' id='word_1_294' title='bbox 646 2230 812 2268; x_wconf 77' lang='lat' dir='ltr'>hostium</span> <span class='ocrx_word' id='word_1_295' title='bbox 847 2229 895 2267; x_wconf 81' lang='lat' dir='ltr'>ad</span> <span class='ocrx_word' id='word_1_296' title='bbox 934 2229 1095 2268; x_wconf 61' lang='lat' dir='ltr'>Ctesaris</span> <span class='ocrx_word' id='word_1_297' title='bbox 1130 2236 1255 2266; x_wconf 76' lang='lat' dir='ltr'>casim</span> <span class='ocrx_word' id='word_1_298' title='bbox 1289 2226 1518 2264; x_wconf 80' lang='lat' dir='ltr'>transibant.</span> <span class='ocrx_word' id='word_1_299' title='bbox 1577 2225 1686 2263; x_wconf 87' lang='lat' dir='ltr'>Sicut</span> 
     </span>
     <span class='ocr_line' id='line_1_33' title="bbox 220 2289 1683 2345; baseline -0.001 -17"><span class='ocrx_word' id='word_1_300' title='bbox 220 2300 346 2330; x_wconf 82' lang='lat' dir='ltr'>antem</span> <span class='ocrx_word' id='word_1_301' title='bbox 383 2295 453 2332; x_wconf 82' lang='lat' dir='ltr'>bac</span> <span class='ocrx_word' id='word_1_302' title='bbox 475 2295 533 2332; x_wconf 85' lang='lat' dir='ltr'>via</span> <span class='ocrx_word' id='word_1_303' title='bbox 565 2295 649 2343; x_wconf 77' lang='lat' dir='ltr'>ejus</span> <span class='ocrx_word' id='word_1_304' title='bbox 681 2295 873 2333; x_wconf 83' lang='lat' dir='ltr'>exercitus</span> <span class='ocrx_word' id='word_1_305' title='bbox 908 2295 1135 2345; x_wconf 83' lang='lat' dir='ltr'>augebatur,</span> <span class='ocrx_word' id='word_1_306' title='bbox 1175 2293 1227 2330; x_wconf 88' lang='lat' dir='ltr'>sic</span> <span class='ocrx_word' id='word_1_307' title='bbox 1258 2292 1378 2329; x_wconf 79' lang='lat' dir='ltr'>altera</span> <span class='ocrx_word' id='word_1_308' title='bbox 1412 2289 1683 2326; x_wconf 82' lang='lat' dir='ltr'>minuebatur:</span> 
     </span>
     <span class='ocr_line' id='line_1_34' title="bbox 221 2352 1687 2406; baseline -0.003 -14"><span class='ocrx_word' id='word_1_309' title='bbox 221 2357 398 2406; x_wconf 82' lang='lat' dir='ltr'>quamvis</span> <span class='ocrx_word' id='word_1_310' title='bbox 420 2359 561 2395; x_wconf 78' lang='lat' dir='ltr'>multos</span> <span class='ocrx_word' id='word_1_311' title='bbox 582 2365 621 2396; x_wconf 85' lang='lat' dir='ltr'>et</span> <span class='ocrx_word' id='word_1_312' title='bbox 642 2359 857 2397; x_wconf 85' lang='lat' dir='ltr'>nominatos</span> <span class='ocrx_word' id='word_1_313' title='bbox 879 2373 945 2396; x_wconf 79' lang='lat' dir='ltr'>seu</span> <span class='ocrx_word' id='word_1_314' title='bbox 968 2359 1179 2402; x_wconf 70' lang='lat' dir='ltr'>seditiosos,</span> <span class='ocrx_word' id='word_1_315' title='bbox 1215 2370 1280 2393; x_wconf 85' lang='lat' dir='ltr'>seu</span> <span class='ocrx_word' id='word_1_316' title='bbox 1301 2367 1471 2405; x_wconf 71' lang='lat' dir='ltr'>rapaces,</span> <span class='ocrx_word' id='word_1_317' title='bbox 1507 2366 1572 2390; x_wconf 83' lang='lat' dir='ltr'>seu</span> <span class='ocrx_word' id='word_1_318' title='bbox 1593 2352 1687 2389; x_wconf 91' lang='lat' dir='ltr'>invi-</span> 
     </span>
     <span class='ocr_line' id='line_1_35' title="bbox 219 2419 1688 2467; baseline -0.001 -11"><span class='ocrx_word' id='word_1_319' title='bbox 219 2421 303 2464; x_wconf 80' lang='lat' dir='ltr'>dos,</span> <span class='ocrx_word' id='word_1_320' title='bbox 327 2434 393 2458; x_wconf 82' lang='lat' dir='ltr'>sen</span> <span class='ocrx_word' id='word_1_321' title='bbox 414 2422 522 2459; x_wconf 85' lang='lat' dir='ltr'>aliter</span> <span class='ocrx_word' id='word_1_322' title='bbox 547 2423 698 2460; x_wconf 88' lang='lat' dir='ltr'>inutiles</span> <span class='ocrx_word' id='word_1_323' title='bbox 722 2423 820 2460; x_wconf 86' lang='lat' dir='ltr'>bello</span> <span class='ocrx_word' id='word_1_324' title='bbox 844 2423 956 2467; x_wconf 75' lang='lat' dir='ltr'>viros,</span> <span class='ocrx_word' id='word_1_325' title='bbox 973 2429 1126 2460; x_wconf 78' lang='lat' dir='ltr'>notatos</span> <span class='ocrx_word' id='word_1_326' title='bbox 1146 2419 1299 2457; x_wconf 81' lang='lat' dir='ltr'>infamia</span> <span class='ocrx_word' id='word_1_327' title='bbox 1320 2431 1341 2455; x_wconf 86' lang='lat' dir='ltr'>a</span> <span class='ocrx_word' id='word_1_328' title='bbox 1363 2431 1399 2454; x_wconf 76' lang='lat' dir='ltr'>se</span> <span class='ocrx_word' id='word_1_329' title='bbox 1417 2430 1563 2466; x_wconf 85' lang='lat' dir='ltr'>suoque</span> <span class='ocrx_word' id='word_1_330' title='bbox 1583 2428 1688 2454; x_wconf 76' lang='lat' dir='ltr'>exet-</span> 
     </span>
     <span class='ocr_line' id='line_1_36' title="bbox 222 2479 1687 2535; baseline -0.003 -13"><span class='ocrx_word' id='word_1_331' title='bbox 222 2485 302 2522; x_wconf 74' lang='lat' dir='ltr'>citu</span> <span class='ocrx_word' id='word_1_332' title='bbox 324 2485 518 2522; x_wconf 81' lang='lat' dir='ltr'>abdicavit</span> <span class='ocrx_word' id='word_1_333' title='bbox 538 2501 546 2529; x_wconf 91' lang='lat'>;</span> <span class='ocrx_word' id='word_1_334' title='bbox 579 2494 696 2535; x_wconf 82' lang='lat' dir='ltr'>atque</span> <span class='ocrx_word' id='word_1_335' title='bbox 718 2487 822 2524; x_wconf 86' lang='lat' dir='ltr'>abire</span> <span class='ocrx_word' id='word_1_336' title='bbox 845 2486 1048 2524; x_wconf 83' lang='lat' dir='ltr'>confestim</span> <span class='ocrx_word' id='word_1_337' title='bbox 1069 2485 1189 2535; x_wconf 75' lang='lat' dir='ltr'>jussit</span> <span class='ocrx_word' id='word_1_338' title='bbox 1208 2497 1253 2521; x_wconf 82' lang='lat' dir='ltr'>ex</span> <span class='ocrx_word' id='word_1_339' title='bbox 1278 2482 1423 2527; x_wconf 77' lang='lat' dir='ltr'>Africa,</span> <span class='ocrx_word' id='word_1_340' title='bbox 1452 2479 1687 2518; x_wconf 82' lang='lat' dir='ltr'>centurioni-</span> 
     </span>
     <span class='ocr_line' id='line_1_37' title="bbox 225 2544 1685 2601; baseline -0.003 -16"><span class='ocrx_word' id='word_1_341' title='bbox 225 2549 294 2585; x_wconf 88' lang='lat' dir='ltr'>bus</span> <span class='ocrx_word' id='word_1_342' title='bbox 317 2549 470 2596; x_wconf 73' lang='lat' dir='ltr'>trffllita,</span> <span class='ocrx_word' id='word_1_343' title='bbox 488 2550 554 2600; x_wconf 88' lang='lat' dir='ltr'>qni</span> <span class='ocrx_word' id='word_1_344' title='bbox 574 2563 638 2587; x_wconf 87' lang='lat' dir='ltr'>cos</span> <span class='ocrx_word' id='word_1_345' title='bbox 662 2550 810 2588; x_wconf 88' lang='lat' dir='ltr'>nonnisi</span> <span class='ocrx_word' id='word_1_346' title='bbox 833 2564 921 2588; x_wconf 87' lang='lat' dir='ltr'>cum</span> <span class='ocrx_word' id='word_1_347' title='bbox 943 2551 1099 2601; x_wconf 79' lang='lat' dir='ltr'>singulis</span> <span class='ocrx_word' id='word_1_348' title='bbox 1113 2549 1228 2587; x_wconf 78' lang='lat' dir='ltr'>servis</span> <span class='ocrx_word' id='word_1_349' title='bbox 1244 2547 1446 2597; x_wconf 72' lang='lat' dir='ltr'>separatim</span> <span class='ocrx_word' id='word_1_350' title='bbox 1465 2545 1501 2582; x_wconf 90' lang='lat' dir='ltr'>in</span> <span class='ocrx_word' id='word_1_351' title='bbox 1523 2544 1685 2581; x_wconf 75' lang='lat' dir='ltr'>navibus</span> 
     </span>
    </p>
   </div>
   <div class='ocr_carea' id='block_1_3' title="bbox 222 2688 1684 2784">
    <p class='ocr_par' dir='ltr' id='par_1_3' title="bbox 222 2688 1684 2784">
     <span class='ocr_line' id='line_1_38' title="bbox 267 2688 1684 2731; baseline 0.001 -13"><span class='ocrx_word' id='word_1_352' title='bbox 267 2692 302 2720; x_wconf 70' lang='lat'>:31</span> <span class='ocrx_word' id='word_1_353' title='bbox 333 2689 436 2729; x_wconf 67' lang='lat' dir='ltr'>Lege,</span> <span class='ocrx_word' id='word_1_354' title='bbox 450 2689 758 2729; x_wconf 44' lang='lat' dir='ltr'>impinguantem-«32</span> <span class='ocrx_word' id='word_1_355' title='bbox 785 2691 898 2729; x_wconf 76' lang='lat' dir='ltr'>Forte,</span> <span class='ocrx_word' id='word_1_356' title='bbox 914 2691 1021 2731; x_wconf 77' lang='lat' dir='ltr'>ejus.—</span> <span class='ocrx_word' id='word_1_357' title='bbox 1035 2693 1074 2720; x_wconf 71' lang='lat'>33</span> <span class='ocrx_word' id='word_1_358' title='bbox 1102 2689 1433 2729; x_wconf 48' lang='lat' dir='ltr'>1aege,p›-‹1scntia.»</span> <span class='ocrx_word' id='word_1_359' title='bbox 1446 2692 1485 2720; x_wconf 74' lang='lat'>:31</span> <span class='ocrx_word' id='word_1_360' title='bbox 1512 2688 1622 2725; x_wconf 70' lang='lat' dir='ltr'>Addo,</span> <span class='ocrx_word' id='word_1_361' title='bbox 1638 2700 1684 2719; x_wconf 77' lang='lat' dir='ltr'>co-</span> 
     </span>
     <span class='ocr_line' id='line_1_39' title="bbox 222 2741 1640 2784; baseline 0.003 -15"><span class='ocrx_word' id='word_1_362' title='bbox 222 2742 324 2781; x_wconf 41' lang='lat' dir='ltr'>piissff</span> <span class='ocrx_word' id='word_1_363' title='bbox 340 2745 377 2772; x_wconf 71' lang='lat'>33</span> <span class='ocrx_word' id='word_1_364' title='bbox 408 2744 507 2783; x_wconf 72' lang='lat' dir='ltr'>Lege,</span> <span class='ocrx_word' id='word_1_365' title='bbox 525 2747 639 2775; x_wconf 63' lang='grc' dir='ltr'><em>ηιηέαὶο</em></span> <span class='ocrx_word' id='word_1_366' title='bbox 654 2747 736 2774; x_wconf 76' lang='lat' dir='ltr'>stulu</span> <span class='ocrx_word' id='word_1_367' title='bbox 752 2745 866 2784; x_wconf 71' lang='lat' dir='ltr'>pralii.</span> <span class='ocrx_word' id='word_1_368' title='bbox 881 2763 888 2766; x_wconf 80' lang='lat'><strong>·</strong></span> <span class='ocrx_word' id='word_1_369' title='bbox 901 2747 955 2774; x_wconf 31' lang='lat'>⁷36</span> <span class='ocrx_word' id='word_1_370' title='bbox 983 2744 1095 2783; x_wconf 69' lang='lat' dir='ltr'>Forte,</span> <span class='ocrx_word' id='word_1_371' title='bbox 1111 2753 1225 2774; x_wconf 80' lang='lat' dir='ltr'>corum.</span> <span class='ocrx_word' id='word_1_372' title='bbox 1253 2763 1260 2765; x_wconf 33' lang='grc' dir='ltr'><strong><em>Δ</em></strong></span> <span class='ocrx_word' id='word_1_373' title='bbox 1274 2746 1313 2773; x_wconf 83' lang='grc'>37</span> <span class='ocrx_word' id='word_1_374' title='bbox 1341 2742 1445 2783; x_wconf 76' lang='lat' dir='ltr'>Lege,</span> <span class='ocrx_word' id='word_1_375' title='bbox 1458 2741 1640 2773; x_wconf 52' lang='lat' dir='ltr'>inciderint.</span> 
     </span>
    </p>
   </div>
  </div>
 </body>
</html>
