<?xml version="1.0" encoding="UTF-8"?>
<!DOCTYPE html PUBLIC "-//W3C//DTD XHTML 1.0 Transitional//EN"
    "http://www.w3.org/TR/xhtml1/DTD/xhtml1-transitional.dtd">
<html xmlns="http://www.w3.org/1999/xhtml" xml:lang="en" lang="en">
 <head>
  <title>
</title>
<meta http-equiv="Content-Type" content="text/html;charset=utf-8" />
  <meta name='ocr-system' content='tesseract 3.04.00' />
  <meta name='ocr-capabilities' content='ocr_page ocr_carea ocr_par ocr_line ocrx_word'/>
</head>
<body>
  <div class='ocr_page' id='page_1' title='image "./operaomniaexedit04caesuoft_0437.png"; bbox 0 0 1850 3109; ppageno 0'>
   <div class='ocr_carea' id='block_1_1' title="bbox 543 201 1594 248">
    <p class='ocr_par' dir='ltr' id='par_1_1' title="bbox 543 201 1594 248">
     <span class='ocr_line' id='line_1_1' title="bbox 543 201 1594 248; baseline -0.01 0"><span class='ocrx_word' id='word_1_1' title='bbox 543 218 604 248; x_wconf 80' lang='lat' dir='ltr'><strong>DE</strong></span> <span class='ocrx_word' id='word_1_2' title='bbox 637 215 753 246; x_wconf 73' lang='lat' dir='ltr'><strong>v1&#39;rA</strong></span> <span class='ocrx_word' id='word_1_3' title='bbox 785 213 918 244; x_wconf 54' lang='lat'><strong>,101211</strong></span> <span class='ocrx_word' id='word_1_4' title='bbox 952 212 1184 243; x_wconf 75' lang='lat' dir='ltr'><strong>CAESAmS.</strong></span> <span class='ocrx_word' id='word_1_5' title='bbox 1481 201 1594 245; x_wconf 80' lang='lat'>1829</span> 
     </span>
    </p>
   </div>
   <div class='ocr_carea' id='block_1_2' title="bbox 139 309 1620 2649">
    <p class='ocr_par' dir='ltr' id='par_1_2' title="bbox 139 309 1620 2649">
     <span class='ocr_line' id='line_1_2' title="bbox 139 309 1590 367; baseline -0.006 -11"><span class='ocrx_word' id='word_1_6' title='bbox 139 319 380 357; x_wconf 87' lang='lat' dir='ltr'><strong>retulissent:</strong></span> <span class='ocrx_word' id='word_1_7' title='bbox 419 315 530 367; x_wconf 83' lang='lat'>[186]</span> <span class='ocrx_word' id='word_1_8' title='bbox 569 322 733 353; x_wconf 88' lang='lat' dir='ltr'><strong>cunctos</strong></span> <span class='ocrx_word' id='word_1_9' title='bbox 767 313 912 351; x_wconf 87' lang='lat' dir='ltr'><strong>dimisit</strong></span> <span class='ocrx_word' id='word_1_10' title='bbox 947 311 1169 355; x_wconf 85' lang='lat' dir='ltr'>incolumes,</span> <span class='ocrx_word' id='word_1_11' title='bbox 1209 309 1299 359; x_wconf 87' lang='lat' dir='ltr'><strong>quin</strong></span> <span class='ocrx_word' id='word_1_12' title='bbox 1336 316 1374 346; x_wconf 83' lang='lat' dir='ltr'><strong>et</strong></span> <span class='ocrx_word' id='word_1_13' title='bbox 1422 311 1590 359; x_wconf 79' lang='lat' dir='ltr'><strong>pecunia:</strong></span> 
     </span>
     <span class='ocr_line' id='line_1_3' title="bbox 139 373 1590 432; baseline -0.008 -12"><span class='ocrx_word' id='word_1_14' title='bbox 139 382 291 432; x_wconf 85' lang='lat' dir='ltr'><strong>pondus</strong></span> <span class='ocrx_word' id='word_1_15' title='bbox 329 382 460 430; x_wconf 83' lang='lat' dir='ltr'><strong>ingens</strong></span> <span class='ocrx_word' id='word_1_16' title='bbox 483 379 640 417; x_wconf 89' lang='lat' dir='ltr'><strong>Domitii</strong></span> <span class='ocrx_word' id='word_1_17' title='bbox 679 378 912 427; x_wconf 80' lang='lat' dir='ltr'><strong>depositum,</strong></span> <span class='ocrx_word' id='word_1_18' title='bbox 942 383 980 412; x_wconf 90' lang='lat' dir='ltr'><strong>et</strong></span> <span class='ocrx_word' id='word_1_19' title='bbox 1009 375 1058 412; x_wconf 90' lang='lat' dir='ltr'><strong>ab</strong></span> <span class='ocrx_word' id='word_1_20' title='bbox 1085 373 1262 424; x_wconf 78' lang='lat' dir='ltr'>opidanis</span> <span class='ocrx_word' id='word_1_21' title='bbox 1297 373 1366 409; x_wconf 80' lang='lat' dir='ltr'><strong>sihi</strong></span> <span class='ocrx_word' id='word_1_22' title='bbox 1396 373 1590 418; x_wconf 79' lang='lat' dir='ltr'><strong>‹›l›latum;</strong></span> 
     </span>
     <span class='ocr_line' id='line_1_4' title="bbox 141 436 1592 494; baseline -0.008 -12"><span class='ocrx_word' id='word_1_23' title='bbox 141 445 313 494; x_wconf 89' lang='lat' dir='ltr'><strong>quamvis</strong></span> <span class='ocrx_word' id='word_1_24' title='bbox 345 450 384 481; x_wconf 90' lang='lat' dir='ltr'><strong>et</strong></span> <span class='ocrx_word' id='word_1_25' title='bbox 421 443 581 494; x_wconf 85' lang='lat' dir='ltr'><strong>pecunia</strong></span> <span class='ocrx_word' id='word_1_26' title='bbox 619 442 777 492; x_wconf 87' lang='lat' dir='ltr'><strong>publica</strong></span> <span class='ocrx_word' id='word_1_27' title='bbox 814 447 927 485; x_wconf 81' lang='lat' dir='ltr'><strong>essct,</strong></span> <span class='ocrx_word' id='word_1_28' title='bbox 961 447 999 477; x_wconf 85' lang='lat' dir='ltr'><strong>ct</strong></span> <span class='ocrx_word' id='word_1_29' title='bbox 1039 440 1076 476; x_wconf 92' lang='lat' dir='ltr'><strong>in</strong></span> <span class='ocrx_word' id='word_1_30' title='bbox 1112 436 1345 488; x_wconf 81' lang='lat' dir='ltr'>stipendium</span> <span class='ocrx_word' id='word_1_31' title='bbox 1383 443 1592 481; x_wconf 86' lang='lat' dir='ltr'><strong>numerata,</strong></span> 
     </span>
     <span class='ocr_line' id='line_1_5' title="bbox 142 499 1591 555; baseline -0.006 -11"><span class='ocrx_word' id='word_1_32' title='bbox 142 507 313 544; x_wconf 89' lang='lat' dir='ltr'><strong>Domitio</strong></span> <span class='ocrx_word' id='word_1_33' title='bbox 333 507 508 551; x_wconf 73' lang='lat' dir='ltr'><strong>restituit,</strong></span> <span class='ocrx_word' id='word_1_34' title='bbox 523 519 567 543; x_wconf 86' lang='lat' dir='ltr'><strong>ne</strong></span> <span class='ocrx_word' id='word_1_35' title='bbox 583 505 787 555; x_wconf 67' lang='lat' dir='ltr'><strong>sanguinis&#39;,</strong></span> <span class='ocrx_word' id='word_1_36' title='bbox 799 517 912 554; x_wconf 87' lang='lat' dir='ltr'><strong>quam</strong></span> <span class='ocrx_word' id='word_1_37' title='bbox 930 503 1103 553; x_wconf 68' lang='lat' dir='ltr'><strong>pecuniae</strong></span> <span class='ocrx_word' id='word_1_38' title='bbox 1118 500 1371 539; x_wconf 66' lang='lat' dir='ltr'><strong>abstinentior</strong></span> <span class='ocrx_word' id='word_1_39' title='bbox 1384 499 1591 536; x_wconf 73' lang='lat' dir='ltr'><strong>videretur:</strong></span> 
     </span>
     <span class='ocr_line' id='line_1_6' title="bbox 142 562 1597 621; baseline -0.007 -13"><span class='ocrx_word' id='word_1_40' title='bbox 142 571 234 608; x_wconf 86' lang='lat' dir='ltr'><strong>nihil</strong></span> <span class='ocrx_word' id='word_1_41' title='bbox 267 578 462 621; x_wconf 87' lang='lat' dir='ltr'><strong>postremo</strong></span> <span class='ocrx_word' id='word_1_42' title='bbox 482 583 527 607; x_wconf 83' lang='lat' dir='ltr'><strong>cx</strong></span> <span class='ocrx_word' id='word_1_43' title='bbox 558 583 601 607; x_wconf 82' lang='lat' dir='ltr'><strong>ea</strong></span> <span class='ocrx_word' id='word_1_44' title='bbox 620 569 779 607; x_wconf 89' lang='lat' dir='ltr'><strong>victoria</strong></span> <span class='ocrx_word' id='word_1_45' title='bbox 799 568 858 604; x_wconf 85' lang='lat' dir='ltr'><strong>vel</strong></span> <span class='ocrx_word' id='word_1_46' title='bbox 880 567 1019 617; x_wconf 61' lang='lat' dir='ltr'><strong>pra-‚dac</strong></span> <span class='ocrx_word' id='word_1_47' title='bbox 1047 565 1262 615; x_wconf 75' lang='lat' dir='ltr'><strong>cujuspiam</strong></span> <span class='ocrx_word' id='word_1_48' title='bbox 1285 564 1341 600; x_wconf 88' lang='lat' dir='ltr'><strong>vel</strong></span> <span class='ocrx_word' id='word_1_49' title='bbox 1363 562 1516 600; x_wconf 89' lang='lat' dir='ltr'><strong>ultionis</strong></span> <span class='ocrx_word' id='word_1_50' title='bbox 1534 576 1597 599; x_wconf 85' lang='lat' dir='ltr'><strong>ac·</strong></span> 
     </span>
     <span class='ocr_line' id='line_1_7' title="bbox 140 626 1596 684; baseline -0.004 -14"><span class='ocrx_word' id='word_1_51' title='bbox 140 635 257 684; x_wconf 82' lang='lat' dir='ltr'><strong>cepit,</strong></span> <span class='ocrx_word' id='word_1_52' title='bbox 279 635 347 671; x_wconf 87' lang='lat' dir='ltr'><strong>nisi</strong></span> <span class='ocrx_word' id='word_1_53' title='bbox 369 635 473 683; x_wconf 88' lang='lat' dir='ltr'><strong>quod</strong></span> <span class='ocrx_word' id='word_1_54' title='bbox 497 633 655 670; x_wconf 90' lang='lat' dir='ltr'><strong>Domitii</strong></span> <span class='ocrx_word' id='word_1_55' title='bbox 675 632 809 669; x_wconf 85' lang='lat' dir='ltr'><strong>milites</strong></span> <span class='ocrx_word' id='word_1_56' title='bbox 837 636 1073 667; x_wconf 88' lang='lat' dir='ltr'><strong>sacramento</strong></span> <span class='ocrx_word' id='word_1_57' title='bbox 1102 629 1244 678; x_wconf 77' lang='lat' dir='ltr'><strong>adegit,</strong></span> <span class='ocrx_word' id='word_1_58' title='bbox 1275 641 1348 664; x_wconf 91' lang='lat' dir='ltr'><strong>non</strong></span> <span class='ocrx_word' id='word_1_59' title='bbox 1383 626 1520 664; x_wconf 87' lang='lat' dir='ltr'><strong>invitos</strong></span> <span class='ocrx_word' id='word_1_60' title='bbox 1554 632 1596 664; x_wconf 88' lang='lat' dir='ltr'><strong>ut</strong></span> 
     </span>
     <span class='ocr_line' id='line_1_8' title="bbox 139 689 1595 745; baseline -0.006 -11"><span class='ocrx_word' id='word_1_61' title='bbox 139 698 318 743; x_wconf 81' lang='lat' dir='ltr'><strong>arbitror,</strong></span> <span class='ocrx_word' id='word_1_62' title='bbox 352 698 415 735; x_wconf 86' lang='lat' dir='ltr'><strong>sed</strong></span> <span class='ocrx_word' id='word_1_63' title='bbox 448 712 494 736; x_wconf 90' lang='lat' dir='ltr'><strong>eo</strong></span> <span class='ocrx_word' id='word_1_64' title='bbox 523 697 701 735; x_wconf 87' lang='lat' dir='ltr'><strong>libentius</strong></span> <span class='ocrx_word' id='word_1_65' title='bbox 728 697 915 745; x_wconf 82' lang='lat' dir='ltr'><strong>jurantes,</strong></span> <span class='ocrx_word' id='word_1_66' title='bbox 948 707 1026 744; x_wconf 89' lang='lat' dir='ltr'><strong>quo</strong></span> <span class='ocrx_word' id='word_1_67' title='bbox 1058 693 1203 730; x_wconf 84' lang='lat' dir='ltr'><strong>felicius</strong></span> <span class='ocrx_word' id='word_1_68' title='bbox 1234 699 1290 728; x_wconf 81' lang='lat' dir='ltr'><strong>est</strong></span> <span class='ocrx_word' id='word_1_69' title='bbox 1322 691 1391 727; x_wconf 79' lang='lat' dir='ltr'><strong>snb</strong></span> <span class='ocrx_word' id='word_1_70' title='bbox 1423 689 1595 739; x_wconf 76' lang='lat' dir='ltr'><strong>sequaci,</strong></span> 
     </span>
     <span class='ocr_line' id='line_1_9' title="bbox 144 754 1597 811; baseline -0.005 -14"><span class='ocrx_word' id='word_1_71' title='bbox 144 773 259 810; x_wconf 88' lang='lat' dir='ltr'><strong>quam</strong></span> <span class='ocrx_word' id='word_1_72' title='bbox 281 763 353 798; x_wconf 91' lang='lat' dir='ltr'><strong>sub</strong></span> <span class='ocrx_word' id='word_1_73' title='bbox 384 761 511 811; x_wconf 74' lang='lat' dir='ltr'><strong>fugaci</strong></span> <span class='ocrx_word' id='word_1_74' title='bbox 531 761 628 799; x_wconf 92' lang='lat' dir='ltr'><strong>duce</strong></span> <span class='ocrx_word' id='word_1_75' title='bbox 646 759 850 804; x_wconf 81' lang='lat' dir='ltr'><strong>⁶²militari,</strong></span> <span class='ocrx_word' id='word_1_76' title='bbox 879 759 1040 808; x_wconf 83' lang='lat' dir='ltr'><strong>vulgatis</strong></span> <span class='ocrx_word' id='word_1_77' title='bbox 1070 770 1158 794; x_wconf 86' lang='lat' dir='ltr'><strong>sane</strong></span> <span class='ocrx_word' id='word_1_78' title='bbox 1186 769 1271 805; x_wconf 72' lang='lat' dir='ltr'><strong>qua:</strong></span> <span class='ocrx_word' id='word_1_79' title='bbox 1302 755 1349 792; x_wconf 85' lang='lat' dir='ltr'><strong>ad</strong></span> <span class='ocrx_word' id='word_1_80' title='bbox 1382 754 1597 791; x_wconf 71' lang='lat' dir='ltr'><strong>Corfinium</strong></span> 
     </span>
     <span class='ocr_line' id='line_1_10' title="bbox 142 817 1600 871; baseline -0.006 -8"><span class='ocrx_word' id='word_1_81' title='bbox 142 831 228 862; x_wconf 84' lang='lat' dir='ltr'><strong>acta</strong></span> <span class='ocrx_word' id='word_1_82' title='bbox 245 831 366 868; x_wconf 88' lang='lat' dir='ltr'><strong>erant,</strong></span> <span class='ocrx_word' id='word_1_83' title='bbox 389 825 548 862; x_wconf 87' lang='lat' dir='ltr'><strong>multum</strong></span> <span class='ocrx_word' id='word_1_84' title='bbox 575 831 696 862; x_wconf 89' lang='lat' dir='ltr'><strong>metus</strong></span> <span class='ocrx_word' id='word_1_85' title='bbox 726 823 904 860; x_wconf 87' lang='lat' dir='ltr'><strong>omnibus</strong></span> <span class='ocrx_word' id='word_1_86' title='bbox 925 821 1141 871; x_wconf 85' lang='lat' dir='ltr'><strong>demptum,</strong></span> <span class='ocrx_word' id='word_1_87' title='bbox 1164 820 1403 868; x_wconf 76' lang='lat' dir='ltr'><strong>multumque</strong></span> <span class='ocrx_word' id='word_1_88' title='bbox 1425 819 1504 868; x_wconf 87' lang='lat' dir='ltr'><strong>spei</strong></span> <span class='ocrx_word' id='word_1_89' title='bbox 1530 817 1600 854; x_wconf 85' lang='lat' dir='ltr'><strong>ad·</strong></span> 
     </span>
     <span class='ocr_line' id='line_1_11' title="bbox 143 882 1596 937; baseline -0.006 -12"><span class='ocrx_word' id='word_1_90' title='bbox 143 887 281 934; x_wconf 88' lang='lat' dir='ltr'><strong>ditum,</strong></span> <span class='ocrx_word' id='word_1_91' title='bbox 316 888 638 937; x_wconf 80' lang='lat' dir='ltr'><strong>cognoscentibus</strong></span> <span class='ocrx_word' id='word_1_92' title='bbox 660 889 850 926; x_wconf 75' lang='lat' dir='ltr'><strong>Caesarem</strong></span> <span class='ocrx_word' id='word_1_93' title='bbox 878 886 969 922; x_wconf 90' lang='lat' dir='ltr'><strong>nihil</strong></span> <span class='ocrx_word' id='word_1_94' title='bbox 1000 885 1101 921; x_wconf 88' lang='lat' dir='ltr'><strong>bello</strong></span> <span class='ocrx_word' id='word_1_95' title='bbox 1121 883 1190 920; x_wconf 82' lang='lat' dir='ltr'><strong>nisi</strong></span> <span class='ocrx_word' id='word_1_96' title='bbox 1212 882 1408 919; x_wconf 79' lang='lat' dir='ltr'><strong>victoriam</strong></span> <span class='ocrx_word' id='word_1_97' title='bbox 1445 887 1596 931; x_wconf 89' lang='lat' dir='ltr'><strong>petere:</strong></span> 
     </span>
     <span class='ocr_line' id='line_1_12' title="bbox 145 944 1600 1000; baseline -0.005 -12"><span class='ocrx_word' id='word_1_98' title='bbox 145 951 247 988; x_wconf 91' lang='lat' dir='ltr'><strong>unde</strong></span> <span class='ocrx_word' id='word_1_99' title='bbox 268 958 308 989; x_wconf 90' lang='lat' dir='ltr'><strong>ut</strong></span> <span class='ocrx_word' id='word_1_100' title='bbox 329 952 490 988; x_wconf 83' lang='lat' dir='ltr'><strong>diximus</strong></span> <span class='ocrx_word' id='word_1_101' title='bbox 505 957 542 988; x_wconf 89' lang='lat' dir='ltr'><strong>et</strong></span> <span class='ocrx_word' id='word_1_102' title='bbox 560 950 808 988; x_wconf 85' lang='lat' dir='ltr'><strong>⁶³Tustorum</strong></span> <span class='ocrx_word' id='word_1_103' title='bbox 828 949 958 1000; x_wconf 87' lang='lat' dir='ltr'><strong>populi</strong></span> <span class='ocrx_word' id='word_1_104' title='bbox 979 955 1016 985; x_wconf 91' lang='lat' dir='ltr'><strong>et</strong></span> <span class='ocrx_word' id='word_1_105' title='bbox 1036 948 1158 985; x_wconf 86' lang='lat' dir='ltr'><strong>omnis</strong></span> <span class='ocrx_word' id='word_1_106' title='bbox 1180 946 1353 992; x_wconf 84' lang='lat' dir='ltr'><strong>Umbria,</strong></span> <span class='ocrx_word' id='word_1_107' title='bbox 1373 946 1489 995; x_wconf 87' lang='lat' dir='ltr'><strong>pulsis</strong></span> <span class='ocrx_word' id='word_1_108' title='bbox 1510 944 1600 982; x_wconf 89' lang='lat' dir='ltr'><strong>inde</strong></span> 
     </span>
     <span class='ocr_line' id='line_1_13' title="bbox 143 1007 1601 1063; baseline -0.004 -12"><span class='ocrx_word' id='word_1_109' title='bbox 143 1014 328 1063; x_wconf 63' lang='lat' dir='ltr'><strong>praesidiis</strong></span> <span class='ocrx_word' id='word_1_110' title='bbox 348 1014 395 1052; x_wconf 85' lang='lat' dir='ltr'><strong>ad</strong></span> <span class='ocrx_word' id='word_1_111' title='bbox 419 1016 609 1052; x_wconf 71' lang='lat' dir='ltr'><strong>Caesarem</strong></span> <span class='ocrx_word' id='word_1_112' title='bbox 630 1014 833 1052; x_wconf 86' lang='lat' dir='ltr'><strong>transiere:</strong></span> <span class='ocrx_word' id='word_1_113' title='bbox 873 1021 988 1062; x_wconf 83' lang='lat' dir='ltr'><strong>atque</strong></span> <span class='ocrx_word' id='word_1_114' title='bbox 1005 1012 1054 1049; x_wconf 86' lang='lat' dir='ltr'><strong>ita</strong></span> <span class='ocrx_word' id='word_1_115' title='bbox 1074 1012 1188 1048; x_wconf 84' lang='lat' dir='ltr'><strong>rebus</strong></span> <span class='ocrx_word' id='word_1_116' title='bbox 1209 1024 1276 1047; x_wconf 91' lang='lat' dir='ltr'><strong>suo</strong></span> <span class='ocrx_word' id='word_1_117' title='bbox 1298 1023 1400 1046; x_wconf 87' lang='lat' dir='ltr'><strong>more</strong></span> <span class='ocrx_word' id='word_1_118' title='bbox 1422 1007 1601 1046; x_wconf 76' lang='lat' dir='ltr'><strong>velociter</strong></span> 
     </span>
     <span class='ocr_line' id='line_1_14' title="bbox 145 1071 1602 1128; baseline -0.004 -14"><span class='ocrx_word' id='word_1_119' title='bbox 145 1078 260 1127; x_wconf 85' lang='lat' dir='ltr'><strong>gestis</strong></span> <span class='ocrx_word' id='word_1_120' title='bbox 280 1092 323 1115; x_wconf 89' lang='lat' dir='ltr'><strong>ac</strong></span> <span class='ocrx_word' id='word_1_121' title='bbox 344 1091 537 1128; x_wconf 78' lang='lat' dir='ltr'><strong>prospere,</strong></span> <span class='ocrx_word' id='word_1_122' title='bbox 568 1092 655 1116; x_wconf 90' lang='lat' dir='ltr'><strong>cum</strong></span> <span class='ocrx_word' id='word_1_123' title='bbox 669 1079 751 1127; x_wconf 86' lang='lat' dir='ltr'><strong>jam</strong></span> <span class='ocrx_word' id='word_1_124' title='bbox 774 1090 905 1115; x_wconf 89' lang='lat' dir='ltr'><strong>secum</strong></span> <span class='ocrx_word' id='word_1_125' title='bbox 927 1077 1056 1114; x_wconf 83' lang='lat' dir='ltr'><strong>Gallia</strong></span> <span class='ocrx_word' id='word_1_126' title='bbox 1087 1075 1211 1112; x_wconf 89' lang='lat' dir='ltr'><strong>omnis</strong></span> <span class='ocrx_word' id='word_1_127' title='bbox 1233 1073 1413 1123; x_wconf 74' lang='lat' dir='ltr'><strong>cisalpina</strong></span> <span class='ocrx_word' id='word_1_128' title='bbox 1433 1071 1602 1118; x_wconf 86' lang='lat' dir='ltr'><strong>sentiret,</strong></span> 
     </span>
     <span class='ocr_line' id='line_1_15' title="bbox 144 1137 1602 1192; baseline -0.004 -15"><span class='ocrx_word' id='word_1_129' title='bbox 144 1152 300 1191; x_wconf 85' lang='lat' dir='ltr'><strong>magnas</strong></span> <span class='ocrx_word' id='word_1_130' title='bbox 330 1148 454 1191; x_wconf 83' lang='lat' dir='ltr'><strong>partes</strong></span> <span class='ocrx_word' id='word_1_131' title='bbox 480 1141 599 1178; x_wconf 81' lang='lat' dir='ltr'><strong>Italiae</strong></span> <span class='ocrx_word' id='word_1_132' title='bbox 638 1142 763 1192; x_wconf 87' lang='lat' dir='ltr'><strong>primo</strong></span> <span class='ocrx_word' id='word_1_133' title='bbox 801 1141 1007 1190; x_wconf 76' lang='lat' dir='ltr'><strong>occupavit</strong></span> <span class='ocrx_word' id='word_1_134' title='bbox 1038 1140 1218 1177; x_wconf 87' lang='lat' dir='ltr'><strong>adventu.</strong></span> <span class='ocrx_word' id='word_1_135' title='bbox 1277 1137 1351 1174; x_wconf 82' lang='lat' dir='ltr'><strong>Sed</strong></span> <span class='ocrx_word' id='word_1_136' title='bbox 1385 1149 1475 1172; x_wconf 85' lang='lat' dir='ltr'><strong>cum</strong></span> <span class='ocrx_word' id='word_1_137' title='bbox 1514 1148 1602 1186; x_wconf 88' lang='lat' dir='ltr'><strong>spes</strong></span> 
     </span>
     <span class='ocr_line' id='line_1_16' title="bbox 145 1199 1603 1256; baseline -0.004 -15"><span class='ocrx_word' id='word_1_138' title='bbox 145 1204 292 1242; x_wconf 83' lang='lat' dir='ltr'><strong>caeteris</strong></span> <span class='ocrx_word' id='word_1_139' title='bbox 312 1205 506 1250; x_wconf 86' lang='lat' dir='ltr'><strong>omnibus,</strong></span> <span class='ocrx_word' id='word_1_140' title='bbox 529 1205 599 1243; x_wconf 90' lang='lat' dir='ltr'><strong>soli</strong></span> <span class='ocrx_word' id='word_1_141' title='bbox 619 1205 808 1256; x_wconf 86' lang='lat' dir='ltr'><strong>Pompejo</strong></span> <span class='ocrx_word' id='word_1_142' title='bbox 828 1211 943 1255; x_wconf 87' lang='lat' dir='ltr'><strong>atque</strong></span> <span class='ocrx_word' id='word_1_143' title='bbox 970 1204 1126 1241; x_wconf 86' lang='lat' dir='ltr'><strong>Senatui</strong></span> <span class='ocrx_word' id='word_1_144' title='bbox 1146 1202 1300 1239; x_wconf 89' lang='lat' dir='ltr'><strong>additus</strong></span> <span class='ocrx_word' id='word_1_145' title='bbox 1331 1200 1456 1244; x_wconf 88' lang='lat' dir='ltr'><strong>timor,</strong></span> <span class='ocrx_word' id='word_1_146' title='bbox 1477 1200 1541 1249; x_wconf 81' lang='lat' dir='ltr'><strong>qui</strong></span> <span class='ocrx_word' id='word_1_147' title='bbox 1564 1199 1603 1236; x_wconf 87' lang='lat' dir='ltr'><strong>in</strong></span> 
     </span>
     <span class='ocr_line' id='line_1_17' title="bbox 145 1264 1604 1319; baseline -0.005 -14"><span class='ocrx_word' id='word_1_148' title='bbox 145 1268 316 1305; x_wconf 81' lang='lat' dir='ltr'><strong>Domitio</strong></span> <span class='ocrx_word' id='word_1_149' title='bbox 329 1269 490 1307; x_wconf 86' lang='lat' dir='ltr'><strong>multum</strong></span> <span class='ocrx_word' id='word_1_150' title='bbox 511 1269 696 1307; x_wconf 81' lang='lat' dir='ltr'><strong>momenti</strong></span> <span class='ocrx_word' id='word_1_151' title='bbox 715 1275 975 1319; x_wconf 80' lang='lat' dir='ltr'><strong>reposuerant,</strong></span> <span class='ocrx_word' id='word_1_152' title='bbox 995 1274 1033 1305; x_wconf 89' lang='lat' dir='ltr'><strong>et</strong></span> <span class='ocrx_word' id='word_1_153' title='bbox 1053 1280 1154 1316; x_wconf 78' lang='lat' dir='ltr'><strong>saepe</strong></span> <span class='ocrx_word' id='word_1_154' title='bbox 1174 1279 1259 1303; x_wconf 88' lang='lat' dir='ltr'><strong>eum</strong></span> <span class='ocrx_word' id='word_1_155' title='bbox 1283 1277 1351 1315; x_wconf 87' lang='lat' dir='ltr'><strong>per</strong></span> <span class='ocrx_word' id='word_1_156' title='bbox 1370 1264 1497 1301; x_wconf 83' lang='lat' dir='ltr'><strong>literas</strong></span> <span class='ocrx_word' id='word_1_157' title='bbox 1515 1275 1604 1300; x_wconf 86' lang='lat' dir='ltr'><strong>evo-</strong></span> 
     </span>
     <span class='ocr_line' id='line_1_18' title="bbox 147 1327 1606 1382; baseline -0.004 -14"><span class='ocrx_word' id='word_1_158' title='bbox 147 1338 278 1369; x_wconf 89' lang='lat' dir='ltr'><strong>catum</strong></span> <span class='ocrx_word' id='word_1_159' title='bbox 299 1333 578 1382; x_wconf 82' lang='lat' dir='ltr'><strong>expectabant:</strong></span> <span class='ocrx_word' id='word_1_160' title='bbox 612 1333 747 1382; x_wconf 85' lang='lat' dir='ltr'><strong>Itaque</strong></span> <span class='ocrx_word' id='word_1_161' title='bbox 768 1331 974 1370; x_wconf 80' lang='lat' dir='ltr'><strong>confestim</strong></span> <span class='ocrx_word' id='word_1_162' title='bbox 988 1330 1197 1380; x_wconf 89' lang='lat' dir='ltr'><strong>Pompejus</strong></span> <span class='ocrx_word' id='word_1_163' title='bbox 1219 1328 1381 1366; x_wconf 84' lang='lat' dir='ltr'><strong>Luceria</strong></span> <span class='ocrx_word' id='word_1_164' title='bbox 1401 1327 1606 1376; x_wconf 81' lang='lat' dir='ltr'><strong>digressus,</strong></span> 
     </span>
     <span class='ocr_line' id='line_1_19' title="bbox 146 1389 1605 1443; baseline -0.003 -12"><span class='ocrx_word' id='word_1_165' title='bbox 146 1394 213 1431; x_wconf 91' lang='lat' dir='ltr'><strong>ubi</strong></span> <span class='ocrx_word' id='word_1_166' title='bbox 243 1395 333 1432; x_wconf 93' lang='lat' dir='ltr'><strong>belli</strong></span> <span class='ocrx_word' id='word_1_167' title='bbox 353 1396 483 1433; x_wconf 87' lang='lat' dir='ltr'><strong>sedem</strong></span> <span class='ocrx_word' id='word_1_168' title='bbox 512 1396 686 1433; x_wconf 81' lang='lat' dir='ltr'><strong>statuisse</strong></span> <span class='ocrx_word' id='word_1_169' title='bbox 716 1396 935 1440; x_wconf 88' lang='lat' dir='ltr'><strong>videbatur,</strong></span> <span class='ocrx_word' id='word_1_170' title='bbox 967 1394 1226 1432; x_wconf 84' lang='lat' dir='ltr'><strong>Brundusium</strong></span> <span class='ocrx_word' id='word_1_171' title='bbox 1260 1392 1382 1443; x_wconf 87' lang='lat' dir='ltr'><strong>petiit,</strong></span> <span class='ocrx_word' id='word_1_172' title='bbox 1413 1398 1454 1428; x_wconf 85' lang='lat' dir='ltr'><strong>ut</strong></span> <span class='ocrx_word' id='word_1_173' title='bbox 1482 1389 1605 1427; x_wconf 87' lang='lat' dir='ltr'><strong>Italiae</strong></span> 
     </span>
     <span class='ocr_line' id='line_1_20' title="bbox 145 1454 1605 1510; baseline -0.004 -15"><span class='ocrx_word' id='word_1_174' title='bbox 145 1457 254 1496; x_wconf 88' lang='lat' dir='ltr'><strong>litore</strong></span> <span class='ocrx_word' id='word_1_175' title='bbox 275 1459 312 1495; x_wconf 90' lang='lat' dir='ltr'><strong>in</strong></span> <span class='ocrx_word' id='word_1_176' title='bbox 332 1465 503 1496; x_wconf 86' lang='lat' dir='ltr'><strong>extremo</strong></span> <span class='ocrx_word' id='word_1_177' title='bbox 537 1460 753 1510; x_wconf 85' lang='lat' dir='ltr'><strong>promptior</strong></span> <span class='ocrx_word' id='word_1_178' title='bbox 785 1466 887 1497; x_wconf 86' lang='lat' dir='ltr'><strong>esset</strong></span> <span class='ocrx_word' id='word_1_179' title='bbox 919 1459 967 1496; x_wconf 91' lang='lat' dir='ltr'><strong>ad</strong></span> <span class='ocrx_word' id='word_1_180' title='bbox 1002 1459 1224 1496; x_wconf 81' lang='lat' dir='ltr'><strong>transitum:</strong></span> <span class='ocrx_word' id='word_1_181' title='bbox 1262 1457 1313 1493; x_wconf 88' lang='lat' dir='ltr'><strong>ita</strong></span> <span class='ocrx_word' id='word_1_182' title='bbox 1345 1455 1444 1492; x_wconf 88' lang='lat' dir='ltr'><strong>enim</strong></span> <span class='ocrx_word' id='word_1_183' title='bbox 1476 1454 1605 1490; x_wconf 85' lang='lat' dir='ltr'><strong>animo</strong></span> 
     </span>
     <span class='ocr_line' id='line_1_21' title="bbox 146 1516 1605 1568; baseline -0.004 -9"><span class='ocrx_word' id='word_1_184' title='bbox 146 1521 382 1566; x_wconf 89' lang='lat' dir='ltr'><strong>decreverat,</strong></span> <span class='ocrx_word' id='word_1_185' title='bbox 409 1522 539 1560; x_wconf 85' lang='lat' dir='ltr'><strong>relicta</strong></span> <span class='ocrx_word' id='word_1_186' title='bbox 573 1524 694 1568; x_wconf 89' lang='lat' dir='ltr'><strong>ltalia,</strong></span> <span class='ocrx_word' id='word_1_187' title='bbox 728 1523 980 1560; x_wconf 86' lang='lat' dir='ltr'><strong>transmarina</strong></span> <span class='ocrx_word' id='word_1_188' title='bbox 999 1527 1168 1559; x_wconf 84' lang='lat' dir='ltr'><strong>tentare:</strong></span> <span class='ocrx_word' id='word_1_189' title='bbox 1207 1520 1286 1557; x_wconf 77' lang='lat' dir='ltr'><strong>sive</strong></span> <span class='ocrx_word' id='word_1_190' title='bbox 1317 1520 1355 1556; x_wconf 89' lang='lat' dir='ltr'><strong>id</strong></span> <span class='ocrx_word' id='word_1_191' title='bbox 1387 1524 1487 1556; x_wconf 88' lang='lat' dir='ltr'><strong>metu</strong></span> <span class='ocrx_word' id='word_1_192' title='bbox 1522 1516 1605 1554; x_wconf 88' lang='lat' dir='ltr'><strong>solo</strong></span> 
     </span>
     <span class='ocr_line' id='line_1_22' title="bbox 146 1579 1607 1637; baseline -0.004 -15"><span class='ocrx_word' id='word_1_193' title='bbox 146 1586 324 1635; x_wconf 85' lang='lat' dir='ltr'><strong>pellente,</strong></span> <span class='ocrx_word' id='word_1_194' title='bbox 347 1586 423 1622; x_wconf 90' lang='lat' dir='ltr'><strong>sive</strong></span> <span class='ocrx_word' id='word_1_195' title='bbox 445 1586 653 1624; x_wconf 85' lang='lat' dir='ltr'><strong>intentione</strong></span> <span class='ocrx_word' id='word_1_196' title='bbox 673 1587 746 1631; x_wconf 90' lang='lat' dir='ltr'><strong>illa,</strong></span> <span class='ocrx_word' id='word_1_197' title='bbox 779 1599 894 1637; x_wconf 90' lang='lat' dir='ltr'><strong>quam</strong></span> <span class='ocrx_word' id='word_1_198' title='bbox 914 1585 1030 1635; x_wconf 87' lang='lat' dir='ltr'><strong>paulo</strong></span> <span class='ocrx_word' id='word_1_199' title='bbox 1051 1591 1139 1621; x_wconf 88' lang='lat' dir='ltr'><strong>ante</strong></span> <span class='ocrx_word' id='word_1_200' title='bbox 1167 1597 1212 1620; x_wconf 85' lang='lat' dir='ltr'><strong>ex</strong></span> <span class='ocrx_word' id='word_1_201' title='bbox 1232 1583 1394 1632; x_wconf 88' lang='lat' dir='ltr'><strong>epistola</strong></span> <span class='ocrx_word' id='word_1_202' title='bbox 1415 1579 1607 1618; x_wconf 81' lang='lat' dir='ltr'><strong>Ciceronis</strong></span> 
     </span>
     <span class='ocr_line' id='line_1_23' title="bbox 147 1647 1608 1699; baseline -0.005 -13"><span class='ocrx_word' id='word_1_203' title='bbox 147 1649 263 1686; x_wconf 92' lang='lat' dir='ltr'><strong>elicui</strong></span> <span class='ocrx_word' id='word_1_204' title='bbox 283 1655 400 1698; x_wconf 88' lang='lat' dir='ltr'><strong>atque</strong></span> <span class='ocrx_word' id='word_1_205' title='bbox 415 1649 590 1699; x_wconf 86' lang='lat' dir='ltr'><strong>exposui.</strong></span> <span class='ocrx_word' id='word_1_206' title='bbox 646 1651 775 1687; x_wconf 79' lang='lat' dir='ltr'><strong>Caesar</strong></span> <span class='ocrx_word' id='word_1_207' title='bbox 794 1655 922 1686; x_wconf 88' lang='lat' dir='ltr'><strong>autem</strong></span> <span class='ocrx_word' id='word_1_208' title='bbox 944 1661 1094 1697; x_wconf 85' lang='lat' dir='ltr'><strong>semper</strong></span> <span class='ocrx_word' id='word_1_209' title='bbox 1120 1647 1363 1697; x_wconf 89' lang='lat' dir='ltr'><strong>propinquus</strong></span> <span class='ocrx_word' id='word_1_210' title='bbox 1382 1651 1497 1693; x_wconf 88' lang='lat' dir='ltr'><strong>atque</strong></span> <span class='ocrx_word' id='word_1_211' title='bbox 1519 1656 1608 1680; x_wconf 91' lang='lat' dir='ltr'><strong>con-</strong></span> 
     </span>
     <span class='ocr_line' id='line_1_24' title="bbox 145 1705 1608 1764; baseline -0.005 -14"><span class='ocrx_word' id='word_1_212' title='bbox 145 1714 273 1764; x_wconf 84' lang='lat' dir='ltr'><strong>tiguus</strong></span> <span class='ocrx_word' id='word_1_213' title='bbox 294 1713 469 1750; x_wconf 86' lang='lat' dir='ltr'><strong>hostibus</strong></span> <span class='ocrx_word' id='word_1_214' title='bbox 498 1727 580 1751; x_wconf 87' lang='lat' dir='ltr'><strong>esse</strong></span> <span class='ocrx_word' id='word_1_215' title='bbox 599 1713 791 1758; x_wconf 87' lang='lat' dir='ltr'><strong>festinans,</strong></span> <span class='ocrx_word' id='word_1_216' title='bbox 822 1726 899 1749; x_wconf 90' lang='lat' dir='ltr'><strong>non</strong></span> <span class='ocrx_word' id='word_1_217' title='bbox 921 1712 993 1750; x_wconf 89' lang='lat' dir='ltr'><strong>nisi</strong></span> <span class='ocrx_word' id='word_1_218' title='bbox 1014 1718 1157 1761; x_wconf 83' lang='lat' dir='ltr'><strong>septem</strong></span> <span class='ocrx_word' id='word_1_219' title='bbox 1179 1710 1325 1747; x_wconf 89' lang='lat' dir='ltr'><strong>dierum</strong></span> <span class='ocrx_word' id='word_1_220' title='bbox 1356 1720 1461 1745; x_wconf 87' lang='lat' dir='ltr'><strong>mora</strong></span> <span class='ocrx_word' id='word_1_221' title='bbox 1488 1705 1608 1744; x_wconf 86' lang='lat' dir='ltr'><strong>Corfi-</strong></span> 
     </span>
     <span class='ocr_line' id='line_1_25' title="bbox 144 1772 1610 1828; baseline -0.006 -14"><span class='ocrx_word' id='word_1_222' title='bbox 144 1777 249 1814; x_wconf 89' lang='lat' dir='ltr'><strong>nium</strong></span> <span class='ocrx_word' id='word_1_223' title='bbox 269 1783 418 1822; x_wconf 85' lang='lat' dir='ltr'><strong>exacta,</strong></span> <span class='ocrx_word' id='word_1_224' title='bbox 439 1791 484 1814; x_wconf 93' lang='lat' dir='ltr'><strong>eo</strong></span> <span class='ocrx_word' id='word_1_225' title='bbox 505 1777 588 1826; x_wconf 84' lang='lat' dir='ltr'><strong>ipso</strong></span> <span class='ocrx_word' id='word_1_226' title='bbox 609 1777 709 1815; x_wconf 89' lang='lat' dir='ltr'><strong>duce</strong></span> <span class='ocrx_word' id='word_1_227' title='bbox 730 1790 808 1828; x_wconf 90' lang='lat' dir='ltr'><strong>quo</strong></span> <span class='ocrx_word' id='word_1_228' title='bbox 830 1776 1042 1814; x_wconf 87' lang='lat' dir='ltr'><strong>Domitium</strong></span> <span class='ocrx_word' id='word_1_229' title='bbox 1061 1773 1274 1825; x_wconf 79' lang='lat' dir='ltr'><strong>6⁴captiv0s</strong></span> <span class='ocrx_word' id='word_1_230' title='bbox 1296 1772 1504 1815; x_wconf 80' lang='lat' dir='ltr'><strong>dimiserat,</strong></span> <span class='ocrx_word' id='word_1_231' title='bbox 1526 1782 1610 1806; x_wconf 93' lang='lat' dir='ltr'><strong>mo-</strong></span> 
     </span>
     <span class='ocr_line' id='line_1_26' title="bbox 147 1833 1609 1891; baseline -0.005 -14"><span class='ocrx_word' id='word_1_232' title='bbox 147 1839 196 1877; x_wconf 88' lang='lat' dir='ltr'><strong>tis</strong></span> <span class='ocrx_word' id='word_1_233' title='bbox 217 1841 351 1878; x_wconf 87' lang='lat' dir='ltr'><strong>castris</strong></span> <span class='ocrx_word' id='word_1_234' title='bbox 380 1841 416 1877; x_wconf 90' lang='lat' dir='ltr'><strong>in</strong></span> <span class='ocrx_word' id='word_1_235' title='bbox 445 1841 629 1891; x_wconf 85' lang='lat' dir='ltr'><strong>Apuliam</strong></span> <span class='ocrx_word' id='word_1_236' title='bbox 659 1841 839 1891; x_wconf 87' lang='lat' dir='ltr'><strong>perrexit.</strong></span> <span class='ocrx_word' id='word_1_237' title='bbox 898 1842 1040 1890; x_wconf 83' lang='lat' dir='ltr'><strong>Operae</strong></span> <span class='ocrx_word' id='word_1_238' title='bbox 1060 1838 1225 1889; x_wconf 89' lang='lat' dir='ltr'><strong>pretium</strong></span> <span class='ocrx_word' id='word_1_239' title='bbox 1255 1836 1323 1873; x_wconf 87' lang='lat' dir='ltr'><strong>nisi</strong></span> <span class='ocrx_word' id='word_1_240' title='bbox 1352 1834 1461 1871; x_wconf 87' lang='lat' dir='ltr'><strong>fallor</strong></span> <span class='ocrx_word' id='word_1_241' title='bbox 1480 1833 1609 1877; x_wconf 87' lang='lat' dir='ltr'><strong>fuerit,</strong></span> 
     </span>
     <span class='ocr_line' id='line_1_27' title="bbox 149 1896 1608 1954; baseline -0.006 -13"><span class='ocrx_word' id='word_1_242' title='bbox 149 1903 242 1954; x_wconf 91' lang='lat' dir='ltr'><strong>quid</strong></span> <span class='ocrx_word' id='word_1_243' title='bbox 262 1904 310 1941; x_wconf 92' lang='lat' dir='ltr'><strong>de</strong></span> <span class='ocrx_word' id='word_1_244' title='bbox 327 1904 382 1942; x_wconf 90' lang='lat' dir='ltr'><strong>his</strong></span> <span class='ocrx_word' id='word_1_245' title='bbox 395 1903 630 1954; x_wconf 83' lang='lat' dir='ltr'><strong>⁶⁵qu0modo</strong></span> <span class='ocrx_word' id='word_1_246' title='bbox 646 1905 956 1949; x_wconf 83' lang='lat' dir='ltr'><strong>memoravimus,</strong></span> <span class='ocrx_word' id='word_1_247' title='bbox 970 1911 1006 1941; x_wconf 92' lang='lat' dir='ltr'><strong>et</strong></span> <span class='ocrx_word' id='word_1_248' title='bbox 1022 1904 1100 1953; x_wconf 88' lang='lat' dir='ltr'><strong>ipse</strong></span> <span class='ocrx_word' id='word_1_249' title='bbox 1115 1902 1246 1940; x_wconf 83' lang='lat' dir='ltr'><strong>Caesar</strong></span> <span class='ocrx_word' id='word_1_250' title='bbox 1265 1906 1303 1937; x_wconf 87' lang='lat' dir='ltr'><strong>et</strong></span> <span class='ocrx_word' id='word_1_251' title='bbox 1322 1898 1384 1935; x_wconf 88' lang='lat' dir='ltr'><strong>alii</strong></span> <span class='ocrx_word' id='word_1_252' title='bbox 1405 1896 1608 1934; x_wconf 88' lang='lat' dir='ltr'><strong>senserint:</strong></span> 
     </span>
     <span class='ocr_line' id='line_1_28' title="bbox 148 1958 1611 2019; baseline -0.006 -15"><span class='ocrx_word' id='word_1_253' title='bbox 148 1979 237 2005; x_wconf 85' lang='lat' dir='ltr'><strong>cum</strong></span> <span class='ocrx_word' id='word_1_254' title='bbox 263 1968 363 2005; x_wconf 87' lang='lat' dir='ltr'><strong>enim</strong></span> <span class='ocrx_word' id='word_1_255' title='bbox 397 1969 608 2006; x_wconf 83' lang='lat' dir='ltr'><strong>clementiae</strong></span> <span class='ocrx_word' id='word_1_256' title='bbox 637 1969 733 2018; x_wconf 89' lang='lat' dir='ltr'><strong>ejus,</strong></span> <span class='ocrx_word' id='word_1_257' title='bbox 755 1982 870 2019; x_wconf 83' lang='lat' dir='ltr'><strong>quam</strong></span> <span class='ocrx_word' id='word_1_258' title='bbox 904 1967 1075 2005; x_wconf 89' lang='lat' dir='ltr'><strong>Domitio</strong></span> <span class='ocrx_word' id='word_1_259' title='bbox 1102 1964 1289 2003; x_wconf 85' lang='lat' dir='ltr'><strong>acerrimo</strong></span> <span class='ocrx_word' id='word_1_260' title='bbox 1323 1960 1438 2006; x_wconf 88' lang='lat' dir='ltr'><strong>hosti,</strong></span> <span class='ocrx_word' id='word_1_261' title='bbox 1473 1965 1512 1997; x_wconf 89' lang='lat' dir='ltr'><strong>et</strong></span> <span class='ocrx_word' id='word_1_262' title='bbox 1543 1958 1611 2009; x_wconf 93' lang='lat' dir='ltr'><strong>qui</strong></span> 
     </span>
     <span class='ocr_line' id='line_1_29' title="bbox 148 2023 1613 2080; baseline -0.005 -13"><span class='ocrx_word' id='word_1_263' title='bbox 148 2030 316 2068; x_wconf 88' lang='lat' dir='ltr'><strong>tumultu</strong></span> <span class='ocrx_word' id='word_1_264' title='bbox 332 2030 368 2067; x_wconf 91' lang='lat' dir='ltr'><strong>in</strong></span> <span class='ocrx_word' id='word_1_265' title='bbox 382 2031 445 2068; x_wconf 91' lang='lat' dir='ltr'><strong>illo</strong></span> <span class='ocrx_word' id='word_1_266' title='bbox 457 2031 680 2080; x_wconf 73' lang='lat' dir='ltr'><strong>reipublicae</strong></span> <span class='ocrx_word' id='word_1_267' title='bbox 696 2044 896 2069; x_wconf 86' lang='lat' dir='ltr'><strong>successor</strong></span> <span class='ocrx_word' id='word_1_268' title='bbox 909 2028 980 2068; x_wconf 82' lang='lat' dir='ltr'><strong>sibi</strong></span> <span class='ocrx_word' id='word_1_269' title='bbox 997 2029 1221 2075; x_wconf 83' lang='lat' dir='ltr'><strong>destinatus,</strong></span> <span class='ocrx_word' id='word_1_270' title='bbox 1233 2028 1268 2077; x_wconf 88' lang='lat'><strong>[1</strong></span> <span class='ocrx_word' id='word_1_271' title='bbox 1281 2025 1348 2074; x_wconf 82' lang='lat'><strong>87]</strong></span> <span class='ocrx_word' id='word_1_272' title='bbox 1361 2032 1399 2063; x_wconf 90' lang='lat' dir='ltr'><strong>et</strong></span> <span class='ocrx_word' id='word_1_273' title='bbox 1411 2023 1458 2061; x_wconf 88' lang='lat' dir='ltr'><strong>ad</strong></span> <span class='ocrx_word' id='word_1_274' title='bbox 1475 2036 1613 2060; x_wconf 90' lang='lat' dir='ltr'><strong>consu-</strong></span> 
     </span>
     <span class='ocr_line' id='line_1_30' title="bbox 146 2086 1612 2143; baseline -0.005 -13"><span class='ocrx_word' id='word_1_275' title='bbox 146 2093 269 2131; x_wconf 91' lang='lat' dir='ltr'><strong>latum</strong></span> <span class='ocrx_word' id='word_1_276' title='bbox 290 2094 462 2143; x_wconf 88' lang='lat' dir='ltr'><strong>aspirans</strong></span> <span class='ocrx_word' id='word_1_277' title='bbox 484 2095 584 2133; x_wconf 88' lang='lat' dir='ltr'><strong>sicut</strong></span> <span class='ocrx_word' id='word_1_278' title='bbox 599 2095 766 2133; x_wconf 82' lang='lat' dir='ltr'><strong>diximus</strong></span> <span class='ocrx_word' id='word_1_279' title='bbox 786 2095 857 2133; x_wconf 88' lang='lat' dir='ltr'><strong>sibi</strong></span> <span class='ocrx_word' id='word_1_280' title='bbox 877 2094 1107 2138; x_wconf 88' lang='lat' dir='ltr'><strong>minabatur,</strong></span> <span class='ocrx_word' id='word_1_281' title='bbox 1124 2092 1365 2134; x_wconf 86' lang='lat' dir='ltr'><strong>exhibuerat,</strong></span> <span class='ocrx_word' id='word_1_282' title='bbox 1379 2088 1480 2125; x_wconf 79' lang='lat' dir='ltr'><strong>fama</strong></span> <span class='ocrx_word' id='word_1_283' title='bbox 1502 2093 1542 2123; x_wconf 92' lang='lat' dir='ltr'><strong>ut</strong></span> <span class='ocrx_word' id='word_1_284' title='bbox 1562 2086 1612 2124; x_wconf 92' lang='lat' dir='ltr'><strong>ad</strong></span> 
     </span>
     <span class='ocr_line' id='line_1_31' title="bbox 151 2149 1613 2209; baseline -0.005 -16"><span class='ocrx_word' id='word_1_285' title='bbox 151 2156 293 2200; x_wconf 88' lang='lat' dir='ltr'><strong>hostes,</strong></span> <span class='ocrx_word' id='word_1_286' title='bbox 311 2157 365 2194; x_wconf 89' lang='lat' dir='ltr'><strong>sic</strong></span> <span class='ocrx_word' id='word_1_287' title='bbox 385 2157 433 2194; x_wconf 89' lang='lat' dir='ltr'><strong>ad</strong></span> <span class='ocrx_word' id='word_1_288' title='bbox 455 2158 599 2195; x_wconf 89' lang='lat' dir='ltr'><strong>amicos</strong></span> <span class='ocrx_word' id='word_1_289' title='bbox 618 2159 731 2195; x_wconf 90' lang='lat' dir='ltr'><strong>etiam</strong></span> <span class='ocrx_word' id='word_1_290' title='bbox 752 2158 987 2209; x_wconf 87' lang='lat' dir='ltr'><strong>pervenisset</strong></span> <span class='ocrx_word' id='word_1_291' title='bbox 1005 2173 1015 2202; x_wconf 86' lang='lat'><em>3</em></span> <span class='ocrx_word' id='word_1_292' title='bbox 1051 2157 1207 2205; x_wconf 88' lang='lat' dir='ltr'><strong>duoque</strong></span> <span class='ocrx_word' id='word_1_293' title='bbox 1228 2153 1302 2191; x_wconf 88' lang='lat' dir='ltr'><strong>sibi</strong></span> <span class='ocrx_word' id='word_1_294' title='bbox 1321 2149 1613 2195; x_wconf 85' lang='lat' dir='ltr'><strong>familiarissimi,</strong></span> 
     </span>
     <span class='ocr_line' id='line_1_32' title="bbox 151 2216 1616 2271; baseline -0.005 -14"><span class='ocrx_word' id='word_1_295' title='bbox 151 2219 350 2257; x_wconf 90' lang='lat' dir='ltr'><strong>Cornelius</strong></span> <span class='ocrx_word' id='word_1_296' title='bbox 372 2219 516 2256; x_wconf 89' lang='lat' dir='ltr'><strong>Balbus</strong></span> <span class='ocrx_word' id='word_1_297' title='bbox 536 2226 652 2270; x_wconf 88' lang='lat' dir='ltr'><strong>atque</strong></span> <span class='ocrx_word' id='word_1_298' title='bbox 674 2221 842 2271; x_wconf 87' lang='lat' dir='ltr'><strong>Oppius,</strong></span> <span class='ocrx_word' id='word_1_299' title='bbox 864 2221 1007 2258; x_wconf 84' lang='lat' dir='ltr'><strong>factum</strong></span> <span class='ocrx_word' id='word_1_300' title='bbox 1030 2220 1112 2269; x_wconf 86' lang='lat' dir='ltr'><strong>ejus</strong></span> <span class='ocrx_word' id='word_1_301' title='bbox 1135 2232 1204 2268; x_wconf 88' lang='lat' dir='ltr'><strong>per</strong></span> <span class='ocrx_word' id='word_1_302' title='bbox 1223 2218 1350 2255; x_wconf 86' lang='lat' dir='ltr'><strong>literas</strong></span> <span class='ocrx_word' id='word_1_303' title='bbox 1373 2216 1616 2253; x_wconf 85' lang='lat' dir='ltr'><strong>vehementer</strong></span> 
     </span>
     <span class='ocr_line' id='line_1_33' title="bbox 149 2278 1618 2332; baseline -0.003 -14"><span class='ocrx_word' id='word_1_304' title='bbox 149 2281 381 2326; x_wconf 82' lang='lat' dir='ltr'><strong>laudassent,</strong></span> <span class='ocrx_word' id='word_1_305' title='bbox 401 2283 658 2332; x_wconf 82' lang='lat' dir='ltr'><strong>responsionis</strong></span> <span class='ocrx_word' id='word_1_306' title='bbox 678 2284 868 2321; x_wconf 78' lang='lat' dir='ltr'><strong>Caesareae</strong></span> <span class='ocrx_word' id='word_1_307' title='bbox 887 2290 994 2320; x_wconf 83' lang='lat' dir='ltr'><strong>extat</strong></span> <span class='ocrx_word' id='word_1_308' title='bbox 1013 2282 1186 2331; x_wconf 89' lang='lat' dir='ltr'><strong>epistola,</strong></span> <span class='ocrx_word' id='word_1_309' title='bbox 1209 2293 1296 2330; x_wconf 84' lang='lat' dir='ltr'><strong>quae</strong></span> <span class='ocrx_word' id='word_1_310' title='bbox 1326 2278 1420 2316; x_wconf 88' lang='lat' dir='ltr'><strong>mihi</strong></span> <span class='ocrx_word' id='word_1_311' title='bbox 1440 2290 1554 2323; x_wconf 88' lang='lat' dir='ltr'><strong>nunc,</strong></span> <span class='ocrx_word' id='word_1_312' title='bbox 1578 2282 1618 2314; x_wconf 89' lang='lat' dir='ltr'><strong>et</strong></span> 
     </span>
     <span class='ocr_line' id='line_1_34' title="bbox 150 2341 1617 2397; baseline -0.003 -15"><span class='ocrx_word' id='word_1_313' title='bbox 150 2351 311 2395; x_wconf 90' lang='lat' dir='ltr'><strong>propter</strong></span> <span class='ocrx_word' id='word_1_314' title='bbox 324 2346 526 2383; x_wconf 84' lang='lat' dir='ltr'><strong>scribentis</strong></span> <span class='ocrx_word' id='word_1_315' title='bbox 542 2347 827 2392; x_wconf 85' lang='lat' dir='ltr'><strong>auctoritatem,</strong></span> <span class='ocrx_word' id='word_1_316' title='bbox 843 2354 879 2384; x_wconf 94' lang='lat' dir='ltr'><strong>et</strong></span> <span class='ocrx_word' id='word_1_317' title='bbox 896 2353 1055 2397; x_wconf 89' lang='lat' dir='ltr'><strong>propter</strong></span> <span class='ocrx_word' id='word_1_318' title='bbox 1069 2345 1185 2395; x_wconf 85' lang='lat' dir='ltr'><strong>ipsius</strong></span> <span class='ocrx_word' id='word_1_319' title='bbox 1199 2343 1371 2394; x_wconf 87' lang='lat' dir='ltr'><strong>epistolae</strong></span> <span class='ocrx_word' id='word_1_320' title='bbox 1391 2341 1617 2392; x_wconf 87' lang='lat' dir='ltr'><strong>gravitatem</strong></span> 
     </span>
     <span class='ocr_line' id='line_1_35' title="bbox 151 2402 1615 2461; baseline -0.003 -16"><span class='ocrx_word' id='word_1_321' title='bbox 151 2421 197 2446; x_wconf 84' lang='lat' dir='ltr'><strong>ac</strong></span> <span class='ocrx_word' id='word_1_322' title='bbox 218 2409 452 2455; x_wconf 86' lang='lat' dir='ltr'><strong>brevitatem,</strong></span> <span class='ocrx_word' id='word_1_323' title='bbox 485 2410 603 2461; x_wconf 82' lang='lat' dir='ltr'><strong>digna</strong></span> <span class='ocrx_word' id='word_1_324' title='bbox 636 2411 693 2448; x_wconf 88' lang='lat' dir='ltr'><strong>his</strong></span> <span class='ocrx_word' id='word_1_325' title='bbox 724 2411 839 2448; x_wconf 87' lang='lat' dir='ltr'><strong>inseri</strong></span> <span class='ocrx_word' id='word_1_326' title='bbox 860 2410 938 2448; x_wconf 75' lang='lat' dir='ltr'><strong>visa</strong></span> <span class='ocrx_word' id='word_1_327' title='bbox 957 2416 1028 2453; x_wconf 87' lang='lat' dir='ltr'><strong>est,</strong></span> <span class='ocrx_word' id='word_1_328' title='bbox 1062 2422 1107 2446; x_wconf 88' lang='lat' dir='ltr'><strong>ea</strong></span> <span class='ocrx_word' id='word_1_329' title='bbox 1135 2421 1226 2446; x_wconf 68' lang='lat' dir='ltr'><strong>vero</strong></span> <span class='ocrx_word' id='word_1_330' title='bbox 1259 2412 1317 2445; x_wconf 89' lang='lat' dir='ltr'><strong>est</strong></span> <span class='ocrx_word' id='word_1_331' title='bbox 1351 2405 1466 2455; x_wconf 88' lang='lat' dir='ltr'><strong>hujus</strong></span> <span class='ocrx_word' id='word_1_332' title='bbox 1488 2402 1615 2441; x_wconf 89' lang='lat' dir='ltr'><strong>modi:</strong></span> 
     </span>
     <span class='ocr_line' id='line_1_36' title="bbox 152 2465 1619 2525; baseline -0.005 -16"><span class='ocrx_word' id='word_1_333' title='bbox 152 2477 163 2493; x_wconf 93' lang='lat'>‘</span> <span class='ocrx_word' id='word_1_334' title='bbox 186 2472 316 2510; x_wconf 83' lang='lat' dir='ltr'><strong>Caesar</strong></span> <span class='ocrx_word' id='word_1_335' title='bbox 335 2473 466 2523; x_wconf 87' lang='lat' dir='ltr'><strong>Oppio</strong></span> <span class='ocrx_word' id='word_1_336' title='bbox 485 2475 742 2525; x_wconf 88' lang='lat' dir='ltr'><strong>Cornelioque</strong></span> <span class='ocrx_word' id='word_1_337' title='bbox 770 2476 948 2513; x_wconf 87' lang='lat' dir='ltr'><strong>salutem.</strong></span> <span class='ocrx_word' id='word_1_338' title='bbox 1005 2472 1173 2512; x_wconf 85' lang='lat' dir='ltr'><strong>Gaudeo</strong></span> <span class='ocrx_word' id='word_1_339' title='bbox 1200 2469 1393 2508; x_wconf 87' lang='lat' dir='ltr'><strong>mehercle</strong></span> <span class='ocrx_word' id='word_1_340' title='bbox 1414 2481 1478 2505; x_wconf 82' lang='lat' dir='ltr'><strong>vos</strong></span> <span class='ocrx_word' id='word_1_341' title='bbox 1503 2465 1619 2515; x_wconf 85' lang='lat' dir='ltr'><strong>signi-</strong></span> 
     </span>
     <span class='ocr_line' id='line_1_37' title="bbox 154 2531 1619 2590; baseline -0.006 -16"><span class='ocrx_word' id='word_1_342' title='bbox 154 2535 273 2574; x_wconf 87' lang='lat' dir='ltr'><strong>ficare</strong></span> <span class='ocrx_word' id='word_1_343' title='bbox 305 2537 420 2574; x_wconf 85' lang='lat' dir='ltr'><strong>literis</strong></span> <span class='ocrx_word' id='word_1_344' title='bbox 455 2551 570 2587; x_wconf 88' lang='lat' dir='ltr'><strong>quam</strong></span> <span class='ocrx_word' id='word_1_345' title='bbox 597 2540 706 2577; x_wconf 83' lang='lat' dir='ltr'><strong>valde</strong></span> <span class='ocrx_word' id='word_1_346' title='bbox 738 2540 911 2590; x_wconf 88' lang='lat' dir='ltr'><strong>probetis</strong></span> <span class='ocrx_word' id='word_1_347' title='bbox 941 2552 985 2577; x_wconf 89' lang='lat' dir='ltr'><strong>ea</strong></span> <span class='ocrx_word' id='word_1_348' title='bbox 1012 2551 1099 2589; x_wconf 85' lang='lat' dir='ltr'><strong>quae</strong></span> <span class='ocrx_word' id='word_1_349' title='bbox 1136 2535 1239 2586; x_wconf 85' lang='lat' dir='ltr'><strong>apud</strong></span> <span class='ocrx_word' id='word_1_350' title='bbox 1278 2531 1490 2572; x_wconf 88' lang='lat' dir='ltr'><strong>Corfinium</strong></span> <span class='ocrx_word' id='word_1_351' title='bbox 1530 2534 1619 2566; x_wconf 89' lang='lat' dir='ltr'><strong>sunt</strong></span> 
     </span>
     <span class='ocr_line' id='line_1_38' title="bbox 154 2592 1620 2649; baseline -0.006 -13"><span class='ocrx_word' id='word_1_352' title='bbox 154 2604 287 2649; x_wconf 83' lang='lat' dir='ltr'><strong>gesta:</strong></span> <span class='ocrx_word' id='word_1_353' title='bbox 327 2600 489 2637; x_wconf 92' lang='lat' dir='ltr'><strong>consilio</strong></span> <span class='ocrx_word' id='word_1_354' title='bbox 520 2609 645 2639; x_wconf 82' lang='lat' dir='ltr'><strong>vestro</strong></span> <span class='ocrx_word' id='word_1_355' title='bbox 673 2609 759 2640; x_wconf 88' lang='lat' dir='ltr'><strong>utar</strong></span> <span class='ocrx_word' id='word_1_356' title='bbox 792 2603 976 2641; x_wconf 87' lang='lat' dir='ltr'><strong>libenter:</strong></span> <span class='ocrx_word' id='word_1_357' title='bbox 1017 2608 1056 2639; x_wconf 90' lang='lat' dir='ltr'><strong>et</strong></span> <span class='ocrx_word' id='word_1_358' title='bbox 1084 2602 1158 2638; x_wconf 85' lang='lat' dir='ltr'><strong>hoc</strong></span> <span class='ocrx_word' id='word_1_359' title='bbox 1193 2598 1370 2637; x_wconf 79' lang='lat' dir='ltr'><strong>libentius</strong></span> <span class='ocrx_word' id='word_1_360' title='bbox 1401 2592 1506 2644; x_wconf 92' lang='lat' dir='ltr'><strong>quod</strong></span> <span class='ocrx_word' id='word_1_361' title='bbox 1533 2603 1620 2628; x_wconf 86' lang='lat' dir='ltr'><strong>mea</strong></span> 
     </span>
    </p>
   </div>
   <div class='ocr_carea' id='block_1_3' title="bbox 159 2686 1620 2791">
    <p class='ocr_par' dir='ltr' id='par_1_3' title="bbox 159 2686 1620 2791">
     <span class='ocr_line' id='line_1_39' title="bbox 196 2686 1620 2741; baseline 0.01 -17"><span class='ocrx_word' id='word_1_362' title='bbox 196 2696 239 2724; x_wconf 83' lang='lat'><strong>62</strong></span> <span class='ocrx_word' id='word_1_363' title='bbox 256 2693 609 2735; x_wconf 74' lang='lat' dir='ltr'><strong>Lege,militare.-63</strong></span> <span class='ocrx_word' id='word_1_364' title='bbox 638 2698 739 2741; x_wconf 82' lang='lat' dir='ltr'><strong>Lege,</strong></span> <span class='ocrx_word' id='word_1_365' title='bbox 757 2699 1021 2734; x_wconf 54' lang='lat' dir='ltr'><strong>nucarum—434</strong></span> <span class='ocrx_word' id='word_1_366' title='bbox 1049 2696 1196 2728; x_wconf 77' lang='lat' dir='ltr'><strong>videtur</strong></span> <span class='ocrx_word' id='word_1_367' title='bbox 1217 2686 1620 2733; x_wconf 68' lang='lat' dir='ltr'><strong>legendum›⁶“1³‘²&#39;⁶⁰⁸‘1“⁶</strong></span> 
     </span>
     <span class='ocr_line' id='line_1_40' title="bbox 159 2746 647 2791; baseline 0.012 -14"><span class='ocrx_word' id='word_1_368' title='bbox 159 2746 328 2779; x_wconf 55' lang='lat' dir='ltr'><strong>aliam-65</strong></span> <span class='ocrx_word' id='word_1_369' title='bbox 347 2749 452 2790; x_wconf 82' lang='lat' dir='ltr'><strong>Lege,</strong></span> <span class='ocrx_word' id='word_1_370' title='bbox 465 2760 533 2791; x_wconf 67' lang='grc' dir='ltr'><strong>(μα’</strong></span> <span class='ocrx_word' id='word_1_371' title='bbox 548 2752 647 2783; x_wconf 83' lang='lat' dir='ltr'><strong>modo.</strong></span> 
     </span>
    </p>
   </div>
  </div>
 </body>
</html>
