1850 3109
531 221 591 250 nu
626 218 743 249 vi'rA
775 218 909 249 sunu
955 218 1190 249 exemtus.
1478 209 1591 251 1693

130 319 214 370 [12]
243 319 495 365 poterantque
517 311 802 350 sceleratissimi
826 312 930 349 cives
952 311 1089 361 lingum
1121 312 1231 348 unius
1267 312 1407 349 auxilio
1436 326 1590 362 poenam

125 378 349 428 justissimae
370 376 500 413 mortis
521 375 693 420 evadere,
725 375 796 412 nisi
832 377 995 412 Marcus
1028 376 1128 412 Cato
1162 376 1217 412 vir
1245 376 1488 424 gravissimus
1509 390 1592 414 ora—

131 443 231 480 tione
262 440 451 479 contraria
486 439 693 489 pessimam
727 439 764 475 in
801 445 951 489 partem
986 438 1186 476 inclinatos
1217 439 1362 475 animos
1399 439 1591 477 erexisset.

130 507 246 543 Extat
267 511 429 552 utraque
450 503 571 539 oratio
592 502 696 552 apud
724 502 902 552 Crispum
925 502 1142 540 Sallustium
1165 502 1345 552 temporis
1361 503 1459 540 illius
1481 503 1595 540 histo-

130 568 264 606 ricum.
321 568 459 617 Neque
480 573 606 604 tamen
626 567 765 616 coeptis
794 565 993 611 abstinuit,
1029 566 1154 603 donec
1189 567 1352 604 Romani
1373 568 1521 617 equites
1542 567 1591 605 ad

131 631 351 681 praesidium
373 636 526 668 senatus
558 630 694 667 armati
728 637 888 667 mortem
923 630 994 666 sibi
1033 630 1175 667 strictis
1207 631 1455 668 mucronibus
1476 631 1596 669 mina-

130 701 272 733 rentur.
331 696 389 732 Ita
424 700 464 731 ut
498 694 660 743 proximi
693 700 797 731 metu
833 707 956 743 poenae
989 707 1120 731 omnes
1142 694 1369 743 effugerent,
1403 695 1594 745 paucique

131 772 215 796 eum
236 759 442 808 complexu
466 764 642 807 togaeque
665 757 746 795 sinu
767 759 999 796 obvolutum
1033 758 1208 808 periculo
1233 759 1367 795 mortis
1389 758 1594 808 eriperent.

133 823 221 867 Quo
243 828 438 872 permotus
460 834 535 859 non
565 821 682 858 modo
716 828 885 872 coeptum
917 821 1087 866 obnnsit,
1119 821 1185 859 sed
1219 822 1267 859 ad
1302 828 1452 871 tempus
1472 822 1595 871 ipsam

132 887 274 924 curiam
307 886 526 924 intermisit:
558 899 628 923 nec
650 885 716 922 diu
739 893 867 923 tamen
890 886 1008 922 valuit
1033 885 1229 934 quiescere
1250 885 1456 936 quominus
1478 887 1598 924 tribu-

133 950 243 987 niciis
265 950 442 1000 procellis
465 963 503 986 se
526 950 725 999 ingereret.
784 950 921 1000 Itaque
950 949 1104 987 Caecilio
1137 949 1297 987 Metello
1328 956 1419 987 tunc
1440 949 1595 988 tribuno

133 1014 256 1063 plebis
279 1014 386 1051 novis
409 1014 555 1062 legibus
577 1020 613 1051 et
640 1014 844 1063 collegium
879 1014 1121 1051 tribunorum
1151 1020 1188 1051 et
1210 1014 1489 1063 rempublicam
1510 1028 1597 1065 per·

133 1078 316 1122 turbanti,
339 1090 411 1115 non
435 1077 625 1114 fautorem
648 1078 764 1114 modo
795 1090 834 1114 se
865 1078 1047 1126 praebuit,
1078 1077 1143 1114 sed
1164 1085 1377 1115 auctorem:
1410 1092 1596 1116 novarum

133 1141 277 1190 ubique
298 1152 422 1177 rerum
443 1152 640 1187 aucupans
663 1140 873 1184 materiam,
904 1139 1029 1177 donec
1059 1141 1109 1178 ab
1140 1141 1466 1179 administratione
1497 1143 1598 1193 pub-

133 1205 207 1242 lica
233 1204 350 1253 jussu
381 1209 536 1240 senatus
568 1209 727 1252 uterque
748 1202 1028 1253 prohiberetur.
1087 1204 1227 1253 Neque
1248 1205 1307 1241 vel
1327 1206 1383 1242 sic
1404 1206 1599 1256 magistra-

135 1275 216 1306 tum
236 1282 363 1319 gerere
384 1276 422 1306 et
449 1269 515 1318 jus
537 1267 698 1305 reddere
720 1267 880 1312 destitit,
903 1267 1028 1306 donec
1049 1269 1086 1305 in
1109 1268 1223 1305 armis
1250 1281 1345 1314 esse,
1369 1269 1435 1318 qui
1454 1283 1538 1307 eum
1561 1271 1599 1307 vi

136 1339 317 1382 cogerent
349 1345 479 1382 parere
515 1331 673 1377 senatui,
705 1330 1014 1381 deprehenderit.
1072 1331 1278 1369 Enimvero
1311 1338 1403 1369 tunc
1435 1333 1599 1372 dimissis

134 1395 332 1434 lictoribus
351 1396 451 1433 clam
471 1395 663 1440 discessit,
701 1396 913 1444 statuitque
945 1395 1131 1445 tantisper
1157 1408 1227 1445 pro
1257 1403 1444 1446 tempore,
1466 1410 1512 1435 ac
1542 1411 1598 1435 re-

135 1473 216 1498 rum
239 1459 427 1510 qualitate
449 1460 660 1510 quiescere.
717 1460 895 1509 Cumque
916 1460 1091 1496 certatim
1125 1459 1236 1496 multi
1269 1460 1319 1496 ad
1353 1473 1440 1497 eum
1460 1460 1596 1499 (liebus

134 1524 317 1575 proximis
335 1524 596 1571 convenirent,
618 1522 665 1561 ad
699 1524 888 1561 lacessitae
921 1523 1145 1573 praesidium
1178 1523 1373 1574 dignitatis
1409 1537 1522 1574 opem
1544 1524 1598 1562 illi

134 1595 251 1638 atque
284 1600 441 1637 operam
475 1588 704 1632 offerentes;
737 1600 801 1624 seu
835 1586 1025 1624 modestia
1061 1600 1128 1624 seu
1160 1586 1374 1625 diffidentia
1393 1588 1598 1634 recusavit,

136 1657 253 1702 atque
287 1651 521 1688 effraeiiatius
544 1651 724 1689 instantes
756 1651 882 1687 sobria
915 1651 1084 1688 oratione
1106 1651 1296 1689 coercuit:
1329 1664 1416 1701 quae
1439 1664 1496 1688 res
1519 1651 1599 1689 ¹⁴ea

138 1715 279 1765 gratior
311 1715 503 1760 omnibus,
539 1728 616 1764 quo
646 1715 695 1751 ab
727 1714 831 1751 omui
860 1714 1037 1764 opinione
1066 1714 1248 1751 remotior
1281 1714 1377 1751 fuit:
1408 1714 1509 1751 unde
1543 1720 1600 1751 est

138 1778 337 1823 effectum,
359 1783 401 1815 ut
422 1783 572 1814 senatus
591 1778 625 1814 ei
646 1790 713 1826 per
730 1777 891 1814 illustres
911 1777 1012 1814 viros
1032 1783 1157 1826 grates
1173 1784 1321 1826 ageret-;
1344 1777 1433 1814 etin
1455 1777 1598 1815 curiam

139 1848 314 1886 evocato,
337 1854 383 1878 ac
405 1841 533 1878 verbis
566 1840 965 1878 honorificentissimis·
999 1841 1218 1878 collaudato
1243 1848 1475 1890 praereptum
1494 1842 1602 1879 resti-

140 1910 266 1943 tueret
287 1906 565 1955 magistratum.
624 1908 714 1944 Non
749 1906 868 1949 multo
903 1912 990 1954 post
1011 1905 1175 1955 graviori
1205 1918 1308 1942 nunc
1330 1905 1446 1942 etiam
1479 1905 1602 1955 suspi-

141 1968 251 2007 cione
285 1970 493 2007 laboravit:
524 1977 730 2007 accusatus
770 1969 873 2018 apud
909 1968 1080 2006 Nonium
1117 1968 1279 2018 Nigrum
1317 1975 1546 2018 quaestorem
1579 1982 1602 2007 a

140 2033 264 2070 Lucio
276 2033 413 2070 Vectio
435 2033 538 2082 quod
561 2032 696 2070 fuisset
716 2032 812 2069 inter
829 2033 1038 2082 complices
1055 2033 1243 2076 Catilinae,
1260 2045 1336 2082 qua
1357 2032 1457 2069 nulla
1479 2033 1602 2082 major

140 2109 222 2134 esse
243 2103 372 2147 posset
404 2096 574 2134 infamia.
633 2098 677 2133 ln
700 2102 835 2134 senatu
856 2103 982 2134 autem
1004 2110 1026 2134 a
1047 2096 1195 2141 Quinto
1217 2096 1334 2134 Curio
1355 2095 1516 2140 delatus,
1537 2096 1601 2134 cui

141 2172 187 2197 eo
207 2160 291 2209 plus
312 2173 391 2197 esse
421 2159 513 2198 fidei
534 2160 748 2207 videbatur,
783 2174 861 2210 quo
883 2161 1188 2210 conjurationem
1220 2161 1322 2197 illam
1353 2160 1433 2209 ipse
1454 2160 1600 2210 primus

140 2223 358 2268 revelasset,
389 2224 474 2272 [13]
495 2230 611 2273 atque
631 2225 682 2261 ob
703 2224 741 2261 id
763 2224 919 2262 decerni
939 2225 1011 2262 sibi
1032 2225 1080 2261 de
1102 2225 1262 2274 publico
1289 2224 1447 2273 praemia
1479 2236 1602 2261 meru-

141 2286 247 2330 isset,
268 2293 307 2323 et
338 2286 402 2323 hic
436 2286 591 2336 quidem
624 2301 669 2323 ex
703 2288 865 2324 Catilina
898 2287 1093 2332 didicisse,
1125 2288 1220 2324 alter
1239 2302 1277 2324 se
1299 2287 1601 2336 chirographum

143 2351 306 2389 Caesaris
337 2351 512 2389 Catilinae
542 2350 675 2388 datum
702 2358 941 2388 ostensurum
961 2351 1178 2388 asserebat:
1210 2351 1481 2387 contumeliam
1502 2351 1601 2389 hanc

144 2421 303 2460 tantam,
328 2418 547 2465 ¹5tanquam
569 2428 674 2451 acres
696 2415 822 2452 livoris
843 2415 998 2452 aculeos
1030 2415 1246 2452 nullatenus
1273 2414 1520 2464 perferendos
1542 2428 1602 2452 ra-

145 2484 206 2516 tus
226 2479 370 2522 Caesar,
391 2479 615 2515 Ciceronem
651 2491 728 2515 suae
750 2478 977 2515 innocentia:
999 2485 1134 2516 testem
1157 2479 1267 2515 fecit:
1300 2492 1417 2528 seque
1436 2478 1489 2515 illi
1509 2485 1601 2515 tunc

144 2542 291 2579 consuli
325 2542 373 2579 de
407 2555 451 2578 ea
484 2542 565 2591 ipsa
599 2542 881 2590 conjuratione,
902 2555 1017 2591 quam
1050 2543 1255 2592 loquimur,
1277 2542 1422 2591 aliquid
1456 2542 1602 2578 denun-

145 2604 259 2642 tiasse
281 2606 523 2643 monstravit:
554 2612 668 2655 atque
689 2605 740 2642 ita
760 2605 971 2643 confutatis
991 2606 1228 2651 adversariis,
1251 2614 1290 2643 ut
1312 2606 1472 2642 decretis
1502 2617 1600 2652 prae-

145 2667 230 2706 miis
249 2669 386 2707 Curius
411 2670 622 2720 privaretur
641 2669 832 2714 obtinuit;
864 2670 1022 2707 Vectius
1042 2683 1133 2707 vero
1155 2676 1198 2708 ut
1224 2669 1446 2720 pignoribus
1476 2667 1601 2717 captis

576 2771 615 2801 14
638 2770 741 2811 Lege,
765 2773 893 2802 ‹tm—15
921 2771 1026 2811 Lege,
1041 2774 1172 2811 tamque.
