1850 3109
422 223 860 266 CAP.85.Liu.nE
894 234 1050 264 BELLo
1083 236 1245 267 Arnum

110 327 190 363 diol.
219 330 398 361 lectionem
429 329 549 369 probat
582 328 812 369 Rhenicanus,

110 386 144 411 et
169 386 219 411 est
243 389 374 421 quoque
396 379 429 409 in
447 380 553 409 Dorv.
572 388 610 409 ac
627 379 721 409 Leid.
741 389 809 410 sec.

110 431 175 462 Sed
193 435 228 461 et
246 430 362 470 Cujac.
394 430 514 460 Petav.
542 430 667 469 Scalig.
685 429 810 460 habent

109 483 215 511 contra
251 480 482 520 elephantosque
519 480 708 515 conlocatos;
747 480 809 511 nisi

109 532 196 573 quod
213 531 244 561 in
260 531 378 570 Cujac.
393 531 437 560 sit
455 530 679 570 elephantoque.
712 530 807 561 Leia.

108 591 158 622 pr.
176 581 234 611 dat
261 590 325 610 nou
354 582 440 611 male
464 581 684 611 animadvertit
712 581 808 611 aciem

102 641 160 671 pro
174 631 252 660 rollo
278 631 441 671 Scipionis,
463 631 633 671 elephantis
654 632 764 661 dextro
779 640 806 661 s.

105 691 131 711 c.
147 681 312 712 collocatis.
353 682 397 712 Ut
416 681 551 721 legebat
569 681 806 721 Glandorpim,

104 731 167 761 nisi
184 731 273 771 quod
291 732 473 762 instructam
491 730 614 762 fecerit
628 741 669 761 ex
685 734 805 770 contra,

105 791 180 822 quae
199 791 261 811 vox
279 782 310 812 in
332 782 428 812 Leid.
448 782 544 822 prim.
561 787 612 812 est
629 782 718 812 inter
734 792 807 813 ver-

102 841 157 861 sus
175 835 318 863 tantum.
364 833 478 869 Eligat
502 833 623 870 lector,
637 833 725 873 quod
752 843 807 864 ve-

104 881 155 912 lit.
202 882 327 913 Forsan
354 886 460 914 contra
486 883 614 914 excidit
631 893 649 914 e
667 893 807 924 sequen-

103 931 194 963 tibus
210 936 310 963 castra
333 937 439 964 contra
456 943 487 964 se
510 944 569 964 non
594 934 749 973 ignat-iter
764 946 804 967 m.

104 991 180 1012 nam
203 982 247 1013 ibi
264 983 388 1022 Scalig.
406 984 488 1014 Cod.
505 984 609 1015 habet
622 989 729 1015 contra
745 995 805 1026 pro

103 1035 216 1062 castra.
264 1031 371 1063 Immo
397 1033 490 1063 Leid.
509 1042 574 1064 sec.
599 1037 633 1064 et
659 1035 805 1066 Dorvill.

102 1085 207 1111 canera
222 1092 254 1112 se
267 1083 412 1121 gnaviter
429 1094 469 1113 m.

145 1140 286 1163 Lxxxrt.
311 1136 330 1162 9
365 1133 536 1172 Eruptione
557 1133 707 1172 pugnari]
739 1134 805 1164 Im-

102 1192 157 1213 mo
181 1191 260 1213 vero
290 1182 476 1222 inruptione.
521 1182 599 1213 Jam
633 1182 722 1212 enim
751 1192 805 1213 co-

103 1231 176 1271 pias
192 1241 209 1262 e
227 1233 346 1263 castris
364 1232 478 1263 Caesar
495 1232 672 1263 eduxerat.
711 1233 806 1263 Vidit

103 1283 167 1313 hoc
183 1286 261 1313 ante
278 1291 330 1312 me
354 1282 407 1314 Ill.
433 1283 586 1314 Schelius
614 1283 742 1314 Corum.
771 1284 804 1314 in

106 1331 234 1374 Hygin.
264 1341 295 1372 p.
323 1335 374 1363 41.
408 1333 450 1364 de
482 1332 653 1374 frequenti
684 1334 803 1373 horum

102 1390 222 1412 vocum
259 1381 456 1413 confusione
501 1384 557 1414 adi
597 1383 638 1414 ad
676 1385 717 1416 B.
758 1385 801 1416 G.

102 1440 167 1463 vn.
185 1435 234 1463 69.

102 1485 104 1489 “
143 1491 300 1515 Lxxxnr.
324 1487 344 1515 6
367 1484 509 1516 Stridore
527 1485 700 1523 fundarum
725 1487 802 1527 lapi-

100 1534 243 1575 dumque]
272 1534 367 1565 Leid.
397 1545 464 1565 sec.
487 1534 687 1573 funditorum
711 1546 802 1567 saxo-

98 1593 187 1614 rum.-
211 1585 320 1615 Dorv.
352 1589 388 1615 et
413 1585 500 1616 Edd.
528 1587 623 1617 Rom.
652 1587 739 1617 Veu.
763 1597 801 1618 ac

101 1633 240 1664 Mediol.
259 1633 354 1671 fund.
371 1644 515 1664 saxorum
529 1635 716 1676 plumbique.
761 1637 802 1667 In

103 1683 220 1714 Petav.
237 1693 303 1714 non
322 1684 419 1715 adest
442 1695 507 1724 qne.
553 1686 643 1716 Num
666 1686 803 1726 scripsit

103 1733 236 1765 Hirtius
264 1738 321 1764 str.
339 1734 510 1772 fundarum
536 1735 683 1775 lapidum,
706 1737 803 1776 plum—

101 1782 213 1824 bique?
257 1784 297 1814 Id
313 1789 376 1823 est,
396 1785 526 1816 stridore
542 1795 604 1825 per
620 1785 751 1826 lapides
768 1791 803 1818 et

101 1835 240 1875 glandes
279 1836 453 1875 plumbeos
488 1845 506 1866 e
543 1835 656 1866 fundis
678 1837 802 1876 jactos.

101 1886 190 1917 Nam
206 1885 309 1917 funda
330 1888 460 1926 glandes
484 1887 638 1927 plumbeos
663 1888 801 1918 emissos

99 1935 215 1975 fuisse,
233 1946 284 1967 res
301 1941 350 1967 est
367 1937 553 1968 notissima.

142 1989 164 2017 9
187 1987 304 2018 Eodem
319 1997 412 2018 cornu
424 1997 491 2018 cum
504 1988 689 2029 elephantis]
713 1990 801 2020 Dor-

99 2036 171 2068 vill.
199 2041 235 2068 et
264 2038 351 2069 Edd.
378 2038 474 2069 Rom.
503 2038 645 2069 Mediol.
673 2039 798 2071 Venet.

99 2095 165 2118 non
195 2087 321 2119 babent
348 2098 444 2125 cum‚·
487 2093 524 2120 nt
557 2090 730 2130 elephantis
757 2091 801 2121 sit

101 2137 259 2178 Dafivus,
294 2139 569 2180 frequentissima
620 2142 800 2173 locutione.

99 2188 227 2220 Justin.
243 2199 299 2221 ιιι.
315 2194 346 2222 4.
370 2192 379 2207 ‘
397 2191 437 2221 In
454 2192 610 2223 eumdem
632 2193 714 2233 ipsis
731 2203 800 2225 mo-

100 2238 196 2270 rem.’
243 2240 362 2271 Heius,
400 2241 441 2271 ad
479 2242 580 2273 Ovid.
611 2243 687 2274 Am.
718 2253 742 2274 1.
770 2248 800 2276 4.

100 2291 110 2307 ‘
129 2290 244 2331 epulas
260 2290 355 2322 nobis
372 2291 526 2322 aditurus
543 2293 699 2324 easdem?
734 2295 801 2325 Sed

99 2340 147 2371 nil
171 2346 290 2372 contra
318 2342 472 2383 antiquos
500 2342 642 2374 Codices
666 2354 801 2375 moven-

101 2391 179 2422 dum
203 2396 331 2423 temere
359 2392 510 2423 videtur:
535 2403 601 2424 cum
633 2394 802 2434 elephantis

101 2446 153 2473 est
168 2452 223 2483 quo
239 2453 331 2473 cornu
354 2446 383 2473 et
408 2444 562 2483 elephanti
588 2447 688 2475 erant.
733 2443 800 2475 Adi

102 2496 229 2532 praeter
252 2493 333 2523 alios
361 2493 473 2524 Periz.
502 2493 544 2524 ad
567 2494 680 2525 Sauct.
714 2495 800 2526 Min.

101 2543 188 2573 l.1v.
215 2553 244 2574 c..
260 2546 291 2574 6.
320 2553 352 2583 p.
376 2546 450 2574 683.
482 2553 634 2574 socerum
659 2544 700 2574 ad
724 2545 799 2576 Val.

102 2591 199 2623 Max.
228 2601 276 2623 lv.
308 2597 338 2623 5.
370 2596 400 2623 3.
425 2596 433 2610 ‘
452 2594 614 2624 Eanulem
643 2604 716 2625 cum
743 2595 800 2625 illo

105 2651 237 2681 poenam
280 2643 492 2675 subiturum!
558 2643 646 2674 Edd.
699 2645 799 2675 Vasc.

105 2690 237 2731 Grypli.
272 2698 360 2732 post.
396 2698 431 2724 et
459 2694 652 2734 Stephanus
683 2694 800 2725 itidem

105 2750 171 2771 non
189 2741 312 2773 habeut
328 2753 407 2783 cum,
434 2744 494 2774 sed
515 2745 729 2785 distinguunt
743 2746 802 2776 ele-

1448 229 1562 272 1635

860 329 988 369 phontis
1002 332 1088 360 erant
1104 330 1260 369 praesidio,
1275 330 1400 362 deserti.

906 388 1057 410 Lxxxrv.
1081 385 1099 410 5
1125 381 1308 412 Proboscide
1324 386 1425 413 erecta
1439 383 1560 415 cibran-

861 429 959 469 tique]
991 431 1056 461 ΜΒ.
1097 432 1201 462 Norv.
1241 431 1344 463 habet
1370 436 1561 473 promuscide

861 484 961 511 erecta
984 481 1210 522 vibratim‹7ue;
1234 483 1281 513 sic
1298 488 1332 514 et
1350 489 1481 524 postea,
1505 486 1564 516 ubi

860 539 977 561 luanus
1006 532 1178 572 elephanti
1206 533 1237 563 in
1270 533 1382 573 vulgg.
1420 539 1564 565 vocatur

856 580 1021 620 proboscis,
1046 581 1072 611 is
1098 582 1215 612 Codex
1237 584 1461 623 promuscidem
1485 594 1563 615 con·

860 634 992 661 stanter
1006 638 1240 671 repraesentat.
1288 634 1342 665 Ita
1353 635 1455 666 etiam
1470 636 1561 677 apud

859 680 1007 711 Plinium
1036 681 1124 712 Hist.
1144 683 1224 714 Nat.
1250 693 1330 716 vni.
1354 688 1385 715 7.
1411 685 1563 717 nonnulli

858 730 934 761 libri
962 731 1171 772 proboscidem
1199 734 1384 773 exliibent;
1423 736 1503 767 dum
1526 736 1561 766 in

858 781 931 811 aliis
955 791 1054 812 manu
1085 785 1232 814 exaratis
1256 785 1365 816 Codd.
1393 787 1562 826 promuscis

858 830 1003 871 legatur.
1021 832 1131 864 Dacis.
1180 834 1377 866 Promuscide
1398 841 1558 867 constan-

859 886 912 912 ter
928 882 1030 913 habet
1047 883 1168 914 Petav.
1182 886 1373 925 promoscide
1387 886 1559 917 Leidsec.

858 937 893 963 et
913 933 1017 964 Dorv.
1037 943 1075 964 ac
1091 944 1241 975 suprasc.
1259 935 1291 966 in
1307 936 1396 967 Scal.
1423 936 1488 967 Adi
1505 946 1561 968 no-

858 987 909 1014 tas
919 984 961 1014 ad
980 985 1069 1016 Flor.
1086 994 1110 1015 1.
1129 988 1181 1018 18.
1197 988 1231 1017 9.

899 1037 917 1065 7
942 1035 1122 1076 Armatam]
1156 1037 1301 1068 Codices
1331 1038 1481 1069 nonnulli
1511 1048 1561 1068 ar-

855 1089 967 1117 matus.
1014 1087 1111 1119 Quod
1138 1087 1227 1118 idem
1244 1092 1306 1119 est.
1343 1089 1451 1119 Clark.
1497 1089 1560 1120 Ar·-

859 1138 959 1165 malus
974 1136 1075 1165 etiam
1095 1136 1279 1167 Leidenses
1298 1142 1331 1168 et
1345 1138 1492 1168 Dorvill.

899 1192 1032 1214 Lxxxv.
1068 1187 1086 1214 3
1123 1184 1261 1215 Salutem
1297 1186 1358 1215 sibi
1393 1186 1561 1227 pararent]

855 1233 980 1273 Scalig.
1007 1238 1130 1273 parent.
1175 1234 1243 1264 Sed
1262 1235 1356 1266 Leid.
1374 1245 1422 1275 pr.
1440 1241 1476 1268 et
1492 1237 1558 1268 Ed.

856 1283 953 1313 Rom.
965 1287 1124 1323 parerent.
1170 1283 1269 1316 Quod
1283 1284 1324 1315 ab
1340 1285 1442 1316 Hirtii
1457 1296 1559 1317 manu

856 1333 1046 1373 profectum
1073 1339 1167 1375 puto.
1204 1335 1243 1365 B.
1269 1335 1307 1366 C.
1327 1344 1380 1366 111.
1400 1339 1451 1367 69.
1475 1337 1560 1369 ‘Re-

854 1383 937 1424 liqui
956 1394 1016 1424 per
1033 1386 1150 1415 horum
1169 1395 1312 1425 corpora
1333 1386 1478 1417 salutem
1493 1387 1559 1418 sibi

855 1438 957 1475 atque
975 1435 1101 1465 exitum
1120 1435 1323 1476 pariebant.’
1370 1435 1449 1476 Ipse
1478 1436 1556 1467 Hir-

853 1485 919 1515 tius
935 1485 999 1516 hoc
1016 1485 1104 1516 libro
1133 1496 1164 1516 c.
1193 1489 1246 1517 50.
1269 1487 1279 1502 ⁴
1294 1486 1360 1516 Vix
1387 1485 1468 1527 fuga
1493 1487 1557 1519 sibi

854 1535 990 1574 peperit
1002 1535 1169 1566 salutem?

895 1587 915 1615 4
944 1585 1089 1615 Umbilici
1103 1585 1188 1626 fine]
1212 1585 1251 1615 Id
1269 1590 1335 1625 est,
1357 1585 1497 1617 umbilico
1513 1589 1560 1618 te·

854 1644 935 1670 nus;
973 1635 1140 1675 quomodo
1193 1635 1411 1665 scribendum
1447 1636 1556 1667 voluit

854 1684 1014 1715 Faiirnus.
1062 1684 1129 1715 Sed
1151 1685 1222 1714 sine
1247 1694 1358 1715 causa.
1407 1685 1495 1715 Nam
1518 1692 1556 1717 et

852 1734 1032 1764 Sallustius
1062 1734 1183 1764 eodem
1222 1734 1415 1774 significatu
1454 1735 1555 1775 dixit,

853 1784 1123 1826 inguinumfine5
1154 1790 1190 1816 ut
1223 1790 1385 1817 notarunt
1415 1786 1553 1817 Ciacco-

853 1837 928 1867 nius
959 1842 995 1868 et
1026 1838 1204 1868 Cellarius.
1241 1838 1348 1868 Clark.
1410 1839 1557 1871 Consule

853 1891 971 1917 notata
987 1887 1029 1918 ad
1045 1897 1109 1918 vu.
1128 1890 1180 1918 47.
1205 1888 1214 1904 ‘
1226 1887 1382 1919 Pectoris
1396 1888 1461 1920 fine
1479 1899 1555 1929 pro-

852 1938 1042 1969 minuentes!

894 1993 912 2020 5
940 1990 1187 2025 Quiaserritiis
1206 1990 1384 2031 puerisque]
1418 1991 1475 2022 Sic
1504 2000 1556 2022 re-

850 2040 947 2071 stitui
973 2050 1015 2071 ex
1043 2041 1110 2071 Ms.
1145 2041 1250 2072 Norv.
1268 2046 1304 2072 et
1331 2042 1433 2073 editt.
1455 2043 1553 2073 Rom.

850 2091 938 2122 Ven.
962 2092 1125 2123 Beroald.
1149 2102 1225 2123 cum
1255 2093 1287 2123 in
1312 2093 1472 2133 nuperius
1494 2094 1555 2125 im-

852 2141 974 2181 pressis
998 2151 1040 2172 εκ
1057 2142 1271 2173 Glossemate
1301 2143 1436 2184 legatur
1459 2144 1514 2185 qui
1536 2156 1556 2175 a

850 2191 947 2221 servis
959 2191 1132 2232 puerffsque.
1180 2193 1307 2224 Noster
1323 2194 1462 2235 hujusce
1477 2195 1556 2226 libri

851 2250 881 2271 c.
899 2244 951 2271 88.
976 2243 985 2258 ‘
1002 2242 1182 2281 Hortatur,
1209 2247 1247 2274 ut
1274 2244 1414 2274 servitia
1441 2254 1555 2275 manu-

851 2291 1052 2322 mitterent.'
1098 2292 1277 2323 Sallustius
1302 2293 1343 2323 B.
1363 2294 1436 2324 Cat.
1453 2303 1483 2325 c.
1500 2297 1554 2326 24.

853 2340 862 2357 ‘
881 2339 1052 2371 Credebat
1069 2350 1166 2380 posse
1192 2342 1322 2373 sert-itia
1344 2343 1473 2374 urbana
1491 2345 1556 2374 so!-

852 2390 1007 2422 licitare.'
1051 2391 1172 2422 Florus
1190 2401 1245 2423 111.
1262 2395 1314 2423 21.
1332 2395 1364 2424 2.
1389 2394 1399 2410 ‘
1416 2392 1556 2425 Servitia

852 2441 930 2481 (pro
946 2440 1078 2480 nefasl)
1100 2446 1136 2473 et
1161 2443 1331 2483 ergastula
1359 2444 1556 2474 armantur!

852 2491 940 2522 Vide
957 2497 993 2522 et
1014 2492 1145 2522 Livium
1158 2495 1244 2523 1.40.
1269 2493 1380 2524 Dacis.
1409 2493 1556 2524 Servili&

852 2542 955 2573 etiam
974 2543 1055 2573 Mss.
1072 2543 1137 2573 mei
1164 2553 1240 2574 cum
1268 2543 1331 2574 Ed.
1359 2544 1448 2573 Med.
1468 2553 1553 2584 prae-

853 2599 905 2624 ter
922 2594 1066 2624 Dorvill.
1091 2600 1127 2624 et
1152 2594 1247 2624 Leid.
1266 2604 1332 2624 ⁴sec.
1353 2593 1477 2623 Millies
1491 2602 1554 2622 scr-

852 2644 930 2675 rz'tia
945 2651 1128 2677 occurrunt
1157 2655 1217 2686 pro
1237 2646 1344 2676 serris.
1389 2643 1475 2673 Vide
1500 2641 1552 2674 Cl.

854 2694 962 2726 Drak.
980 2695 1023 2725 ad
1046 2695 1119 2726 Liv.
1145 2704 1201 2725 ιιι.
1231 2698 1281 2725 15.
1305 2696 1313 2710 ‘
1331 2693 1478 2724 servitiis
1497 2692 1554 2732 jn-

853 2754 931 2785 gum
947 2744 1125 2776 demeret!
1167 2746 1224 2775 Sic
1247 2754 1345 2784 supra
1371 2742 1552 2783 legendum
