1850 3109
416 177 508 208 ma.
538 176 609 206 111.
633 176 740 205 car.
764 165 834 206 40.
869 177 930 206 DE
966 176 1121 207 BELLo
1155 178 1325 207 cuum.

134 280 197 300 nec
214 279 336 310 negare
350 269 452 301 ausim
465 279 527 300 nec
543 269 676 300 dicere:
693 269 735 299 de
751 267 830 299 fune

133 330 198 351 non
227 320 356 359 dubito,
385 320 464 361 quia
495 320 588 350 clara
619 329 670 350 res
701 324 764 358 est,
794 323 830 350 et

133 370 310 401 multorum
328 369 526 400 testimoniis
541 370 750 410 comprobari
773 379 830 410 po-

133 425 211 451 test.
255 419 322 450 Sed
339 419 485 449 arbitror
509 420 691 450 remulcum
709 424 828 450 notare

130 469 232 499 etiam
259 467 456 506 machinam,
485 479 548 508 qua
565 468 698 499 funibus
725 475 828 500 attra-

129 517 219 549 hitur
235 518 340 556 navis,
366 522 401 548 et
424 518 568 559 deniqne
586 519 743 560 quiequid
772 529 828 550 na-

130 577 204 599 vem
230 567 308 598 sune
340 574 527 608 promovet,
559 570 629 600 sive
658 570 827 609 jumenta,

129 628 187 649 neu
214 628 327 658 nave«,
350 629 407 649 seu
437 620 588 650 homines
606 620 682 651 ¹sint.
728 621 826 651 Unde

126 669 220 709 legas
231 670 363 699 remulco
374 670 577 709 quadriremis
592 671 680 711 apud
699 671 828 701 Livium

126 719 147 750 l.
159 728 191 750 v.
206 718 325 750 decad.
338 723 409 750 111.
422 719 505 750 Inde
518 720 651 751 videtur
661 720 828 751 Ausonius

127 768 252 800 dixisse
278 770 312 800 in
346 770 504 801 Mosella:
540 771 548 786 ‘
567 772 613 802 Et
636 781 737 812 quum
767 780 829 812 per

126 819 217 860 ripas
237 829 408 861 nunquam
425 825 578 852 cessante
595 822 757 860 remulco,
773 822 829 852 In-

126 869 271 900 tendunt
297 870 382 901 collo
408 871 569 902 malorum
596 872 729 902 vincula
751 881 829 902 nau·

127 920 193 951 tae.'
240 920 308 951 Ubi
333 921 412 961 quid
437 922 528 952 aliud
554 923 722 953 remulcus
746 932 828 954 nun-

127 980 224 1011 quam
247 980 391 1009 cessans»,
407 982 507 1013 quam
531 973 653 1013 bestia,
669 984 742 1015 quae
768 983 829 1015 per

126 1021 216 1060 ripas
232 1021 418 1052 decurrens
436 1022 515 1054 fune
531 1024 672 1065 attrahit
689 1025 828 1055 navem?

125 1071 173 1102 At
203 1071 246 1102 de
273 1073 427 1103 machina
454 1073 570 1103 dicere
596 1084 662 1113 me,
685 1073 828 1105 fortasse

126 1120 230 1161 magis
246 1121 411 1161 quispiam
439 1121 591 1152 miretur.
637 1123 765 1153 Tamen
783 1124 829 1154 vi-

126 1170 208 1202 deor
232 1170 264 1202 id
289 1171 449 1212 colligere
465 1181 507 1202 ex
521 1177 673 1203 veterum
692 1172 829 1214 quibus-

124 1221 203 1252 dam
233 1221 328 1253 locis.
386 1221 426 1253 In
448 1222 499 1252 his
521 1226 574 1253 est
599 1223 654 1255 ille
684 1223 828 1265 Hygini,

125 1282 227 1314 quem
253 1272 309 1304 alii
327 1282 505 1313 perperam
534 1273 663 1314 cepisse
686 1275 766 1305 mihi
783 1275 829 1305 vi-

124 1323 257 1355 dentur.
312 1323 554 1364 Expendamus
586 1324 710 1356 verba:
746 1324 828 1356 ‘Ab

124 1372 250 1414 Actio,’
265 1373 386 1414 inquit,
407 1374 416 1390 ‘
429 1375 629 1414 navigantes
642 1374 753 1405 stadia
767 1383 827 1413 XL,

123 1423 263 1454 veniunt
279 1423 321 1454 ad
338 1423 502 1454 Isthmum
523 1424 802 1456 Leucadiensium
817 1436 826 1464 ;

123 1472 168 1503 ibi
186 1473 295 1504 solent
311 1473 442 1504 itineris
454 1474 626 1505 minuendi
642 1483 761 1506 caussa
778 1484 828 1506 re—

122 1524 246 1562 mulco,
264 1532 363 1564 quem
391 1524 505 1555 Graeci
526 1522 672 1556 πάκτωνα
695 1525 827 1565 dicunt,

122 1582 242 1604 navem
268 1573 472 1605 traducere!
529 1575 649 1606 Solent
676 1576 826 1606 remulco

124 1633 226 1653 naves
259 1622 416 1654 isthmum
447 1623 643 1665 traducere,
673 1625 736 1655 hoc
773 1631 826 1657 est

123 1673 288 1711 woclilea,
326 1674 416 1714 quali
462 1674 631 1715 hodieque
672 1675 825 1706 videmus

126 1723 299 1754 transduci
337 1733 460 1761 naves;
492 1724 521 1755 si
548 1725 694 1765 injectus
729 1725 826 1757 alveo

123 1782 226 1814 agger
242 1784 376 1805 cursum
392 1779 554 1806 moretur.
600 1776 672 1806 Nos
687 1777 825 1807 nautico

123 1823 285 1855 vocabulo
323 1834 481 1855 vocamus
519 1825 736 1865 over-minden,
767 1831 825 1857 aut

121 1877 338 1906 over-toomen.
403 1875 631 1906 Similitudine
659 1876 702 1907 ab
729 1877 825 1918 equis

122 1928 244 1963 sumta,
260 1926 316 1966 qui
331 1924 427 1955 freno
445 1925 626 1964 ducuntur,
643 1926 701 1957 ubi
717 1936 826 1958 sessor

122 1974 318 2012 descendit:
353 1975 401 2006 ita
427 1980 463 2006 et
491 1977 585 2007 navis
607 1977 702 2008 velut
727 1977 824 2009 freno

121 2034 230 2065 prorae
268 2025 405 2066 alligato
444 2027 666 2066 protrahitur.
734 2029 824 2059 Nam

121 2075 185 2105 nisi
200 2075 484 2106 machinationem
511 2069 613 2107 talem
640 2078 824 2119 intelligas,

122 2133 197 2164 quae
213 2132 330 2154 manus
341 2134 461 2155 navem
477 2126 587 2157 moliri
604 2133 717 2168 queat.
742 2129 825 2159 Scu-

122 2174 201 2205 tulis
223 2174 378 2206 fortassis
404 2177 494 2207 dicat
521 2178 661 2219 aliquis:
697 2180 756 2211 sed
775 2190 826 2210 re-

122 2230 275 2266 pugnant
305 2226 433 2267 Hygini
470 2228 587 2268 verba,
617 2230 674 2270 qui
712 2231 824 2262 addit:

121 2285 210 2316 quem
234 2276 340 2306 Groecz'
363 2275 508 2307 πάκτωνα
533 2278 650 2309 dicunt.
697 2278 827 2310 Πάκτων

121 2328 186 2364 est,
202 2331 396 2365 exponente
422 2326 602 2367 Strabone,
629 2329 753 2369 navigii
770 2339 825 2370 ge-

121 2384 182 2406 nus
198 2385 241 2406 ex
258 2375 413 2416 virgultis
426 2382 633 2410 contextum.
680 2380 747 2411 Sed
762 2381 825 2411 hoc

121 2425 249 2455 nullum
264 2424 319 2455 hic
343 2435 438 2456 usum
453 2427 574 2458 habet:
599 2438 711 2470 neque
738 2430 825 2461 ullus

121 2482 268 2514 unquam
285 2478 353 2504 tam
371 2474 520 2514 insanus,
542 2478 599 2517 qui
617 2477 753 2519 navigio
770 2489 826 2510 na-

122 2531 196 2554 vem
205 2533 265 2564 per
279 2528 402 2555 terram
421 2525 572 2565 protrahi
588 2537 734 2569 unquam
753 2529 825 2559 dix-

122 2573 187 2603 erit
203 2579 261 2605 aut
276 2574 446 2615 cogitarit.
493 2575 607 2608 Quare
626 2579 823 2610 necessario

124 2622 212 2654 aliud
229 2624 302 2656 vult
314 2624 493 2666 Hyginus:
520 2627 612 2667 quod
629 2629 728 2670 quale
751 2628 823 2660 fue-

125 2670 171 2703 rit
186 2672 301 2705 videor
322 2675 403 2706 mihi
426 2676 636 2710 observasse.
681 2680 824 2712 Πακτοΐω

1470 166 1582 210 1483

882 268 1014 299 Gra-cis
1030 273 1082 299 est
1101 273 1273 307 contexere,
1289 274 1346 300 aut
1373 271 1578 310 compingere,

881 318 940 349 scd
955 324 989 349 et
1005 320 1126 349 κλεῖσαι
1153 320 1304 357 claudere,
1320 326 1355 350 ut
1374 320 1496 350 Pollux
1526 331 1582 350 cx·

882 367 1000 407 plicat,
1031 374 1064 398 et
1096 369 1233 399 Suidas:
1276 368 1361 399 unde
1399 369 1582 409 Sophocles

880 419 964 455 δῶμα
975 416 1135 448 πάκτουίη
1150 418 1256 458 Ajace
1275 419 1374 457 dixit,
1388 419 1418 449 h.
1433 429 1462 449 e.
1476 419 1582 449 claude

879 469 1012 499 domum.
1037 464 1040 467 ’
1062 469 1148 499 Item
1175 469 1342 507 obstruere,
1372 469 1460 500 unde
1502 469 1579 499 Ari-

881 519 1061 558 stophanes
1076 519 1162 549 (lixit
1186 520 1342 559 ὑδροῤῥοὰς
1359 525 1391 551 et
1415 520 1490 550 &vrbs
1503 531 1581 550 πακ-

878 568 962 607 τοῦν,
979 570 1040 599 hoc
1058 574 1110 599 est
1135 570 1274 609 injicere
1297 580 1454 610 aggerem
1471 571 1581 609 alveo,

879 627 1023 658 eumque
1048 617 1238 650 obstruere.
1286 621 1438 660 Amplius
1465 621 1507 651 ab
1529 630 1584 651 eo·

879 668 954 699 dem
972 669 1109 708 πήγνυμι
1139 671 1230 701 venit
1258 676 1293 701 et
1323 670 1434 710 πάγος,
1466 671 1499 701 id
1532 675 1586 702 est

878 719 974 758 collis,
991 721 1043 750 vel
1059 722 1203 760 tumulus,
1218 721 1308 761 quod
1325 721 1521 752 Eustathius
1539 721 1583 752 ad

879 767 954 799 ἰῶτα
983 769 1096 800 iliadis
1123 780 1156 810 p.
1179 773 1253 801 742.
1277 774 1329 802 42.
1353 771 1494 812 exponit
1519 770 1584 810 ὀξύ-

878 831 960 857 τητα
975 819 1111 860 ὀρεινὴν;
1136 826 1170 852 et
1186 819 1286 860 πάγη,
1305 821 1393 862 quod
1423 823 1577 861 laqueum,

877 870 1077 910 tendiculam,
1105 871 1170 902 imo
1194 876 1229 902 et
1253 873 1409 912 compedes
1429 882 1467 902 ac
1484 872 1582 912 quasi

871 920 999 958 frenum
1016 925 1126 953 notat.
1174 921 1264 952 Hinc
1282 932 1343 961 ego
1360 922 1442 952 illud
1458 920 1583 952 πάκτων

879 971 1011 1011 accipio
1033 981 1095 1010 pro
1121 971 1180 1002 tali
1203 972 1462 1011 machinatione,
1477 971 1584 1012 quali—

878 1022 940 1053 bus
956 1023 1124 1063 hodieque
1152 1022 1302 1053 videmus
1330 1033 1431 1054 naves
1448 1023 1583 1054 traduci

878 1082 941 1112 per
964 1073 1103 1103 isthmos
1130 1077 1188 1104 aut
1213 1082 1364 1114 aggeres.
1411 1073 1527 1104 Primo
1549 1082 1583 1104 e-

877 1122 946 1152 nim
972 1131 1012 1152 ea
1030 1124 1064 1153 in
1081 1123 1261 1162 aggeribus
1278 1123 1463 1163 hujusmodi
1480 1123 1584 1154 collo·

877 1175 986 1210 catur,
1003 1171 1061 1212 qui
1077 1180 1172 1212 aquae
1189 1173 1309 1212 injecti
1323 1178 1412 1203 sunt.
1445 1173 1584 1204 Deinde

877 1226 947 1252 tum
962 1221 1047 1262 ipsa,
1064 1226 1133 1252 tum
1156 1222 1214 1252 ille
1238 1232 1353 1263 agger,
1369 1223 1423 1253 cui
1440 1223 1584 1263 imponi-

877 1276 946 1311 tur,
970 1272 1003 1302 in
1032 1272 1137 1302 altum
1166 1272 1338 1313 adsurgit:
1376 1272 1522 1313 denique
1548 1277 1584 1304 et

875 1322 932 1353 hic
950 1320 1046 1352 funes
1064 1325 1154 1361 sunt,
1171 1322 1266 1362 quasi
1291 1322 1390 1361 retia,
1407 1322 1502 1362 queis
1526 1331 1584 1353 na-

876 1382 933 1403 ves
959 1372 1144 1412 ducuntur,
1169 1376 1204 1403 et
1226 1372 1458 1412 trajiciuntur.
1506 1371 1584 1403 Hoc

876 1423 1031 1453 nimirum
1061 1427 1127 1462 est,
1157 1422 1245 1463 quod
1277 1423 1383 1453 voluit
1414 1422 1584 1464 Hyginus,

875 1484 952 1505 cum
969 1474 1016 1505 ait
1032 1474 1205 1504 minuendi
1224 1475 1355 1505 itineris
1375 1484 1495 1505 caussa
1518 1479 1585 1506 tra-

876 1524 953 1555 duci
970 1525 1118 1555 remulco
1139 1534 1266 1563 naves3
1292 1535 1366 1565 quae
1382 1525 1506 1566 alioqui
1528 1525 1584 1556 ob-

876 1579 990 1606 stante
1016 1574 1154 1614 isthmo,
1179 1575 1468 1616 circumnavigare
1495 1576 1584 1606 insu-

875 1625 942 1655 lam
967 1625 1126 1656 Leucada
1156 1625 1374 1658 debuissent:
1400 1626 1582 1665 χαμουλκὸν

876 1676 990 1706 Graeci
1003 1685 1181 1711 vocavere,
1197 1682 1233 1705 ut
1246 1685 1298 1706 me
1313 1676 1429 1707 docuit
1446 1677 1584 1717 Pollux,

875 1734 941 1756 vu.
957 1728 1010 1756 33.
1034 1725 1066 1755 αἱ
1081 1724 1113 1755 δὲ
1129 1724 1315 1763 καλουμέναι
1331 1726 1518 1765 χαμουλκοὶ,
1533 1726 1583 1756 in-

876 1775 962 1816 quit,
978 1775 1116 1813 μηχαναὶ
1138 1775 1176 1805 δι’
1191 1773 1232 1805 ὧν
1245 1775 1387 1806 εἵλκοντο
1401 1777 1535 1807 scilicet
1553 1776 1583 1806 αἱ

875 1826 956 1862 νῆες.
1000 1825 1099 1856 Adeo
1116 1830 1155 1856 ut
1169 1826 1348 1864 χαμουλκὸς
1371 1826 1416 1856 sit
1439 1826 1582 1857 remulci

875 1875 1031 1915 species:
1067 1885 1144 1905 nam
1171 1876 1339 1906 remulcus
1366 1875 1495 1916 duplex
1520 1880 1583 1915 cst,

875 1925 1062 1964 terrestris,
1078 1929 1138 1956 aut
1155 1925 1212 1965 qui
1237 1934 1324 1965 aqua
1341 1924 1398 1956 fit:
1425 1935 1512 1966 aqua
1527 1935 1584 1956 na-

874 1975 925 2006 vis
952 1975 1108 2014 attrahit,
1142 1979 1235 2005 terra
1264 1975 1420 2006 machina
1447 1975 1582 2016 qualem

875 2025 958 2065 dixi,
974 2025 1246 2065 veljumentum‚
1261 2025 1315 2055 vel
1331 2024 1440 2055 homo.
1478 2024 1583 2056 Vide-

876 2080 931 2107 tur
961 2076 1074 2116 potius
1097 2074 1278 2115 χαμουλκὸς
1301 2085 1377 2116 pars
1404 2085 1477 2107 esse
1504 2076 1582 2109 talis

875 2126 1015 2156 remulci
1034 2126 1168 2167 qualem
1193 2125 1382 2165 descripsi:
1407 2136 1485 2157 nam
1509 2135 1582 2158 scu-

876 2177 956 2207 tulae
983 2176 1017 2207 in
1040 2177 1190 2207 remulco
1211 2176 1400 2217 complures
1424 2181 1521 2216 sunt3
1546 2182 1583 2209 et

874 2226 1008 2257 scutula
1034 2226 1117 2256 nihil
1147 2226 1240 2257 aliud
1258 2236 1358 2267 quam
1386 2227 1578 2266 χαμουλκός.

876 2276 976 2309 Quod
1006 2285 1086 2307 vero
1111 2276 1154 2306 ad
1177 2277 1264 2307 hunc
1294 2277 1439 2307 Caesaris
1469 2278 1582 2308 locum

875 2325 1013 2364 attinet,
1040 2325 1199 2366 designat
1221 2325 1279 2355 ille
1302 2327 1492 2357 machinam
1514 2336 1581 2358 non

876 2375 1074 2414 absimilem,
1091 2385 1193 2416 quam
1210 2380 1324 2406 tamen
1346 2375 1447 2407 hodie
1464 2376 1581 2417 pauno

876 2425 941 2456 alia
967 2425 1075 2456 forma
1104 2424 1269 2456 aedificari
1286 2425 1447 2458 videmus.
1493 2427 1581 2458 Nam

875 2475 937 2506 nisi
975 2475 1162 2506 machinam
1200 2475 1444 2516 intelligamus,
1475 2485 1581 2517 quare

873 2526 927 2558 hic
943 2527 1059 2558 Caesar
1075 2527 1120 2557 ait
1148 2527 1289 2567 remulco,
1312 2528 1477 2567 multisque
1492 2527 1582 2565 funi-

873 2576 928 2608 bus
942 2579 1147 2609 contendens!
1181 2577 1269 2607 Vide
1288 2579 1362 2617 ipse
1389 2576 1579 2618 hujusmodi

872 2628 1153 2660 machinationes.
1207 2627 1402 2668 Infiguntur
1427 2628 1459 2657 in
1488 2631 1580 2657 terra

872 2678 942 2718 pali
957 2678 1082 2710 directi
1098 2678 1178 2719 duo,
1194 2678 1268 2719 quis
1292 2677 1430 2708 tertium
1446 2677 1579 2718 tignum
