1850 3109
365 239 455 268 mn.
483 238 553 267 111.
587 225 692 266 cssw.
723 226 794 266 15.
829 235 890 264 Dr.
924 234 1079 264 nmmo
1112 235 1284 264 civim.

151 337 194 365 19
218 331 360 372 Addunt]
384 331 555 363 Manutius
580 330 627 361 ait
652 330 685 361 in
707 331 802 362 Vett.

107 382 304 423 quibusdam
331 381 423 412 libris
449 390 521 411 esse
547 381 669 411 adsunt.
705 380 803 411 Unde

108 434 298 473 suspicatur
324 431 390 471 legi
419 441 512 471 posse
539 432 682 461 adsuunt.
730 432 803 471 Ego

108 484 193 514 tales
210 483 309 513 libros
337 492 402 512 uon
427 481 515 512 vidi:
552 486 585 512 ct
601 481 804 522 simpliciter

105 533 220 563 addunt
235 532 268 562 in
285 532 374 562 hisce
390 541 532 572 semper,
545 531 598 561 vel
615 532 681 562 alio
698 531 802 562 verbo

105 591 171 612 non
200 586 266 613 tam
290 581 436 621 figurato
467 581 574 612 utitur
603 585 732 612 auctor.
759 582 801 611 V.

105 631 263 662 Ciaccon.
294 632 451 662 Brantius
479 636 592 663 tamen
624 635 738 662 monet
768 631 802 661 in

105 680 169 711 Ed.
191 681 290 712 Basil.
305 691 379 712 esse
397 683 544 712 adsumet.

145 732 186 761 22
213 731 300 766 Quod
322 731 509 773 afferebant]
544 732 618 762 Vox
645 734 698 762 est
719 740 802 761 nun·

101 780 229 811 ciorum
255 786 290 811 et
315 782 518 822 legationum
543 782 690 822 propria.
726 782 802 814 JOS.

102 829 253 871 Scaliger
281 831 388 863 edidit
413 833 493 871 quod
515 832 710 868 asserebant;
732 832 803 871 sed,

103 884 331 922 praeterquam
355 882 444 922 quod
471 882 608 913 dubium
633 882 802 922 videatur,

101 938 143 960 an
161 929 244 961 hanc
263 941 378 962 vocem
396 931 429 962 in
451 933 626 973 ‹ffrmandi
641 933 804 973 significa—

103 979 194 1011 tione
210 981 424 1012 adhibuerint
436 991 547 1012 aureae
565 982 675 1013 aetatis
699 982 804 1022 scrip-

103 1035 204 1069 tores,
222 1031 286 1061 Ms.
305 1031 445 1063 Norvic.
461 1036 495 1062 et
508 1032 590 1063 edit.
607 1032 702 1064 Rom.
715 1033 802 1063 Ven.

104 1081 262 1111 Beroald.
295 1082 472 1113 lectionem
505 1092 524 1112 a
547 1093 599 1113 me
635 1088 803 1114 retentam

103 1129 277 1160 exhibent.
321 1131 406 1162 Vide
432 1132 552 1162 Christ.
569 1132 707 1162 Cellarii
731 1142 802 1163 cur.

103 1183 230 1219 poster.
265 1189 298 1220 p.
316 1182 387 1212 104.
405 1185 439 1211 et
460 1181 714 1212 Discussionem
733 1182 802 1222 Ap-

103 1230 205 1269 pend.
239 1231 383 1262 Danicae
415 1242 448 1272 p.
486 1234 538 1263 32.
578 1242 646 1273 seq.
692 1233 802 1263 Daris.

103 1280 218 1320 Longe
236 1285 375 1320 praestat
388 1282 527 1321 vulgata
540 1282 660 1313 lectio:
678 1281 803 1313 firmat-

104 1340 169 1372 que
196 1331 260 1362 Ms.
288 1332 424 1372 Regius.
450 1333 555 1363 Clark.
600 1333 725 1363 Putem
752 1338 802 1373 ly-

103 1381 314 1423 pothetarnm
328 1393 402 1414 esse
418 1392 580 1421 errorem,
597 1383 678 1414 licet
691 1393 803 1414 assere-

102 1432 177 1463 bant
193 1434 296 1464 ctiam
311 1434 355 1464 sit
371 1434 403 1463 in
419 1434 594 1473 Vossiano,
610 1439 645 1465 et
662 1443 803 1474 sequan-

103 1486 159 1513 tur
170 1482 203 1513 id
219 1484 424 1515 recentiores
437 1483 479 1514 ad
494 1484 670 1515 Davisium
686 1493 802 1524 usque.

102 1533 191 1564 Nam
217 1534 299 1564 licet
320 1535 458 1565 adserere
479 1537 682 1574 usurparent
708 1533 801 1563 aurei

103 1584 168 1615 aevi
193 1585 374 1626 scriptores
401 1594 461 1625 pro
486 1586 679 1622 auset-erare,
707 1584 802 1626 adfir-

102 1644 197 1674 mure,
214 1635 301 1676 quod
318 1645 383 1666 non
401 1634 543 1673 faciunt,
559 1635 611 1665 vel
627 1635 674 1665 sie
691 1638 803 1664 tamen

103 1685 193 1715 istud
220 1685 274 1716 hic
298 1685 409 1715 locum
435 1685 559 1715 habere
587 1693 652 1715 non
677 1688 803 1724 posset.

105 1733 252 1765 Aiebant
267 1735 354 1764 enim
370 1734 481 1773 modo,
504 1743 538 1764 se
555 1734 597 1764 de
616 1733 742 1774 magnis
756 1743 804 1764 re-

105 1784 166 1814 bus
183 1793 257 1814 cum
275 1784 410 1815 Caesare
425 1785 512 1814 velle
528 1784 633 1825 loqui.

112 1840 119 1844 ·
145 1836 187 1864 23
210 1834 385 1871 Profectum
397 1835 513 1875 aliquid
526 1835 636 1865 Bibuli
653 1836 806 1866 mandatis

103 1885 353 1925 existimabatur]
377 1886 486 1916 Locus
513 1885 728 1926 depravatus,
748 1886 803 1926 qui

103 1939 216 1966 tamen
240 1935 305 1965 levi
330 1935 577 1967 mutatiuncula
598 1936 731 1966 restitui
749 1946 805 1976 po-

103 1989 171 2017 test
186 1998 192 2017 :
218 1990 379 2026 quantum
396 1986 482 2016 enim
499 1986 700 2016 discriminis
716 1986 804 2016 inter

103 2047 223 2068 nomen
240 2037 351 2068 Bibuli
379 2040 415 2067 et
446 2036 581 2075 Vibullii,
605 2046 663 2067 seu
679 2036 805 2076 potius,

103 2093 149 2126 ut>
170 2088 205 2118 in
235 2087 380 2128 antiquis
416 2086 589 2118 codicibus
618 2086 652 2117 id
683 2095 803 2117 nomen

104 2136 273 2176 scribitur,
301 2136 446 2175 Bibullii,
473 2140 532 2167 aut
556 2136 691 2168 Bibulii.
738 2137 804 2167 De-

104 2187 195 2228 cepit
217 2187 416 2230 librarium,
433 2186 522 2226 quod
548 2186 602 2217 hic
626 2196 734 2217 sermo
760 2187 803 2217 de

103 2238 228 2269 Bibulo
256 2243 328 2268 est:
354 2238 468 2269 Caesar
492 2246 572 2268 vero
595 2237 735 2277 respicit
759 2237 803 2268 ad

104 2287 264 2318 mandata
280 2288 349 2327 illa,
366 2297 439 2329 quae
456 2287 605 2318 Vibullio
628 2298 647 2318 a
672 2297 706 2318 se
723 2288 804 2319 data

104 2348 205 2379 supra
219 2338 427 2369 memoravit.
461 2337 631 2369 Viderunt
647 2338 708 2369 hoc
723 2348 803 2378 quo-

106 2396 182 2428 que,
197 2397 239 2419 ne
263 2397 360 2428 quem
378 2387 496 2418 debita
521 2388 619 2418 laude
639 2387 803 2429 fraudem,

104 2435 313 2468 Guilhelmus
340 2437 506 2468 Canterus
538 2438 582 2468 N.
610 2438 720 2468 L.111.
749 2441 802 2470 2-1.

103 2490 139 2519 et
165 2488 375 2520 Ciaccouius.
430 2489 662 2519 Hotomannus
689 2493 802 2520 tamen

104 2537 254 2578 ambigit,
283 2548 324 2569 an
350 2539 464 2579 legere
480 2539 579 2570 liceat
601 2539 742 2578 Vibullii,
768 2543 803 2570 et

105 2587 224 2628 inquit,
238 2587 408 2629 ambigere
421 2599 470 2628 se,
484 2600 525 2620 an
542 2590 711 2628 mandata,
727 2600 800 2631 quae

106 2636 248 2668 Caesaris
263 2640 385 2679 passim
413 2640 583 2677 dicuntur,
602 2641 730 2680 possint
747 2650 801 2671 vo-

106 2687 176 2717 cari
201 2681 357 2720 mandata
372 2690 521 2721 Vibullii.
565 2691 631 2722 Sed
648 2696 801 2731 possunt,

107 2735 271 2779 quatenus
301 2739 357 2770 ille
387 2749 500 2770 eorum
527 2741 668 2772 nuncius
704 2746 799 2772 erat:

106 2784 201 2817 addit
227 2787 458 2820 Hotomaunus
484 2790 592 2821 videri
614 2791 768 2832 exposita
782 2801 802 2821 a

1442 224 1553 266 1459

853 329 1003 360 Vibullio
1021 321 1124 360 fuisse
1139 327 1318 359 mandata:
1345 328 1433 369 quod
1449 329 1554 360 liben-

855 385 908 410 ter
924 379 1051 410 fateor:
1076 389 1187 420 neque
1205 379 1320 410 Caesar
1337 379 1382 409 ait
1399 379 1556 418 exposita

854 430 976 461 fuisse:
1002 430 1061 460 sed
1078 439 1152 459 suos
1165 430 1227 460 hoc
1243 433 1390 468 putasse.
1416 428 1556 459 Interea

854 491 919 512 non
943 481 1076 511 omnino
1094 481 1211 520 rejicio
1228 479 1458 520 conjecturam
1485 479 1556 510 Ho-

855 531 1016 569 tomanni,
1045 531 1101 571 qui
1129 530 1277 570 legebat,
1311 528 1485 569 profectum
1513 529 1556 559 iri

853 581 968 620 aliquid
992 581 1102 611 Bibuli
1124 580 1279 610 mandatis
1304 579 1555 610 existimabatur.

859 630 990 661 Vossius.
1014 630 1205 661 Emendant
1219 629 1293 659 Viri
1311 629 1416 667 docti,
1434 630 1558 661 Cante-

853 689 921 717 rus,
954 679 1168 718 (simeonius,
1191 679 1342 718 Vossius,
1376 679 1556 720 Cenantis,

853 729 990 770 aliique,
1020 728 1145 759 Vibullii
1165 728 1331 766 mundatis,
1366 739 1440 768 quae
1465 738 1554 759 man-

852 779 933 810 data
958 789 1061 819 supra
1082 784 1406 810 commemoraverat
1427 779 1556 818 Caesar,

852 830 934 862 data
947 831 1096 862 Vibullio
1110 830 1152 861 ad
1169 831 1369 871 Pompeium
1384 830 1558 871 perferen-

853 881 907 912 da.
954 881 1189 913 Hotomanuus
1210 886 1321 912 tamen
1335 882 1474 922 mavult,
1487 891 1558 921 per-

844 930 967 968 fectum
987 931 1030 962 iri
1045 931 1164 971 aliquid
1180 931 1289 962 Bibuli
1311 931 1465 961 mundatis
1477 941 1487 966 ;
1520 936 1556 962 et

855 982 888 1011 in
903 982 968 1013 Ms.
992 981 1102 1022 Regio
1131 985 1183 1012 est
1202 981 1413 1021 profecturum
1439 982 1557 1021 aliquid

853 1032 892 1062 de
917 1031 1026 1062 Bibuli
1060 1031 1224 1062 mandatis.
1269 1032 1337 1062 Sed
1354 1032 1425 1063 haec
1443 1033 1556 1072 paullo

851 1081 1062 1120 languidiora
1087 1088 1175 1112 sunt.
1223 1082 1322 1112 Prior
1345 1082 1450 1122 igitur
1471 1082 1557 1114 reci·

852 1131 976 1170 pienda
993 1137 1044 1163 est
1060 1132 1273 1163 emendatio:
1299 1133 1361 1162 nisi
1378 1131 1467 1163 forte
1487 1133 1556 1163 iul-

853 1185 932 1220 gata
948 1181 1051 1212 lectio
1074 1192 1148 1212 eam
1163 1183 1198 1212 in
1215 1183 1418 1213 sententiam
1446 1184 1557 1223 accipi

853 1231 972 1270 possit,
1003 1236 1041 1262 ut
1067 1231 1199 1262 dicatur
1226 1232 1353 1273 aliquid
1371 1232 1472 1263 etiam
1501 1233 1557 1264 lzoc

853 1279 1046 1320 profectum
1075 1281 1273 1320 existimari,
1297 1281 1387 1322 quod
1411 1282 1556 1313 Bibulus

852 1331 1009 1361 mandata
1030 1331 1163 1361 omnino
1187 1332 1310 1362 liaberet
1327 1331 1368 1362 ad
1386 1333 1556 1364 Caesarem

852 1380 1068 1421 perferenda.
1094 1382 1202 1413 Clark.
1233 1382 1446 1420 mercturum
1461 1384 1498 1413 «le
1512 1384 1556 1415 Β.

852 1436 903 1462 est
928 1430 961 1461 in
989 1432 1071 1463 Mss.
1097 1432 1172 1463 Pal.
1203 1433 1312 1473 Boug.
1344 1433 1489 1463 Dorvill.
1521 1440 1557 1466 et

852 1480 939 1511 Edd.
971 1481 1100 1521 primis,
1126 1483 1179 1512 vel
1199 1483 1420 1522 profecturum.
1477 1483 1557 1514 Siue

851 1531 1090 1571 praepositione
1102 1537 1152 1563 est
1169 1532 1201 1562 in
1218 1533 1313 1564 Leid.
1331 1543 1400 1564 sec.
1416 1538 1451 1564 et
1467 1534 1556 1565 aliis.

853 1581 1031 1619 Perfectum
1046 1583 1150 1614 habet
1164 1584 1230 1614 Ms.
1248 1585 1366 1616 Erant.
1404 1585 1556 1617 Nonnul-

852 1633 893 1663 1ae
909 1632 996 1664 Edd.
1010 1632 1180 1672 perfectum
1198 1634 1251 1664 iri.
1282 1634 1378 1665 Leid.
1394 1644 1472 1665 vero
1489 1636 1557 1675 pri-

852 1692 924 1712 mus
957 1682 1128 1722 profectum
1163 1684 1297 1724 aliquem
1327 1684 1370 1715 Β.
1403 1686 1558 1716 mandatis

853 1731 1084 1762 existimabant.
1119 1732 1173 1762 Ill.
1192 1733 1351 1763 Heinsius
1369 1734 1474 1764 voluit
1486 1744 1559 1773 pro-

845 1781 964 1819 fectum
980 1782 1034 1820 iri,
1051 1782 1226 1822 adscripto
1252 1783 1326 1813 loco
1345 1784 1440 1814 Dict.
1460 1784 1557 1815 Cret.

854 1841 887 1871 p.
917 1834 968 1862 12.
991 1832 1188 1872 profecturus
1202 1833 1320 1873 aliquid
1341 1834 1373 1863 ἰιι
1395 1834 1558 1870 orutioue;

854 1881 910 1911 ubi
942 1882 975 1912 in
1007 1882 1150 1922 vulgatis
1178 1887 1386 1923 promoturus,
1416 1884 1448 1914 in
1486 1885 1556 1916 ΜΞ.

850 1932 1042 1972 profuturus.
1087 1934 1215 1964 Verum
1246 1935 1330 1965 Mss.
1347 1935 1465 1974 optimi
1494 1936 1560 1967 Pe-

853 1987 921 2014 tav.
947 1983 1064 2023 Cujac.
1092 1983 1217 2024 Scalig.
1242 1984 1341 2015 Voss.
1366 1985 1493 2016 Lovan.
1523 1992 1559 2017 et

853 2033 909 2063 alii
940 2042 1016 2063 cum
1051 2034 1139 2064 Edd.
1172 2035 1314 2065 Vascos.
1344 2035 1460 2075 Steph.
1491 2037 1557 2068 &cn

852 2083 939 2113 bene
972 2089 1110 2115 servant
1137 2083 1319 2124 profectum.
1378 2085 1558 2118 Putabant

852 2135 980 2176 aliquid
998 2137 1121 2177 jamin
1147 2137 1242 2177 pacis
1266 2130 1405 2177 negotio
1421 2137 1557 2178 profec-

853 2190 923 2216 tum
940 2195 1013 2217 esse
1029 2196 1091 2227 per
1105 2187 1278 2226 mandata,
1295 2197 1369 2228 quae
1387 2197 1406 2218 a
1424 2187 1558 2219 Caesarc

853 2234 962 2266 Rufus
988 2236 1155 2267 Vibullius
1178 2236 1242 2277 (sic
1270 2237 1360 2267 enim
1375 2237 1555 2277 legendum

853 2296 928 2317 cum
943 2287 1024 2317 viris
1037 2287 1157 2326 doctis,
1173 2287 1293 2328 quibus
1308 2287 1452 2318 accedat
1469 2287 1558 2318 Gru-

852 2341 963 2375 terus3
1001 2338 1054 2368 vel
1083 2338 1196 2378 potius
1224 2337 1435 2379 antiquorum
1462 2347 1557 2369 more

857 2389 988 2420 Vibulli.-
1019 2390 1057 2420 ut
1073 2390 1153 2420 alibi
1180 2389 1337 2428 diximus,
1355 2389 1555 2422 Genitivuni

854 2450 872 2470 a
889 2440 1076 2471 nominibus
1093 2440 1125 2470 in
1140 2440 1187 2470 ius
1203 2444 1282 2471 tunc
1313 2441 1475 2480 temporis
1500 2439 1557 2470 de-

853 2490 948 2520 siisse
977 2491 1011 2520 in
1027 2489 1067 2530 i,)
1105 2490 1146 2521 ad
1174 2490 1371 2530 Pompeium
1395 2489 1556 2527 habebat,

853 2545 887 2571 et
904 2540 980 2571 binc
1001 2540 1160 2571 Libonem
1177 2545 1212 2571 et
1230 2541 1387 2571 Bibulum
1409 2541 1482 2581 jam
1509 2540 1559 2569 ul-

853 2591 956 2622 trtius
971 2591 1172 2632 colloquium
1186 2601 1262 2621 cum
1277 2592 1409 2622 Cu'sare
1425 2596 1557 2629 petere.

852 2641 1018 2679 Profectus
1032 2642 1164 2682 passive
1186 2642 1301 2671 inlust:
1312 2642 1438 2671 avimus
1453 2639 1495 2668 ad
1513 2639 1556 2669 B.

854 2692 896 2724 G.
914 2702 963 2723 lv.
982 2695 1034 2724 19.
1069 2694 1078 2709 ‘
1097 2692 1184 2723 Satis
1202 2690 1390 2731 profectum
1417 2688 1556 2718 arbitra-

853 2742 929 2773 tus.'
973 2743 1112 2774 Frustra
1137 2747 1251 2772 movet
1273 2740 1465 2779 scrupulum
1483 2737 1554 2769 Ho-

853 2797 1025 2832 tomanus,
1043 2792 1134 2833 quod
1162 2801 1228 2822 non
1253 2791 1321 2821 sint
1337 2790 1483 2820 ’mndata
1503 2789 1556 2820 ΓΕ-
