1893 3109
458 176 548 206 Llss.
583 174 633 203 11.
666 173 771 202 CAP.
804 161 968 202 121)ss
1004 170 1159 201 BELLO
1192 172 1365 201 ctum.

227 280 278 303 xi.
295 275 316 303 8
338 271 387 303 Ab
401 279 490 311 opere
511 266 720 306 remorentur]
766 266 831 297 lna
846 265 884 296 ab

180 332 271 364 'opere
284 323 316 353 in
329 331 360 352 v.
377 331 406 351 c.
422 324 536 350 nostro
549 323 585 349 et
598 318 675 348 Pet.
690 319 746 357 (ac
763 315 885 354 Nor-v.)

183 372 420 404 desiderantur
434 380 442 407 ;
460 368 568 409 proba
584 372 695 398 tamen
709 370 798 396 sunt.
825 365 885 396 Ait

184 424 298 455 Coesar
325 430 429 461 cupas
462 429 480 450 e
514 427 610 449 muro
641 417 817 447 devolutas
850 416 882 446 in

181 472 365 506 manentum
396 470 583 501 cecidisse:
621 466 699 498 inde
722 466 884 507 fastigato

181 527 275 556 tecto
306 523 459 562 delapsas
497 521 531 551 in
573 525 718 551 terram:
765 517 810 548 ibi
842 525 883 548 ne

179 573 314 605 flamma
349 582 434 613 opus
470 571 685 609 adureretur,
722 568 883 609 longuriis

177 629 329 656 remotas
347 633 432 654 esse.
483 622 619 653 lessius.

218 678 263 706 -12
284 674 401 705 Libera
424 672 505 704 mari
529 669 712 710 defendmdi
729 668 884 708 facultas]

177 716 258 757 Pet.
287 724 485 756 Ciacconius
511 732 626 754 vocem
656 721 739 752 muri
768 721 883 751 delen-

177 775 257 806 dam
274 782 404 811 censet,
420 773 499 814 quia
515 782 581 803 non
597 781 725 810 murus,
740 771 798 802 sed
817 776 883 802 tur-

176 825 224 856 ris
239 824 512 865 oppugnabatur.
557 823 682 854 Lenior
705 829 758 853 est
779 822 882 853 medi-

174 877 266 915 cina,
293 876 320 907 si
350 884 552 915 reponamus
581 883 640 904 non
666 874 760 904 datur
785 872 883 904 libera

174 929 273 957 'nluro
287 925 471 964 defendendi
483 925 635 963 facultas,
649 923 692 954 ob
710 924 776 954 tela
792 923 883 953 vide-

175 973 260 1008 licet
276 981 511 1016 tormentaque
537 985 557 1006 a
583 974 742 1006 Romanis
770 974 881 1006 missa.

177 1027 289 1057 Davis.
346 1027 487 1066 Ineptus
511 1030 563 1056 est
590 1025 645 1055 hic
673 1024 882 1062 Ciacconins,

175 1076 236 1116 qui
266 1085 382 1106 vocem
414 1075 494 1105 muri
523 1074 704 1104 delendam
739 1078 880 1110 censet3

174 1126 256 1167 quia
270 1126 367 1156 turris
378 1125 523 1164 scilicet,
537 1134 604 1155 non
620 1134 736 1163 murus,
750 1134 882 1164 oppug-

173 1175 332 1207 nabatur.
378 1176 485 1208 Quasi
503 1184 582 1206 vero
600 1184 666 1205 non
683 1175 754 1215 jam
781 1180 882 1205 antea

175 1226 318 1258 dixisset
332 1227 457 1263 Caesar,
479 1226 593 1257 hostes
618 1226 653 1256 in
676 1236 762 1256 muro
784 1236 881 1266 &que

176 1286 218 1307 ac
235 1276 268 1307 in
282 1277 377 1316 turri,
389 1277 464 1307 telis
479 1276 724 1317 tormentisque
737 1286 780 1307 ex
797 1276 882 1306 turri

175 1327 327 1358 lateritia
343 1328 441 1359 ictos.
484 1328 613 1358 Murum
628 1327 744 1368 itaque
759 1327 882 1363 defendi

173 1387 237 1408 non
259 1377 408 1418 poluisse,
429 1378 518 1408 idem
534 1382 589 1409 est
607 1387 646 1409 ac
673 1378 700 1408 si
727 1378 883 1416 dixisset,

172 1437 238 1468 eos,
253 1429 306 1468 qni
330 1427 362 1458 iu
377 1438 462 1458 muro
477 1431 588 1466 essent,
603 1437 634 1458 se
645 1427 808 1465 defendere
823 1437 882 1458 non

172 1479 320 1519 potuisse.
353 1479 468 1511 Quare
485 1488 547 1509 nec
564 1479 696 1510 Davisii
713 1478 882 1509 audienda

175 1533 230 1560 est
242 1529 447 1568 emendatio,
465 1529 520 1569 qui
537 1530 694 1570 reponit;
717 1539 775 1560 non
785 1530 882 1560 (latur

171 1580 271 1612 tiber-a
286 1591 383 1612 muro
399 1580 581 1619 defendendi
589 1581 742 1619 facultas,
781 1581 882 1613 Quod

174 1631 234 1662 vix
260 1632 417 1663 Latinum
441 1637 504 1663 est.
551 1633 659 1663 Clark.
714 1633 770 1663 De
786 1643 880 1663 more

175 1680 345 1712 Gruterus
361 1681 433 1712 haec
449 1681 560 1712 omnia
574 1692 633 1712 non
648 1682 741 1712 datur
756 1683 776 1713 1.
793 1693 834 1713 m.
848 1684 879 1713 d.

167 1730 237 1769 fac.
255 1731 357 1762 habet
375 1736 547 1771 suspecta.

220 1790 285 1812 xn.
303 1785 319 1812 l
347 1782 461 1812 Hostes
485 1782 583 1812 turris
604 1782 764 1822 repentina
789 1784 880 1813 ruina

173 1831 329 1870 commoti,
355 1831 513 1871 inopinato
540 1833 617 1862 malo
644 1832 775 1871 turbati,
799 1833 881 1863 Deo-

171 1891 243 1913 rum
272 1882 321 1912 ira
356 1883 504 1922 perculsi,
532 1882 632 1923 urbis]
691 1883 732 1913 In
761 1884 880 1914 Manu-

171 1932 303 1972 scripto
331 1934 450 1974 Cujac.
476 1938 513 1965 et
537 1935 658 1965 Petav.
687 1934 805 1966 decem
829 1935 879 1965 hae

174 1992 276 2014 voees
291 1983 539 2024 desiderantur,
554 1988 588 2014 et
607 1984 714 2014 solum
729 1989 794 2023 est,
815 1985 881 2016 kos-

171 2036 220 2065 tes
234 2033 318 2065 urbis
331 2034 506 2074 direptione
517 2035 661 2074 permoti.
708 2035 780 2076 (Sic
795 2040 829 2066 et
845 2036 879 2066 in

173 2083 314 2116 Norvic.
330 2085 485 2125 legitur.)
527 2086 702 2116 Caeterum
719 2086 809 2126 quod
826 2086 879 2117 hie

173 2133 293 2166 Caesar
316 2135 364 2165 ait
386 2135 472 2166 urbis
487 2137 660 2176 direptione
683 2137 829 2178 permoti,
846 2137 878 2168 id

172 2183 218 2214 ad
230 2189 358 2215 metum
371 2186 633 2217 Massiliensium
643 2186 876 2220 referendum:

171 2243 253 2265 nam
268 2235 346 2266 urbs
369 2235 506 2276 direpta
527 2246 592 2267 non
609 2241 694 2277 erat,
710 2239 769 2269 sed
785 2247 879 2269 vere-

172 2284 300 2316 bantur
316 2286 560 2326 Massilienses,
575 2296 618 2318 ne
645 2287 678 2318 id
706 2288 881 2330 continge-

173 2340 240 2367 ret.
290 2336 424 2369 Vossius.
480 2337 566 2368 Haec
597 2343 723 2369 cuneta
756 2339 880 2371 desunt

172 2384 277 2416 etiam
302 2385 336 2416 in
360 2387 444 2417 Mss.
461 2387 558 2418 Leid.
576 2397 628 2428 pr.
649 2388 745 2420 Voss.
762 2393 798 2420 et
819 2390 881 2420 Lo·

171 2443 251 2466 van.
268 2436 459 2478 meritoque
474 2438 653 2478 supposita
669 2448 784 2470 eorum
802 2450 880 2480 pars

170 2485 280 2526 major
295 2485 432 2517 videtur
459 2488 625 2528 Grutero,
649 2490 707 2530 qui
731 2491 880 2522 retinere

171 2536 292 2567 mallet
329 2538 436 2568 solum
474 2539 614 2571 Deorum
650 2541 700 2571 ira
732 2543 880 2582 perculsi.

172 2586 244 2617 Sed
259 2592 294 2618 et
309 2587 366 2619 illa
384 2590 628 2622 Mouachornm
651 2598 880 2624 commentum

173 2644 251 2669 esse
279 2639 343 2670 hoe
369 2640 447 2671 loco
476 2641 610 2682 opinor,
643 2643 822 2685 omniaque
853 2645 881 2675 si

177 2687 254 2727 quis
263 2688 486 2731 inducamim)
498 2693 704 2726 renitentem
714 2704 769 2726 me
778 2695 881 2726 habe-

178 2735 245 2768 bit:
262 2737 295 2769 in
310 2738 401 2772 Leid.
414 2750 482 2773 see.
496 2742 701 2775 scribiturut
712 2744 838 2776 m-hz'sd.
847 2754 880 2785 p.

1528 162 1639 204 1415

977 268 996 296 3
1021 265 1158 296 Inermes
1174 275 1241 295 cum
1255 264 1377 306 insulis]
1407 264 1573 296 Nimirum
1592 266 1639 298 sie

935 315 1122 356 antiquitus
1139 314 1293 345 solebant
1309 314 1351 345 ad
1373 313 1555 354 placandos
1573 316 1640 347 vic-

935 370 1038 405 tores,
1068 364 1350 406 quemadmodum
1383 364 1577 395 sacerdotes
1604 371 1641 396 et

934 416 1053 446 hostia»,
1085 414 1127 445 ad
1159 413 1391 456 propitiandos
1424 415 1519 445 Deos
1543 419 1641 446 erant

935 465 1049 496 infulis
1065 465 1296 497 circumdatae.
1341 463 1439 496 Unde
1465 469 1499 495 et
1525 464 1640 502 infulat

934 516 968 546 iu
985 516 1114 547 Glossis
1131 515 1253 547 Isidori
1269 515 1451 555 exponitur
1474 514 1640 555 propitiat.

935 567 989 597 De
1007 566 1122 598 infulis
1141 567 1271 598 Glossae
1289 567 1355 598 Ms.
1380 571 1506 597 nostrae
1523 577 1530 597 :
1555 567 1564 583 ‘
1585 566 1640 597 In-

934 616 1025 657 sol‘ae,
1045 619 1238 648 velamenta
1265 617 1308 649 de
1336 618 1411 648 lana
1439 618 1473 648 in
1502 617 1641 649 modum

935 669 1098 701 vittarum
1126 668 1240 700 faeta!
1300 670 1446 701 Festus:
1487 673 1496 686 ‘
1514 668 1640 700 Infulae

936 725 1015 751 sunt
1041 719 1217 751 filamenta
1240 720 1351 759 lanea,
1379 719 1500 760 quibus
1528 728 1641 750 sacer-

935 770 1044 812 dotes,
1059 777 1094 802 et
1117 771 1248 807 hostiae,
1266 770 1462 811 templaque
1483 768 1642 800 velaban-

936 822 1013 852 tur!
1057 823 1112 853 De
1127 821 1359 853 sacerdotibus
1375 826 1410 851 et
1426 820 1543 851 hostiis
1559 824 1642 851 nota

935 882 1010 904 res:
1042 882 1119 903 nam
1144 872 1225 903 illuc
1250 871 1400 912 respexit
1425 870 1538 907 Maro,
1561 879 1642 901 cum

935 923 984 954 ait
1008 923 1083 954 AEn.
1100 931 1136 953 x.
1154 925 1226 953 538.
1251 922 1259 938 ‘
1277 920 1391 952 Infula
1408 921 1461 952 cui
1480 930 1576 951 sacra
1591 929 1643 951 re·

935 972 1081 1004 dimibat
1107 978 1263 1013 tempora
1291 970 1403 1002 vitta.’
1451 972 1504 1001 De
1530 970 1642 1001 hostia

934 1023 1026 1055 idem
1051 1023 1127 1055 AEn.
1154 1033 1194 1055 ιι.
1220 1025 1293 1053 156.
1317 1024 1325 1039 ‘
1344 1022 1509 1062 vittaeque
1527 1022 1642 1052 Deum

936 1084 1017 1116 quas
1034 1075 1143 1105 hostia
1160 1074 1270 1115 gessi?
1317 1073 1404 1104 Nam
1422 1073 1510 1103 vitta?
1535 1076 1571 1103 et
1594 1072 1642 1103 in-

926 1124 1020 1163 fulae,
1049 1125 1113 1155 etsi
1141 1124 1230 1155 idem
1260 1133 1326 1154 non
1350 1128 1438 1159 sunt,
1469 1127 1642 1163 ponuntur

936 1186 997 1216 pro
1013 1175 1145 1214 eodem,
1170 1175 1248 1215 quia
1271 1174 1368 1205 vittae
1384 1183 1527 1204 annexae
1544 1177 1643 1204 erant

933 1225 1060 1257 infulis.
1107 1226 1161 1256 De
1179 1224 1299 1255 hostiis
1316 1232 1450 1265 quoque
1474 1224 1582 1254 Varro
1599 1223 1641 1254 de

934 1278 972 1308 L.
984 1278 1022 1308 L.
1034 1286 1083 1308 vr.
1102 1277 1172 1307 ait:
1191 1276 1200 1292 ‘
1220 1273 1349 1306 Infulas
1365 1275 1476 1305 dictas
1495 1278 1643 1314 apparet

932 1328 968 1358 in
998 1327 1126 1365 hostiis,
1155 1325 1244 1366 quod
1277 1326 1468 1355 velamenta
1501 1333 1521 1354 e
1555 1324 1642 1364 lana,

934 1388 1010 1419 quae
1025 1378 1197 1409 adduntur
1213 1375 1343 1413 infulae,
1355 1376 1442 1406 intra
1455 1375 1641 1406 hostiarum

934 1438 1062 1460 cornua
1107 1428 1302 1458 velamenta
1346 1428 1466 1457 erant.‘
1532 1426 1641 1456 Locus

933 1479 1018 1510 mire
1031 1477 1238 1519 depravatus
1253 1488 1260 1506 :
1279 1475 1360 1517 quid
1373 1475 1456 1505 illud
1470 1476 1643 1506 velamenta

933 1529 1026 1570 prius
1042 1528 1106 1559 sibi
1123 1528 1219 1558 vult?
1243 1526 1366 1557 deinde
1385 1535 1426 1555 an
1440 1525 1534 1556 vittae
1551 1526 1642 1556 intra

933 1590 1062 1611 cornua
1090 1578 1301 1610 hostiarum?
1346 1576 1499 1607 Emendo
1532 1580 1641 1607 totum

933 1633 1067 1663 locum:
1101 1629 1225 1668 Insulas
1238 1629 1339 1659 dictas
1353 1630 1481 1667 apparet
1501 1628 1579 1667 quod
1594 1627 1642 1669 fi-

931 1683 1066 1713 lamenta
1089 1691 1105 1712 e
1133 1682 1214 1719 lana,
1241 1689 1309 1720 quae
1335 1680 1492 1710 adduntur
1518 1678 1640 1716 insulse,

932 1732 1017 1769 infra
1033 1731 1202 1761 hostiatwn
1218 1739 1331 1760 cornua
1349 1730 1521 1759 velamenta
1538 1731 1639 1758 erant.

932 1783 981 1812 L‘t
999 1781 1170 1821 putaverit
1193 1781 1302 1810 Varro
1326 1779 1446 1809 infulas
1475 1778 1570 1819 quasi
1592 1778 1641 1808 in-

932 1830 1058 1862 ferulas⁴
1075 1831 1183 1861 dictas
1199 1830 1241 1860 ab
1257 1829 1355 1867 infra,
1379 1829 1468 1869 qnod
1492 1828 1642 1860 credidit

931 1891 1069 1923 quoque
1085 1880 1260 1919 Perottus,
1274 1879 1433 1910 nimirum
1447 1879 1526 1919 quia
1543 1878 1640 1910 vittae

932 1932 1019 1963 infra
1056 1940 1183 1963 cornua
1220 1930 1428 1971 pendebant.
1488 1929 1641 1970 Scaliger

932 1983 1054 2014 infulas
1070 1982 1209 2014 deducit
1226 1981 1269 2012 ab
1285 1981 1444 2022 irfilando,
1461 1980 1553 2022 quod
1582 1989 1641 2020 pu-

932 2039 984 2066 tat
1018 2033 1211 2074 significare
1245 2032 1396 2071 amicire,
1427 2036 1488 2063 aut
1514 2032 1639 2062 velare.

930 2085 999 2116 Sed
1018 2084 1200 2125 probatum
1215 2083 1251 2114 id
1267 2083 1378 2114 velim.
1419 2082 1462 2113 In
1479 2082 1579 2113 Festo
1593 2083 1640 2113 le-

931 2137 1044 2178 gitur:
1082 2137 1091 2152 ‘
1112 2134 1331 2173 Effafilatum,
1358 2138 1526 2174 exertum,
1549 2132 1641 2174 quod

932 2188 1065 2219 scilicet
1087 2191 1208 2218 exerto
1231 2184 1371 2216 brachio
1394 2189 1473 2215 sunt
1498 2183 1641 2223 exfilati,

931 2239 966 2270 id
996 2243 1060 2278 est,
1082 2242 1180 2269 extra
1206 2237 1448 2268 vestimentum
1475 2234 1532 2265 filo
1559 2243 1639 2265 eon-

932 2292 1088 2321 textum.⁵
1159 2289 1252 2328 Lego
1283 2288 1467 2328 Effilatum:
1510 2295 1535 2315 :c
1563 2284 1596 2315 in
1618 2283 1644 2321 f

931 2339 1028 2379 abiit,
1051 2343 1090 2370 ut
1112 2338 1229 2378 essuri,
1243 2337 1349 2379 effari.
1396 2338 1489 2377 Ergo
1511 2335 1639 2376 exfflnre

932 2395 985 2422 est
999 2399 1154 2429 exerere,
1179 2389 1300 2430 iufilare
1327 2387 1371 2418 sit
1397 2387 1536 2418 velare:
1571 2394 1640 2416 non

932 2446 1046 2472 tamen
1077 2440 1217 2471 infulam
1251 2439 1331 2470 inde
1359 2437 1482 2469 deduci
1512 2436 1638 2477 patiar,

930 2492 1058 2534 quippe
1083 2491 1176 2522 filum
1202 2490 1344 2531 primam
1367 2489 1471 2520 habet
1492 2487 1638 2529 produc-

931 2547 1023 2574 tam:
1061 2541 1166 2573 infula
1192 2542 1331 2572 brevem
1357 2539 1513 2571 mediam.
1559 2537 1637 2568 Scio

929 2593 1074 2624 subinde
1091 2593 1279 2633 composita
1298 2590 1465 2633 primitivi
1480 2594 1637 2620 naturam

931 2644 1089 2677 amittere
1103 2656 1111 2676 :
1135 2644 1195 2676 sed
1211 2643 1277 2675 huc
1294 2652 1359 2674 non
1376 2647 1506 2673 temere
1523 2647 1639 2669 recur-

930 2695 1084 2727 rendum.
1139 2696 1213 2735 Ego
1235 2694 1278 2725 ab
1307 2690 1490 2723 Hetruscis
1521 2693 1636 2729 peten-

931 2746 1008 2778 dam
1039 2745 1194 2778 vocabuli
1224 2744 1388 2784 otiginem
1419 2739 1579 2779 arbitrer,
1618 2749 1636 2770 a
