1850 3109
432 202 539 233 cAP.
571 190 772 231 12.1.1B.
810 201 872 230 DE
907 199 1061 228 BELLO
1094 200 1247 231 ALEX.

123 296 222 335 citer,
236 301 273 327 ut
289 296 418 337 opinor,
433 295 480 325 sic
497 295 598 334 enirn,
621 294 710 325 inter
725 293 821 333 alios,

122 348 254 378 locutus
267 351 320 378 cst
334 350 449 377 noster
465 345 603 384 hujus-ee
626 344 701 374 libri
720 354 749 376 c.
765 347 819 374 25.

123 398 232 429 Doris.
277 398 430 436 Deprensa
441 398 485 425 est
502 396 618 430 ultera;
641 396 819 436 alteraque

122 449 318 489 pert'orata;
341 449 451 478 deinde
477 457 593 478 omnes
617 448 750 488 epibatis
766 458 821 478 nu·

122 500 223 531 datm.
255 500 364 529 voces
380 499 464 537 istae,
479 499 636 540 alteraque
648 497 820 538 perforato,

121 550 241 581 desunt
260 550 293 579 in
319 548 593 579 Recentioribus.
634 549 701 578 Ms.
736 549 819 587 Reg.

120 605 155 631 et
186 599 295 631 Editt.
324 599 418 630 Vett.
455 599 627 637 exhibent,
667 599 822 637 alteraque

119 650 342 691 perturbata:
366 650 454 680 unde
467 650 501 681 J.
518 650 552 680 1³.
570 649 760 679 Gronovius
779 658 821 678 ex

120 701 322 741 conjectura
336 700 501 737 restituit,
530 700 686 739 alteraque
711 697 822 739 perfo-

119 756 204 782 rata.
251 751 423 782 Feliciter.
463 750 516 780 Sic
533 749 621 780 enim
640 748 728 779 infra
744 749 821 779 Hir-

119 801 198 837 tius,
214 811 244 831 ο.
269 803 321 831 2-1.
345 802 354 817 ‘
374 801 545 831 triremem
563 799 706 830 hostium
720 798 823 839 perfo-

118 854 215 882 miset
229 856 264 882 et
280 851 496 882 demersisset
508 850 528 889 ς’
553 855 588 881 et
607 860 637 880 c.
655 852 706 879 46.
730 852 738 866 ‘
753 860 822 890 per-

111 901 229 940 soratoe
257 901 480 942 merguntur.y
527 899 628 933 Quod
658 900 822 941 sequitur,

118 952 227 982 deinde
242 961 343 982 omnes
357 951 490 991 epibatis
506 952 642 989 uudotoe,
666 949 823 980 manifes-

120 1007 155 1034 to
183 1008 381 1043 corruptum
409 1007 472 1033 est.
525 1002 561 1033 Si
587 1001 674 1032 enim
701 1010 822 1032 ommes

119 1053 266 1094 epibatis
281 1054 444 1091 undatae;
469 1063 625 1095 quorsum
650 1053 823 1093 subjungit

119 1103 249 1143 statim,
273 1104 281 1120 ‘
298 1113 420 1143 magna
451 1109 617 1143 praeterea
641 1103 823 1134 multitudo

118 1152 154 1184 in
171 1160 341 1185 nemum·
364 1153 505 1183 navibus
531 1158 822 1193 propugnatorum

119 1207 212 1233 esset
233 1201 447 1233 interfecta?
484 1202 570 1233 Mss.
589 1202 742 1243 plerique
765 1202 822 1233 ha-

119 1252 215 1292 bent,
242 1252 365 1283 Deinde
396 1251 550 1282 omnibus
577 1251 707 1291 epibatis
728 1253 822 1284 nuda-

119 1306 187 1334 tae:
225 1302 314 1333 unde
346 1301 575 1342 Glandorpius
606 1301 822 1333 scribendum

119 1353 341 1392 existimavit,
365 1353 488 1384 Deinde
506 1353 675 1383 nonnullae
693 1352 824 1393 epibatis

117 1405 267 1442 nudatam
311 1403 501 1443 Turnebus,
541 1404 630 1434 Duae
669 1404 822 1435 omnibus

118 1455 250 1495 epibatis
276 1455 418 1485 nudatae:
443 1453 601 1485 Davisius
628 1458 740 1485 autem
765 1464 823 1496 op-

123 1505 223 1536 time:
248 1505 327 1537 dein
344 1505 420 1536 duae
436 1504 589 1536 omnibus
609 1505 743 1546 epibatis
768 1516 824 1538 nu-

119 1557 211 1587 datoe.
243 1556 319 1588 Nisi
332 1555 423 1588 forte
438 1557 541 1588 etiam
558 1556 667 1588 adhuc
685 1558 822 1598 propius

120 1617 142 1638 a
156 1607 240 1638 Mss.
258 1607 422 1647 vestigiis,
442 1608 542 1638 unica
557 1612 690 1638 tantum
707 1608 824 1639 literu-

119 1658 155 1689 la
168 1663 312 1696 mutata,
337 1658 405 1699 legi
429 1660 555 1700 possit;
576 1660 735 1699 alteraque
757 1669 825 1699 pcr-

114 1707 226 1746 ,ἔσταιτι
239 1719 251 1745 ;
272 1707 383 1739 deinde
393 1708 547 1739 omuibus
563 1708 695 1748 epibatis
711 1717 825 1739 NtTDA-

121 1767 178 1789 ΤΑ.
218 1759 326 1789 Clark.
373 1759 433 1789 Est
450 1768 515 1789 non
535 1759 711 1790 invenuste
729 1758 825 1789 abest

121 1808 253 1840 aLeid.
271 1818 322 1849 pr.
350 1809 461 1839 Altera
484 1808 669 1849 perturbata
695 1808 827 1839 addunt

122 1868 165 1890 ex
181 1860 264 1890 meis
288 1859 493 1890 recentiores
518 1859 614 1890 Leid.
630 1867 700 1890 sec.
718 1860 825 1891 Dorv.

121 1910 235 1942 Putat.
264 1916 300 1941 et
328 1910 415 1941 Edd.
446 1910 539 1941 Med.
567 1910 658 1941 Flor.
685 1911 824 1942 Vascos.

123 1960 284 2002 Stephan.
299 1962 369 1993 Str.
395 1962 526 2002 Gryph.
555 1966 644 2002 post.
690 1961 738 1993 At
762 1962 826 1993 Lo·

121 2020 198 2043 vau.
215 2015 251 2042 et
268 2012 413 2044 Dorvill.
429 2016 475 2043 est
497 2013 655 2053 alteraque
666 2014 827 2053 perturbo-

121 2065 168 2093 ια.
213 2063 385 2095 Dubitare
400 2064 521 2104 possis,
543 2073 584 2094 an
602 2064 685 2094 illud
705 2067 827 2103 pertur-

122 2112 195 2143 bata
211 2123 269 2143 seu
284 2113 443 2153 perforata
460 2124 525 2145 non
543 2114 656 2154 potius
673 2114 717 2144 sit
730 2115 829 2145 Glos-

124 2172 162 2194 sa
176 2164 234 2194 τοῦ
254 2165 406 2204 depressa,
434 2170 494 2196 aut
508 2170 638 2203 contra,
663 2169 702 2196 ut
723 2164 828 2196 fuerit

122 2214 340 2254 quadriremis,
371 2216 528 2255 alteroque
551 2215 733 2255 personna,-
768 2216 827 2247 ubi

123 2263 244 2305 aliquis
260 2264 476 2304 adscripserit
502 2266 665 2305 depressa.-
688 2265 770 2296 licet
791 2271 828 2296 et

123 2313 187 2345 hoc
210 2314 350 2345 verbum
378 2314 412 2344 in
435 2315 497 2346 hac
522 2324 557 2345 re
584 2315 629 2346 sit
652 2315 827 2355 proprium

125 2363 215 2404 apud
246 2374 360 2395 omnes
387 2364 576 2403 historicos,
601 2370 637 2396 et
664 2370 827 2396 nostrum.

125 2413 185 2445 Nil
208 2413 341 2446 definio.
378 2415 607 2446 Vetustissimi
626 2420 723 2446 certe
739 2416 824 2446 Mss.

125 2463 249 2505 quique
266 2469 453 2504 agnoscunt
470 2469 601 2496 tantum
617 2467 759 2506 depressa
781 2469 827 2496 est

124 2513 233 2546 attera.
276 2515 404 2545 Verum
439 2524 502 2556 ego
541 2525 675 2557 quoque
712 2516 826 2546 malim

126 2564 287 2605 amplecti
304 2565 468 2596 Gronovii
484 2566 769 2605 emendationem,
791 2571 828 2597 et

128 2623 205 2645 cum
221 2615 356 2646 Ciarkio
369 2616 470 2647 etiam
486 2617 676 2648 rescribere
690 2617 828 2648 omnibus

127 2671 176 2703 ep.
199 2665 328 2705 nudata,
352 2672 390 2697 ut
420 2666 460 2696 ad
483 2666 677 2706 perforatam
705 2677 827 2699 navem

127 2712 193 2744 hoc
210 2712 390 2754 referatur,
405 2720 442 2746 et
456 2717 578 2756 deinde,
594 2726 655 2757 pro
676 2727 742 2759 quo
758 2719 828 2748 duoe

129 2763 328 2804 minisque
353 2766 498 2806 margini
526 2767 656 2798 adlevit
682 2768 828 2809 Lipsius,

213 2817 328 2857 Desph.
340 2820 372 2848 et
392 2818 466 2849 Vor.
484 2819 570 2850 ctas.

797 2822 906 2852 Caesor

1461 191 1572 233 1537

871 293 1072 324 retineatur.
1121 294 1236 324 Omnes
1264 299 1377 324 autem
1400 298 1453 325 cst
1480 296 1574 336 inep-

872 343 1052 383 tissimum,
1071 349 1105 374 et
1120 344 1259 375 omnibus
1275 344 1437 375 exhibent
1452 345 1572 377 Petav.

872 394 1028 425 Leidens.
1062 404 1115 434 pr.
1146 395 1310 435 ilungars.
1338 405 1376 426 ac
1409 396 1505 426 Voss.
1538 401 1574 426 et

872 447 959 477 Eud.
978 446 1070 486 Aldi,
1084 447 1218 487 Gryph.
1238 447 1398 485 Plautini,
1412 452 1447 478 et
1464 448 1529 478 alii.

913 498 1035 528 Deinde
1050 507 1151 527 omues
1173 497 1304 538 epibatis
1326 498 1465 539 nudutoe]
1489 498 1574 530 Mss.

872 547 1012 578 Norvic.
1040 553 1074 579 et
1103 548 1229 579 Thuan.
1257 558 1333 578 cum
1360 548 1458 579 editt.
1491 554 1576 582 vett.

872 603 1119 638 repraesentant
1144 599 1253 628 deinde
1279 598 1427 638 omnibus,
1450 608 1492 629 ex
1509 608 1576 640 qua

871 649 1037 679 varietate
1054 648 1154 680 Joau.
1173 648 1403 688 Glundorpius
1428 649 1576 680 scriben-

871 701 950 732 dum
967 701 1099 741 putavit
1115 701 1226 732 deinde
1243 703 1394 732 nomudlae
1416 702 1575 733 omnibus:

872 751 981 783 Hadr.
998 756 1112 783 autem
1129 752 1309 783 Turnebus
1325 751 1471 783 Advers.
1497 761 1575 784 xiv.

872 805 923 833 16.
948 803 958 820 ‘
973 802 1048 834 duae
1063 802 1243 841 omnibus,'
1259 806 1324 833 bac.
1371 802 1506 833 Lubens
1524 811 1575 833 re-

870 853 1064 893 scripserim
1091 853 1161 883 dein
1188 853 1256 883 ‹111ae
1281 852 1421 882 omnibus
1446 852 1577 892 epibatis

871 904 1008 943 nudatoe,
1027 913 1101 944 quae
1127 903 1262 944 quidem
1278 903 1417 934 minima
1432 907 1483 933 est
1507 913 1577 933 mu-

873 954 971 991 tatio,
988 954 1162 994 multoque
1178 954 1299 991 minus,
1318 963 1417 993 quam
1434 953 1575 993 reliquae

872 1003 1090 1042 conjoeturae,
1106 1002 1180 1034 abit
1198 1012 1217 1033 a
1235 1003 1398 1034 Codicum
1416 1003 1576 1034 lectione.

872 1053 986 1084 Datis.

917 1106 955 1134 14
983 1103 1128 1143 Epilmtis
1153 1103 1292 1143 nudatae]
1315 1103 1402 1135 Sunt
1419 1103 1577 1143 Epibatae,

873 1153 929 1192 qui
946 1153 1118 1183 navalibus
1145 1153 1257 1193 operis
1279 1163 1324 1183 aes
1342 1158 1487 1192 merent,
1510 1162 1577 1184 non

872 1202 972 1233 aliter
986 1206 1090 1243 atque
1108 1203 1142 1233 in
1169 1204 1290 1234 castris
1316 1204 1465 1242 milite53
1492 1204 1578 1234 Clas-

870 1253 982 1283 siarios
997 1257 1101 1284 vocat
1119 1258 1240 1293 postea
1267 1252 1414 1285 Hirtius.
1460 1253 1516 1284 Sic
1543 1257 1579 1285 et

873 1302 997 1342 passim
1036 1303 1161 1335 Caesar.
1199 1303 1319 1334 Brant.
1355 1303 1444 1334 Vide
1474 1304 1577 1336 Joan.

871 1351 1077 1384 Schefferum
1095 1354 1170 1384 Mil.
1186 1354 1275 1385 Nav.
1290 1362 1328 1384 11.
1345 1357 1376 1385 3.
1401 1355 1512 1385 Davis.

919 1407 958 1435 18
982 1404 1146 1444 Remigio]
1169 1404 1226 1435 Sic
1255 1405 1321 1435 Ms.
1351 1405 1489 1445 Regius.
1519 1404 1577 1436 Al.

872 1455 1015 1485 remulco.
1052 1455 1161 1485 Clark.
1205 1455 1396 1495 Perperam
1422 1455 1579 1487 Clarkius

873 1505 1007 1535 remulco
1036 1505 1209 1542 mutavit;
1249 1505 1330 1535 licet
1368 1505 1412 1536 sit
1447 1505 1580 1545 remigio

874 1554 975 1585 etiam
993 1554 1026 1585 in
1043 1555 1173 1586 Lovan.
1190 1555 1306 1586 Palat.
1321 1554 1465 1586 Dorvill.
1482 1555 1579 1587 Leid.

874 1615 942 1636 sec.
982 1610 1145 1646 corrupte
1183 1615 1225 1636 ex
1264 1605 1434 1646 scriptura
1471 1605 1580 1638 Codd.

874 1656 1136 1687 teterrimarum
1178 1656 1329 1695 remulgo,
1369 1661 1405 1687 ut
1439 1660 1491 1687 est
1523 1655 1578 1687 hic

875 1716 1010 1748 quoque
1041 1707 1075 1737 in
1105 1706 1286 1738 Petavian.
1321 1706 1418 1737 Leid.
1454 1716 1506 1746 pr.
1546 1710 1582 1737 et

875 1757 975 1787 Voss.
1000 1757 1056 1787 vel
1089 1767 1133 1788 ex
1163 1757 1298 1788 Glossa.
1341 1757 1426 1787 Vult
1460 1761 1581 1788 auctor

875 1804 956 1837 fune
974 1807 1131 1848 alligatas
1149 1807 1289 1838 navibus
1304 1807 1513 1845 victricibus,
1537 1807 1580 1839 ab

875 1856 915 1886 iis
950 1856 1198 1897 remigantibus
1237 1862 1432 1897 protractas
1466 1855 1580 1888 fuisse.

877 1907 970 1937 Male
983 1907 1073 1938 enim
1087 1907 1246 1938 Davisius
1262 1916 1397 1949 quoque
1416 1917 1485 1937 cum
1500 1907 1580 1937 addi

876 1961 996 1991 voluit.
1042 1960 1184 1991 Navibus
1199 1961 1324 1991 inserui
1350 1960 1454 1991 etiam
1479 1969 1498 1990 e
1523 1960 1582 1990 tri-

876 2010 938 2041 bus
953 2011 1037 2042 meis
1053 2016 1087 2043 et
1099 2010 1188 2043 Edd.
1201 2011 1301 2042 Vasc.
1314 2011 1433 2051 Steph.
1447 2010 1579 2052 Gryph.

878 2066 967 2102 post.
983 2065 1047 2093 &tu

921 2111 1009 2151 Suis]
1033 2112 1118 2142 Mss.
1136 2112 1220 2150 Reg.
1238 2111 1366 2142 Eliens.
1394 2114 1431 2142 et
1457 2110 1582 2152 Vossii,

876 2162 941 2193 suis
976 2162 1115 2193 natibus.
1172 2162 1259 2195 Quae
1296 2161 1458 2203 loquendi
1495 2162 1582 2193 ratio

879 2214 1007 2245 Caesari
1047 2219 1084 2245 et
1121 2214 1238 2245 Hirtio
1273 2223 1339 2244 nou
1373 2212 1581 2255 infrequens.

880 2264 992 2294 Clark.
1037 2264 1171 2295 Carrar.
1188 2264 1308 2294 Petav.
1325 2263 1430 2294 Norv.
1456 2263 1582 2303 aliique

879 2313 1029 2352 codices,
1047 2314 1164 2345 addita
1181 2323 1276 2352 voce,
1296 2314 1379 2344 dant
1404 2313 1584 2344 victricibus

878 2363 945 2394 suis
973 2371 1127 2395 uavxncs
1163 2364 1402 2403 Alexandriam,
1431 2365 1485 2403 [50.
1531 2364 1583 2396 Ac

880 2414 928 2444 sic
945 2413 1083 2445 edidere
1102 2414 1303 2453 Beroaldus,
1326 2414 1513 2455 Gryphius,
1535 2419 1584 2445 at-

880 2473 945 2506 que
984 2465 1187 2505 Stephanus.
1248 2465 1405 2506 Legerim
1450 2465 1583 2496 remulco

879 2523 955 2546 cum
970 2515 1151 2546 victricibus
1174 2516 1238 2546 suis
1266 2524 1422 2547 ΝΑνιΒυε
1445 2516 1584 2547 Alexan—

876 2565 978 2596 driam
992 2567 1127 2597 deducit.
1174 2567 1230 2597 De
1257 2567 1409 2597 remulco
1432 2566 1510 2596 vide
1527 2565 1582 2596 In·

878 2621 1049 2657 terpretes
1063 2617 1105 2647 ad
1119 2617 1262 2648 Caesaris
1281 2617 1320 2647 B.
1340 2617 1383 2647 G.
1403 2625 1457 2646 111.
1475 2618 1529 2646 40.
1545 2619 1582 2646 et

876 2667 951 2700 Jos.
962 2667 1170 2708 scaligerum
1181 2668 1224 2698 ad
1238 2668 1375 2697 Festum
1392 2666 1426 2696 in
1438 2665 1581 2695 remulco.

924 2725 992 2749 xu.
1015 2720 1034 2748 8
1061 2718 1180 2752 Quibus
1209 2721 1240 2748 et
1266 2715 1473 2757 superior-ibus
1507 2715 1584 2746 loe-'⁸

877 2767 1126 2808 sublevabantur,
1152 2770 1188 2798 ut
1216 2776 1258 2798 α·
1288 2765 1431 2808 oedficiis
1458 2764 1585 2805 defendi

1424 2823 1444 2851 5
1466 2819 1497 2851 Ε
