1850 3109
225 162 338 205 1840
651 173 692 204 J.
725 171 863 203 csshsr
898 172 1250 203 COMMENTARH

224 271 292 309 illo
327 270 616 309 commendatus
655 271 814 309 Caesaris
854 271 890 308 in
925 271 1219 309 familiaritatem
1253 269 1540 322 ³²pervenisset:
1560 270 1678 310 'liuuc

224 334 341 385 igitur
356 341 397 373 ut
417 335 568 386 utrique
588 349 719 373 carum
741 347 830 372 cum
861 334 993 371 litteris
1009 347 1055 371 ac
1077 335 1267 372 mandatis
1289 348 1334 372 eo
1353 335 1504 384 dirigit:
1534 347 1681 375 summa

226 401 394 438 omnium
425 402 509 439 liaec
527 401 691 438 ³³erant:
724 404 734 419 ‘
755 412 795 435 se
814 398 861 435 de
882 411 978 447 pace
999 400 1124 436 omnia
1145 400 1340 448 probasse,
1362 400 1488 449 nilque
1509 401 1557 438 ad
1591 412 1681 438 eum

178 462 187 471 ⁴
224 464 325 504 diem
347 465 578 515 profecisse:
612 462 771 499 credere
791 469 919 499 autem
941 475 995 506 se,
1017 475 1090 499 non
1113 462 1290 512 Pompeji
1311 463 1403 500 vitio
1431 463 1497 501 sed
1532 463 1682 501 nuntio-

225 542 310 568 rum
331 528 528 572 accidisse,
545 525 651 576 quod
673 526 732 562 vel
752 525 957 562 nescierint
975 525 1034 562 vel
1055 525 1250 563 timuerint
1269 527 1471 563 commissa
1488 539 1682 576 peragere,

226 599 344 642 atque
363 591 409 627 ad
433 596 576 627 tantam
597 603 677 627 rem
697 589 877 626 idoneum
898 595 1052 639 tempus
1069 589 1224 639 eligere:
1246 588 1352 626 illum
1374 602 1478 635 ver0,
1499 595 1537 626 et
1552 595 1685 626 aucto-

225 654 336 692 ritate
355 654 456 704 apud
479 666 674 704 generum,
695 659 731 690 et
752 652 921 702 potentia
943 659 1050 690 tanta
1069 666 1150 689 esse
1176 652 1214 689 in
1234 652 1448 702 republica,
1469 658 1505 689 et
1527 658 1686 703 propter

228 718 301 755 hoc
323 717 507 755 exercitui
528 730 604 755 non
625 716 775 766 sqegmi
796 716 862 753 sed
884 717 1089 766 imperator
1109 716 1332 766 praesidens,
1355 723 1395 753 ut
1415 716 1472 752 his
1493 714 1625 761 fretus,
1646 721 1686 753 et

229 781 325 832 quid
344 781 432 819 velit
451 780 597 830 alloqui
618 779 849 829 Pompejum
868 780 1002 829 possit,
1020 785 1058 816 et
1087 785 1277 817 errantem
1305 792 1380 816 non
1414 778 1530 816 modo
1557 791 1687 829 repre-

229 844 395 882 hendere
416 844 481 881 sed
503 842 792 893 quodammodo
811 842 927 879 etiam
949 855 1085 891 cogere
1105 843 1208 879 illum
1230 843 1363 891 possit,
1382 849 1423 880 ut
1438 844 1584 891 35aeque
1598 841 1685 891 paci

229 908 396 946 animum
417 907 619 945 adhibeat:
641 906 678 943 id
699 907 728 943 si
752 905 885 944 fecerit
905 906 1020 943 rebus
1041 919 1128 943 eum
1150 905 1269 950 fessis,
1287 912 1324 942 et
1340 905 1465 954 majus
1484 905 1520 942 in
1542 905 1685 943 malum

230 971 360 1021 pronis
381 971 563 1021 quietem,
586 977 623 1007 ct
642 969 801 1019 imperio
822 976 859 1006 et
880 969 1000 1007 ltaliae
1021 982 1168 1019 pacem,
1189 975 1226 1006 et
1247 969 1452 1018 provinciis
1473 968 1686 1014 allaturum,

231 1047 440 1084 omnesque
454 1033 556 1070 illam
578 1031 701 1070 ³⁶eun1
716 1038 919 1082 acceptam
942 1032 1167 1070 habiturosx
1214 1033 1311 1070 Cum
1328 1033 1383 1069 liis
1405 1032 1565 1069 Clodius
1586 1044 1690 1069 man-

233 1096 334 1135 datis
365 1097 414 1134 ad
446 1097 666 1147 Scipionem
699 1094 981 1146 proficiscitur:
1013 1096 1128 1146 [¹201]
1155 1098 1318 1146 primum
1347 1095 1504 1146 quidem
1542 1095 1688 1134 ³⁷laetus

232 1161 334 1198 visus
354 1160 598 1211 auditusque,
614 1159 862 1210 postmodum
876 1172 898 1196 a
912 1158 1104 1209 colloquio
1118 1160 1304 1204 seclusus,
1328 1159 1497 1196 Favonio
1519 1159 1689 1209 quodam

234 1224 324 1262 mali
344 1224 495 1262 consilii
520 1223 667 1260 fautore
687 1235 709 1260 a
729 1221 903 1272 pacificis
924 1222 1145 1271 Scipionem
1163 1229 1198 1260 et
1213 1222 1359 1260 mundo
1373 1222 1529 1259 utilibus
1551 1228 1691 1260 tracta-

233 1288 337 1326 tibus
358 1294 588 1325 revocante:
611 1286 666 1324 sic
682 1286 825 1324 infecto
845 1285 1000 1335 negotio
1021 1286 1182 1323 Clodius
1202 1286 1252 1322 ad
1276 1288 1469 1323 Caesarem
1491 1292 1549 1323 est
1568 1298 1691 1324 rever·

237 1364 314 1388 sus.
347 1351 533 1395 Quotidie
550 1348 698 1386 interim
712 1361 937 1398 congressus
951 1355 988 1385 et
1009 1349 1151 1398 proelia,
1168 1355 1206 1386 et
1227 1349 1418 1399 utrimque
1439 1349 1563 1387 caedes
1577 1356 1694 1399 atque

235 1414 437 1464 insignium
458 1414 624 1451 virorum
645 1425 757 1450 casus
790 1412 992 1458 mirabiles,
1009 1413 1192 1463 pacisque
1226 1413 1394 1450 consiliis
1416 1413 1550 1450 38male
1576 1425 1690 1463 repu-

237 1477 364 1515 diatus
386 1478 497 1515 locus
529 1476 594 1513 irae
627 1482 743 1525 atque
770 1475 861 1512 odio
892 1475 1006 1512 datus
1037 1482 1132 1513 erat.
1190 1476 1279 1513 Fuit
1307 1489 1404 1514 unus
1433 1476 1514 1514 dies
1548 1476 1693 1514 Caesari

234 1541 346 1578 nimis
378 1540 575 1585 adversus,
593 1554 670 1590 quo
700 1539 849 1590 eruptio
883 1539 1162 1577 violentissima
1200 1540 1251 1577 ab
1287 1540 1464 1577 hostibus
1490 1539 1592 1578 sacta
1620 1546 1691 1585 est,

235 1604 384 1654 fuitque
403 1604 467 1640 illo
500 1604 561 1641 die
588 1604 686 1641 inter
705 1604 778 1640 alia
798 1602 989 1653 aquiliferi
1010 1602 1107 1640 illius
1128 1603 1285 1652 insignis
1312 1603 1498 1641 39virtutis
1519 1617 1564 1641 ac
1586 1616 1693 1654 spec·

237 1673 317 1704 tata
334 1665 477 1704 4³dies:
509 1666 574 1716 qui
604 1679 692 1704 cum
719 1666 850 1704 lethali
877 1666 1031 1703 vulnere
1052 1665 1258 1703 transfixus
1285 1667 1395 1704 morti
1415 1666 1631 1718 proximum
1654 1679 1693 1704 se

238 1730 403 1776 sentiret,
425 1744 555 1767 versus
576 1729 623 1767 ad
647 1730 822 1776 comites,
854 1730 1130 1780 porrigensque
1150 1731 1314 1780 aquilam
1343 1743 1457 1781 quam
1485 1731 1568 1779 jam
1595 1743 1695 1781 aegre

239 1794 481 1832 sustentabat
498 1809 506 1832 ε
530 1799 540 1814 ‘
553 1794 694 1840 Hanc,'
714 1794 801 1839 ait,‘
817 1807 841 1831 ο
862 1794 1142 1831 commilitones
1157 1794 1228 1831 mei
1244 1794 1372 1832 vivens
1392 1795 1522 1832 multis
1537 1795 1644 1832 annis
1657 1800 1695 1832 et

236 1857 360 1895 multa
380 1870 474 1895 cura
494 1858 655 1904 servavi,
676 1864 715 1895 et
743 1871 846 1896 nunc
869 1858 1032 1896 moriens
1052 1858 1211 1895 eandem
1233 1858 1374 1895 Caesari
1396 1858 1480 1908 pari
1496 1857 1570 1895 fide
1586 1858 1694 1896 resti·

238 1928 333 1958 tuo:
361 1935 429 1958 vos
455 1928 581 1959 autem
609 1935 678 1972 per
706 1922 922 1960 communis
949 1922 1188 1972 imperatoris
1217 1935 1384 1959 amorem
1406 1935 1474 1959 oro
1493 1927 1608 1972 atque
1627 1921 1696 1959 ob-

240 1990 373 2029 testor,
393 1990 525 2022 cavete
548 1985 719 2022 dedecus
736 1987 923 2024 Caesareis
948 1986 1077 2024 castris
1096 1986 1307 2030 insolitum,
1330 1998 1374 2022 ne
1407 1985 1506 2022 forte
1527 1985 1692 2023 hostium

237 2047 275 2084 in
297 2059 430 2084 manus
450 2048 575 2084 veniat
596 2049 690 2085 tanti
721 2049 829 2086 ducis
850 2050 1023 2099 sigi-tuum
1056 2048 1121 2086 sed
1150 2048 1241 2086 mihi
1261 2061 1283 2085 a
1303 2049 1452 2085 Caesare
1479 2048 1570 2085 olim
1591 2061 1696 2086 com-

239 2110 352 2148 missa
366 2110 496 2161 aquila
511 2124 610 2148 nunc
632 2125 699 2161 per
718 2125 853 2149 manus
874 2118 1017 2149 vestras
1038 2112 1140 2149 salva
1169 2112 1216 2149 ad
1241 2112 1433 2149 Caesarem
1454 2113 1696 2149 revertatur?

239 2174 323 2212 haec
338 2174 470 2212 dicens
493 2175 650 2220 corruit,
670 2177 942 2225 ⁴¹centumque
963 2175 1023 2212 alii
1040 2175 1174 2225 primic
1196 2175 1368 2213 cohortis
1390 2189 1467 2213 sua]
1488 2189 1576 2213 curn
1594 2175 1695 2225 prin-

239 2238 325 2288 cipe
344 2238 581 2283 ceciderunt,
603 2239 804 2289 multaque·
821 2239 981 2276 diversis
1003 2240 1112 2277 caede
1139 2239 1178 2276 iu
1207 2239 1303 2277 locis
1330 2239 1434 2276 edita
1464 2239 1695 2288 Pompejani

240 2309 469 2351 erumpunt:
502 2302 669 2351 vicitque
698 2302 909 2352 Pompejus
943 2303 1005 2340 illa
1037 2303 1131 2348 acie,
1165 2309 1204 2340 et
1232 2302 1445 2351 Imperator
1477 2302 1693 2352 appellatus

241 2370 312 2402 est.
369 2365 545 2413 Cumque
578 2364 761 2402 cedentes
795 2378 871 2403 non
905 2374 1143 2415 sequeretur,
1165 2364 1317 2415 negarit
1349 2379 1433 2402 eum
1471 2367 1600 2403 Caesar
1628 2372 1695 2404 aut

241 2427 405 2471 vincere,
427 2434 491 2463 aut
514 2427 671 2464 victoria
696 2427 749 2464 uti
771 2428 880 2466 scire.
937 2429 1127 2466 Labienus
1148 2442 1236 2466 vero
1257 2429 1293 2465 in
1313 2442 1422 2465 suum
1443 2430 1532 2466 olim
1553 2428 1693 2467 ducem

284 2536 326 2564 32
350 2533 464 2573 Forte,
486 2536 765 2573 ])(⁷1·1·1’ucr‹1l.—-33
790 2534 895 2573 Lege,
917 2538 1078 2565 eran—34
1104 2535 1206 2575 Lege,
1226 2535 1439 2573 legultts.—35
1465 2535 1566 2575 Lege,
1589 2545 1695 2575 oeqnw.

242 2589 328 2618 —36
352 2587 468 2625 Forte,
483 2587 511 2616 ei
526 2586 624 2617 muss-
638 2589 677 2616 37
701 2586 789 2617 Late
806 2587 857 2616 vel
874 2587 1017 2627 libenter,
1035 2593 1071 2618 ut
1096 2588 1145 2618 ait
1173 2589 1388 2619 Uipsan—38
1411 2588 1526 2627 Forte,
1541 2589 1620 2618 male
1649 2597 1695 2619 re-

237 2639 378 2681 putitatis
393 2640 574 2670 locus.-39
598 2640 701 2679 Lege,
718 2640 912 2671 virtus—40
931 2640 1042 2682 Forte,
1047 2640 1227 2682 fidem—41
1246 2640 1505 2681 Centurionesque
1515 2640 1573 2677 ulii
1582 2640 1695 2682 primae

243 2692 381 2725 cohortis
391 2696 510 2734 proeter
521 2692 705 2734 principem,
720 2692 769 2724 sic
788 2692 912 2725 Cacsar.
