1850 3109
364 179 454 209 mn.
478 176 550 207 111.
582 174 687 205 CAP.
707 162 778 204 71.
811 171 872 202 DE
907 170 1061 200 nanno
1101 170 1273 201 eivrm.

94 275 186 308 «lum.
230 273 444 314 Interpolate
472 272 506 302 in
538 271 665 301 Lovan.
696 269 798 299 eodem

93 336 183 357 cursu
198 324 407 363 confugerent.
456 322 578 352 Latere
599 319 680 361 quid
707 319 800 349 vide-

96 382 163 409 tur.
211 375 302 407 Dein
325 382 389 404 non
414 372 500 402 maie
524 370 698 401 Manutius
722 378 800 400 cou-

89 426 171 467 jicit
196 425 352 465 quisquam
375 422 533 452 omnium.-
563 425 599 451 ut
621 429 696 451 cum
724 419 798 450 aliis

95 481 214 510 auctor
230 479 343 505 noster
362 472 510 513 loquitur
524 471 721 511 saepissime.

138 535 222 559 Lxx.
235 528 254 555 3
278 525 403 555 Proeter
417 532 500 563 spem
516 523 706 561 acciderant,
720 521 799 562 ejus]

98 577 225 609 Deleta
241 575 385 614 virgula,
408 585 484 615 quae
503 574 535 604 in
554 573 674 614 Lipsii,
695 572 799 604 Scali-

95 627 181 668 geri,
202 625 407 665 nuperisque
431 624 532 655 editt.
562 623 725 661 obtinuit,
751 631 799 652 re-

93 675 312 708 scribendum
353 678 468 715 praeter
503 685 586 715 spem
621 675 798 705 acciderant

95 726 173 765 ejus,
197 725 261 756 nisi
287 734 364 755 cum
389 725 485 755 Rom.
511 724 605 755 Med.
621 725 709 754 Ven.
734 724 798 754 Be-

100 777 206 809 roald.
222 776 341 816 Steph.
358 776 466 814 malis,
484 775 603 806 ordine
619 774 797 804 verborum

95 831 240 867 mutato,
266 830 381 867 praeter
409 836 492 866 spem
520 826 584 865 ejus
609 825 799 856 acciderant.

97 878 213 914 Dacis.

138 931 158 959 5
183 928 374 968 Equitesque
397 928 473 966 ejus,
496 925 662 965 angustiis,
685 925 798 966 portis-

96 988 154 1019 que
176 988 197 1009 a
223 978 357 1009 Caesaris
383 977 534 1008 militibus
559 975 729 1016 occupatis]
760 975 800 1006 In

98 1029 166 1060 ΜΒ.
184 1028 302 1068 Cujac.
330 1037 404 1058 v.c.
432 1032 560 1066 nostro,
586 1027 662 1057 Pet.
686 1025 799 1056 Palat.

98 1088 138 1109 ac
156 1079 265 1118 Bong.
289 1078 432 1117 reperio,
455 1077 597 1115 angustis
619 1075 731 1115 por-tis,
755 1078 801 1105 at-

96 1138 154 1169 que
179 1128 228 1158 his
252 1138 272 1158 α
299 1128 434 1158 Caesaris
459 1126 609 1156 militibus
634 1126 799 1164 occupatis.

99 1179 169 1211 Sed
192 1188 258 1210 non
284 1178 405 1208 damno
433 1177 583 1216 vulgata,
608 1175 687 1216 quia
713 1174 801 1205 infra

98 1228 184 1260 dicit
196 1228 331 1260 Caesar:
356 1230 364 1244 ‘
379 1237 446 1258 non
462 1226 511 1257 illi
527 1225 701 1265 angustias
717 1234 803 1265 prae-

101 1278 279 1318 occupatis
307 1276 450 1308 castris!
499 1276 634 1306 Vossius.
678 1274 804 1313 Angus-

100 1330 144 1360 tis
166 1328 266 1369 portis
288 1331 377 1368 atque
395 1327 444 1357 his
458 1336 477 1356 a
502 1327 540 1357 C.
563 1326 675 1356 inveni
700 1326 803 1356 etiam

102 1379 138 1410 in
161 1378 282 1409 Leidd.
307 1379 391 1409 Lov.
410 1381 447 1408 et
462 1376 560 1407 Voss.
585 1382 689 1416 atque
714 1375 804 1406 Edd.

102 1429 232 1470 primis,
248 1429 350 1460 Vasc.
374 1427 494 1467 Steph.
519 1427 671 1468 aliisque.
716 1426 804 1457 Vide

100 1479 206 1510 eriam
221 1478 354 1509 Manut.
389 1478 429 1509 In
442 1477 537 1509 Leid.
549 1487 617 1509 sec.
629 1482 684 1509 est
693 1487 805 1517 angim-

104 1529 149 1560 tis
164 1539 198 1569 p.
215 1533 305 1569 atque
319 1528 403 1560 aliis.
714 1532 716 1534 “

148 1582 188 1610 10
217 1579 385 1618 Propriam
412 1581 441 1608 et
471 1579 647 1619 expeditum
674 1578 808 1608 Caesaris

104 1629 284 1669 victoriam]
308 1629 349 1659 In
365 1629 488 1659 Petav.
511 1629 670 1668 propriam
685 1628 808 1668 expedi-

103 1684 182 1711 tam.
228 1679 315 1710 Mihi
341 1679 425 1710 illud
450 1679 610 1719 propriam
637 1688 734 1710 aures
758 1677 808 1710 of·

106 1728 228 1761 rendit.
272 1729 352 1760 Scio
368 1728 504 1769 quidem
520 1728 635 1759 dicere
660 1728 810 1759 Hirtium

106 1778 150 1810 de
179 1778 276 1809 Bello
306 1777 494 1808 Alexandr.
522 1778 721 1809 ‘victoriam
747 1777 812 1808 sibi

108 1829 283 1871 propriam
315 1839 334 1859 a
369 1828 432 1859 diis
462 1829 705 1859 immortalibus
735 1838 810 1868 por-

109 1878 241 1911 tendiz’
266 1883 302 1910 et
324 1878 365 1909 de
388 1878 487 1909 Bello
512 1877 696 1910 Africano:
720 1881 728 1896 ‘
744 1879 811 1909 vic-

107 1929 229 1963 &oriam
254 1929 427 1970 propriam
452 1938 488 1960 se
515 1929 564 1960 eis
591 1929 688 1960 brevi
715 1928 812 1960 datu-

108 1990 184 2014 rum
205 1979 408 2021 pollicetur!
449 1980 519 2012 Sed
536 1980 600 2012 alia
616 1980 663 2012 ibi
678 1990 732 2012 res
747 1984 812 2012 est.

110 2032 184 2073 Ego
209 2031 264 2063 hic
288 2032 396 2062 multo
419 2032 534 2063 malim
562 2032 696 2073 legere:
720 2031 814 2062 ricto-

108 2082 189 2112 riam
208 2091 301 2122 prope
321 2081 392 2120 jam
417 2082 604 2122 expeditam.
650 2083 756 2113 Oerte
785 2080 813 2112 si

112 2131 254 2172 propria
269 2132 341 2171 jam
358 2137 434 2163 erat
448 2131 606 2170 victoria,
629 2131 714 2162 nihil
728 2140 813 2172 opus

113 2181 241 2212 addere
269 2182 454 2222 expedita:
489 2183 517 2213 si
545 2182 711 2223 expedita
741 2186 814 2213 tan-

113 2238 199 2273 tum,
210 2233 358 2263 nondum
375 2233 523 2274 propria.
569 2233 634 2264 Sed
645 2233 815 2274 judicium

112 2282 253 2314 aliorum
280 2287 364 2313 esto.
402 2283 536 2314 Vossius.
587 2283 727 2313 Victoria
744 2293 815 2323 pro-

109 2332 185 2373 pria
200 2336 251 2363 est
268 2337 446 2373 perpetua,
468 2342 536 2373 qua
550 2333 722 2364 locutione
737 2342 817 2364 usus

114 2386 168 2413 est
184 2381 318 2413 Hirtius
333 2382 422 2412 Bell.
439 2381 549 2413 Afric.
575 2391 676 2423 capp.
704 2385 756 2414 32.
782 2387 818 2414 et

113 2435 168 2465 ⁰12.
212 2432 261 2463 At
276 2433 396 2463 mirum
418 2442 498 2464 sane
520 2439 625 2472 esset,
651 2433 677 2463 si
703 2434 818 2465 Caesar

116 2491 162 2514 ex
188 2483 292 2516 ,victa
327 2483 475 2514 hostium
512 2484 646 2524 legione
684 2488 818 2514 tantum

117 2533 329 2570 commodum
351 2538 534 2572 sperasset.
580 2533 730 2565 Omnino
755 2533 818 2564 ita-

116 2591 185 2622 que
200 2583 429 2623 reponendum
442 2593 537 2623 prope
546 2584 616 2622 jam
630 2584 817 2624 expeditam,

119 2634 159 2662 ut
168 2630 293 2663 diserte
306 2633 445 2664 exbibet
460 2634 528 2665 Ms.
543 2635 679 2666 Nervic.
705 2635 819 2666 Livius

123 2688 206 2712 va.
219 2684 273 2713 41.
294 2683 305 2700 ⁴
319 2683 374 2714 Ad
394 2684 538 2716 alterum
561 2695 656 2726 prope
669 2686 740 2724 jam
762 2695 820 2718 ex-

120 2730 308 2773 spirantem
332 2733 434 2764 veni.’
477 2734 632 2767 Hilarius
659 2735 703 2767 ad
732 2737 820 2768 Con-

209 2782 365 2825 Delphet
384 2784 459 2816 Var.
477 2786 560 2818 Clas.

787 2788 898 2821 cm

1435 160 1548 201 1505

849 270 953 296 stant.
983 275 1016 305 p.
1043 267 1118 295 211.
1147 263 1232 294 edit.
1259 263 1361 294 Basil.
1405 263 1546 304 ‘Prope

841 317 914 357 jam
945 324 1042 346 nemo
1084 314 1208 345 Christi
1239 313 1314 344 est)
1367 313 1547 344 Terentius

850 367 977 398 Heaut.
1001 370 1067 397 act.
1086 374 1107 395 1.
1125 375 1171 394 sc.
1190 367 1220 394 1.
1236 367 1288 394 46.
1311 366 1319 380 ³
1339 364 1452 403 Prope
1477 364 1549 404 jam

848 423 886 449 ut
910 427 971 458 pro
988 426 1093 447 uxore
1117 415 1283 446 haberet!
1327 414 1415 445 Vide
1440 419 1475 445 et
1502 424 1551 446 vs.

848 470 902 498 52.
933 467 1042 498 Daris.
1089 466 1133 496 Ec
1161 466 1259 496 abest
1287 474 1419 505 quoque
1445 474 1464 494 a
1492 465 1554 495 Lo-

849 527 926 548 van.
972 517 1012 547 1n
1039 516 1133 547 Leid.
1161 525 1212 556 pr.
1237 515 1361 555 Scalig.
1390 520 1426 546 et
1455 514 1554 545 Voss-

848 571 1011 598 exaratur
1030 566 1189 607 propriam
1207 566 1461 606 expeditamque;
1482 573 1555 595 cer-

849 622 884 648 to
900 617 1038 655 indicio,
1061 616 1220 646 mendam
1244 616 1391 646 subesse.
1440 615 1554 647 Quare

848 668 985 698 omuino
1007 666 1133 698 accedo
1157 666 1236 696 viris
1270 665 1380 696 doctis
1404 664 1554 695 seriben-

849 718 940 749 tibus
954 727 1049 757 prope
1063 716 1143 755 jam.
1161 725 1238 756 cap.
1253 718 1306 746 81.
1324 716 1332 732 ‘
1348 716 1431 748 (211ae
1447 724 1553 755 prope

843 768 916 808 jam
941 772 1075 798 matura
1101 765 1199 797 erat.’
1247 765 1287 796 B.
1318 764 1419 796 Alex.
1446 774 1478 795 c.
1501 767 1555 796 64.

847 819 856 833 ⁴
872 826 979 858 prope
996 816 1069 857 jam
1087 815 1245 846 instituta
1261 814 1390 855 opera!

893 876 991 899 mnu.
1008 871 1022 899 1
1045 866 1246 898 Desideravit
1258 866 1371 897 milites
1384 864 1557 904 nccchx]

850 917 1057 949 Plutarchus
1073 917 1115 948 de
1140 917 1270 948 duobus
1287 916 1449 955 millibus,
1473 915 1559 945 Oro-

851 968 917 1000 sius
933 969 976 1000 de
993 968 1167 1009 quaternis
1183 968 1241 998 ait.
1285 966 1326 997 In
1351 966 1450 997 Celso
1473 965 1557 996 nihil

851 1020 913 1051 hac
930 1020 973 1051 de
991 1029 1027 1050 re
1045 1019 1191 1050 invenio.
1230 1018 1362 1049 Vossius.

894 1073 914 1101 2
939 1071 1070 1110 Equites
1087 1070 1129 1100 R.
1154 1070 1172 1086 ¹⁸
1198 1069 1408 1108 Felginatem,
1434 1067 1559 1099 Tutica-

851 1132 938 1160 num,
968 1120 1036 1160 δῖα]
1082 1120 1157 1150 Etsi
1188 1129 1256 1150 non
1287 1119 1392 1158 probo
1420 1128 1475 1148 vv.
1503 1127 1555 1149 cc.

851 1172 1047 1210 lectionem,
1064 1180 1129 1201 non
1150 1171 1270 1201 dubito
1295 1176 1408 1201 tamen
1431 1170 1558 1201 adscri-

853 1222 948 1261 bere,
977 1221 1058 1263 quia
1086 1221 1230 1251 immane
1259 1225 1422 1261 quantum
1448 1229 1467 1250 a
1489 1220 1561 1250 vul·

853 1278 933 1313 gata
949 1272 1042 1303 abit:
1071 1272 1202 1312 Equites
1218 1271 1278 1302 Ro.
1303 1280 1388 1302 cccc
1414 1275 1444 1302 et
1474 1272 1562 1303 Tuti-

853 1333 963 1353 canum
991 1323 1130 1361 Gallum,
1157 1321 1320 1352 Senatoris
1342 1321 1464 1363 filium,
1489 1324 1520 1352 et
1543 1331 1563 1352 α

855 1374 1017 1405 Placentia
1035 1382 1066 1413 c,
1080 1376 1110 1404 et
1127 1384 1145 1404 a
1164 1374 1303 1404 Puteolis
1315 1382 1348 1412 c,
1371 1376 1401 1404 et
1416 1383 1435 1403 a
1453 1374 1563 1414 Capua

856 1434 880 1456 x
901 1426 1017 1456 sacrati
1040 1424 1101 1455 riri
1123 1427 1153 1456 et
1182 1433 1206 1455 x
1238 1424 1323 1455 Trib.
1356 1424 1504 1465 militum,
1531 1428 1562 1455 et

853 1477 1046 1508 centuriones
1086 1484 1173 1507 xxx.
1239 1476 1296 1507 Sic
1335 1475 1484 1507 Palatin.
1527 1479 1563 1507 et

857 1529 967 1569 Bong.
996 1527 1060 1558 nisi
1089 1527 1181 1568 quod
1206 1526 1260 1557 bic
1287 1536 1350 1567 pro
1381 1526 1565 1558 Tuticanum

858 1579 1044 1619 depravate
1074 1577 1180 1609 habet
1213 1578 1405 1609 Tatianum:
1439 1582 1475 1608 et
1502 1586 1563 1618 pro

860 1638 949 1660 xxx.
966 1638 1083 1660 xxxn.
1122 1629 1191 1661 Qui
1203 1638 1363 1659 numerus
1379 1634 1414 1659 et
1430 1628 1464 1658 in
1482 1628 1566 1659 Mss.

859 1680 1000 1720 Cujacii,
1016 1689 1056 1710 ac
1074 1680 1150 1710 Pet.
1166 1684 1202 1710 et
1224 1688 1256 1709 v.
1275 1688 1304 1709 c.
1329 1683 1444 1708 nostro
1467 1687 1564 1719 repe·

859 1729 957 1760 ritur.
988 1728 1130 1760 Orosius
1145 1728 1247 1759 habet
1262 1729 1455 1758 centuriones
1472 1736 1566 1760 xxu.

859 1780 926 1811 Sed
954 1789 1015 1821 pro
1048 1780 1243 1819 Felginatem
1270 1779 1391 1809 Petav.
1421 1783 1457 1809 et
1479 1788 1510 1810 v.
1534 1787 1566 1810 c.

861 1836 978 1861 noster
1015 1834 1213 1861 constanter
1253 1828 1380 1859 habent
1421 1834 1568 1869 utroque

861 1881 940 1911 loco
972 1880 1181 1919 Flcgiuatem.
1232 1879 1367 1909 Vossius.
1422 1879 1569 1909 Variant

862 1931 948 1962 Mss.
979 1929 1125 1961 Codices
1160 1929 1314 1960 nonnulli
1347 1933 1482 1960 veteres
1510 1929 1569 1959 ha-

864 1981 957 2020 bent,
978 1980 1084 2011 caesar
1097 1979 1283 2011 desiderarit
1296 1997 1339 2002 ——
1352 1983 1438 2010 notos
1453 1979 1569 2020 equites

864 2032 957 2062 Rom.
982 2039 1082 2071 cccc,
1121 2030 1192 2072 (Al.
1216 2028 1297 2069 ccc)
1323 2033 1355 2061 et
1383 2030 1570 2061 Tuticanum

862 2081 936 2122 (Al.
968 2081 1164 2121 Felginatem
1195 2079 1396 2121 Tuticanum)
1430 2080 1571 2119 Gallum,

864 2132 1024 2164 Senatoris
1035 2133 1154 2174 filium,
1167 2134 1221 2172 ἅτ.
1247 2133 1313 2163 Ms.
1332 2133 1415 2172 Reg.
1429 2137 1465 2163 et
1478 2131 1572 2163 Edit,

866 2183 963 2214 Rom.
985 2182 1127 2223 habent,
1154 2183 1274 2214 Caewi
1299 2182 1471 2214 desiderali
1499 2185 1571 2213 sunt

867 2232 987 2263 —noti
1009 2233 1229 2272 equites—et
1257 2233 1427 2264 Tuticanus
1448 2232 1571 2272 Gallus,

867 2282 1155 2324 Sendorisfilitoe3
1180 2286 1215 2314 et
1236 2293 1256 2313 a
1283 2283 1446 2313 Placentia
1470 2291 1513 2320 c3
1540 2285 1571 2313 et

868 2342 888 2363 a
903 2332 1100 2372 Puteoli-303
1120 2336 1151 2364 et
1166 2343 1186 2363 a
1204 2333 1310 2373 Capua
1327 2340 1352 2363 x
1367 2332 1484 2362 sacrati
1498 2331 1574 2372 viri,

869 2386 901 2414 et
924 2391 949 2414 x
980 2382 1110 2414 Tribuni
1137 2383 1282 2418 militum,
1307 2386 1339 2413 et
1368 2382 1574 2415 Centuriones

870 2442 958 2465 xxx.
982 2432 1054 2475 (Al.
1081 2432 1218 2474 xxxin)
1257 2433 1364 2464 Clark.
1411 2432 1489 2463 Sine
1516 2431 1575 2463 du·

869 2485 925 2517 bio
948 2485 1041 2516 locus
1055 2485 1110 2516 hic
1134 2485 1166 2514 in
1182 2484 1303 2515 mendo
1321 2483 1436 2514 cubat.
1483 2482 1572 2514 Nam

871 2545 933 2576 pro
961 2536 1068 2566 Coesar
1094 2534 1223 2565 habent
1251 2534 1334 2564 Mss.
1363 2532 1429 2564 mei
1457 2541 1571 2562 omnes

872 2585 1017 2616 Caesan‘s.
1062 2584 1246 2616 Desiderati
1265 2586 1335 2614 aaut
1352 2593 1392 2612 m.
1418 2588 1519 2612 cmnx
1536 2583 1570 2611 et

869 2636 936 2667 noti
954 2636 1073 2675 equites
1088 2635 1131 2666 R.
1147 2643 1251 2666 cccc.
1273 2642 1313 2663 ac
1329 2639 1444 2662 cetera
1466 2631 1500 2660 in
1512 2638 1572 2662 no-

870 2685 1031 2716 minativo
1053 2685 1148 2724 legas
1168 2683 1273 2714 etiam
1290 2682 1324 2711 in
1347 2681 1443 2711 Carr.
1459 2678 1571 2711 Palat⁴

869 2736 978 2776 Bong.
1012 2734 1111 2766 laid.
1143 2742 1214 2764 see.
1244 2730 1333 2762 Edd.
1361 2729 1457 2762 Med.
1483 2729 1572 2762 Ven-

1415 2787 1434 2814 5
1459 2783 1487 2815 C
