1850 3109
403 220 509 250 GAP.
539 207 610 249 33.
644 218 739 247 mn.
774 219 836 249 DE
870 218 1026 248 nunno
1059 220 1222 249 arluc.

89 324 193 356 super
220 312 411 346 Numidiam
432 311 576 343 Getulo's
600 311 790 352 accepimus

89 366 241 406 agitare:
288 363 375 395 Vide
404 363 447 394 sis
477 367 513 393 et
544 362 670 393 Melam
701 371 725 393 ι.
757 365 788 394 4.

91 416 184 457 Lego
212 415 336 445 interim
367 413 473 444 Geluli
496 411 653 453 diffugere
677 412 790 444 deleta

90 476 174 498 voce
201 466 355 501 Numidoe,
380 474 456 506 quae
480 465 616 496 videtur
633 475 651 495 a
676 464 791 496 Libra-

90 517 150 549 riis
162 516 298 548 addita:
323 525 398 547 nam
415 516 509 547 nulla
529 515 566 546 fit
591 516 624 546 in
647 525 790 556 sequen-

82 566 181 599 ‚tibus
208 565 426 607 perfugarum
451 566 674 598 Numidarum
701 576 792 597 men-

89 617 147 656 tio,
161 617 372 658 Getulosque
390 618 476 648 solos
505 618 539 648 in
562 618 624 648 hac
648 617 790 648 historia

87 671 252 698 memorat
276 667 387 700 Julius
415 668 534 699 Celsus
559 678 592 709 p.
610 670 684 699 220.
719 668 789 698 Da-

87 719 144 749 οὖε.
164 727 235 749 cur.
259 727 328 750 sec.
354 718 484 759 Copula
500 719 601 749 etiam
619 727 685 748 non
700 727 789 748 com·

89 774 189 809 paret
212 769 245 800 in
273 769 357 801 Μεε.
384 769 472 800 Scal.
497 768 592 799 Leid.
613 778 663 809 pr.
691 769 788 799 voss.

87 826 152 852 nee
169 820 275 851 Dorv.
314 819 413 851 Unde
428 828 495 850 non
513 820 629 860 inepte
643 819 791 860 conjecit

90 869 250 900 Davisius
267 870 414 901 Numidoe
434 879 452 900 e
469 869 591 901 Glossa
607 879 680 900 esse
699 869 792 901 addi-

90 923 173 959 tum,
200 920 278 960 quia
308 920 356 951 sic
383 920 498 960 jungit
530 924 648 951 auctor
683 930 711 952 c.
739 923 790 951 61.

90 969 197 1001 Immo
228 980 258 1000 c.
282 972 336 1000 35.
365 969 507 1000 Goetulos
531 979 566 1000 se
593 980 612 1000 a
635 970 792 1001 Numidis

89 1019 261 1060 equitibus
274 1019 455 1060 impeditos
471 1018 586 1059 fuisse,
603 1021 709 1059 aiunt,
727 1031 791 1061 quo

88 1069 196 1100 minus
213 1069 254 1099 ad
268 1070 436 1101 Caesarem
449 1070 686 1111 confugerent.
721 1071 791 1102 Ali-

90 1129 156 1160 quo
179 1120 278 1150 modo
305 1120 470 1160 explicari
498 1126 615 1161 posset
643 1122 793 1152 Numidae

92 1169 211 1200 Goetuli
236 1170 300 1209 (sic
325 1171 412 1199 enim
437 1171 525 1201 malo
548 1171 698 1202 scribere
715 1181 790 1201 cum

88 1220 287 1252 auctoribus
304 1220 436 1251 Graecis
463 1220 618 1261 aliisque,
640 1221 792 1262 quamvis

89 1271 328 1311 inscriptiones
357 1270 517 1310 varient),
550 1271 638 1311 quod
666 1271 793 1303 Gaetnli

90 1321 319 1363 pertinuerint
342 1322 384 1352 ad
407 1321 572 1354 Numidas
593 1322 791 1359 interiores;

87 1373 203 1409 immo,
226 1377 264 1403 ut
294 1372 464 1412 Numidae,
487 1382 572 1412 vaga
597 1373 793 1414 multiplex-

90 1432 156 1464 que
185 1431 267 1463 gens
295 1421 411 1454 fuerit.
448 1422 595 1454 Consule
626 1423 722 1454 Voss.
750 1422 792 1453 ad

91 1473 219 1504 Melam
235 1482 260 1504 1.
274 1476 305 1504 4.
329 1473 419 1504 unde
439 1473 562 1515 passim
577 1473 725 1505 Numidis
742 1483 794 1505 so-

91 1524 162 1554 lent
171 1523 282 1563 jungi.

135 1577 172 1606 11
200 1575 410 1615 Coesaremque
429 1574 494 1613 ejus
514 1575 636 1616 affinem
657 1583 720 1606 esse
741 1585 794 1605 αιι-

89 1624 229 1666 diebant]
261 1625 317 1655 De
348 1625 411 1656 hac
439 1634 476 1655 re
503 1625 552 1655 sic
575 1624 644 1656 Jnl.
673 1625 790 1656 Celsus

91 1684 125 1714 p.
139 1677 213 1706 220.
225 1674 308 1706 edit.
324 1674 430 1706 Lond.
447 1675 455 1691 ‘
469 1673 667 1705 Getuli—in
680 1678 795 1705 castra

92 1724 235 1756 Caesaris
258 1724 473 1765 perveniunt,
489 1733 529 1755 eo
545 1724 690 1755 maxime
709 1733 794 1764 prae‘-

92 1780 201 1814 textu,
217 1774 306 1816 quod
321 1780 357 1805 et
372 1774 438 1814 ipsi
453 1778 488 1805 et
505 1779 664 1814 parentes
679 1782 794 1805 eorum

93 1826 196 1858 Marii
211 1825 389 1858 beneficiis
412 1825 569 1856 obstricti
592 1829 716 1863 essent,
740 1835 796 1856 cu-

84 1878 141 1919 jus
174 1876 309 1908 affinem
351 1876 522 1907 Caesarem
563 1875 792 1915 opinarentur.

90 1936 253 1961 m-—TAM
278 1935 421 1959 paoem.
450 1934 545 1958 veno
570 1934 729 1965 ABERAT,
759 1930 795 1957 ut

92 1989 169 2012 cum
210 1980 325 2011 Caesar
357 1978 586 2010 nobilissimus
630 1978 797 2008 Romano-

93 2040 165 2062 rum
189 2034 292 2070 esset‚
316 2029 445 2061 Marius
468 2028 662 2067 rusticanae,
687 2033 723 2059 et
753 2037 795 2058 ne

94 2081 252 2112 Romanae
292 2078 430 2121 quidem
472 2077 593 2109 fuisset
637 2076 795 2118 originis!

93 2129 143 2162 At
167 2135 242 2162 toto
264 2130 350 2160 coelo
379 2133 473 2160 errat
498 2128 605 2160 bonus
633 2128 697 2158 iste
722 2127 796 2165 vir;

95 2180 222 2212 Marius
235 2180 326 2211 enim
336 2179 359 2212 J
364 2180 476 2218 uliam,
489 2179 632 2211 Caesaris
646 2178 796 2218 amitam,

96 2239 235 2261 uxorem
257 2229 414 2260 duxerat.
451 2228 652 2260 Plutarchus
668 2228 701 2258 in
721 2228 797 2259 Ma-

96 2280 146 2311 rio
162 2290 196 2322 p.
210 2282 285 2311 408.
299 2277 400 2311 ‘no-re
419 2278 470 2309 καὶ
485 2277 587 2318 ’γάμον
602 2280 699 2318 ’γῆμαι
720 2283 798 2316 λαμ-

95 2329 172 2370 πρὸν
185 2329 280 2361 οἰκίας
289 2330 451 2369 ἐπιφανοῦς
463 2331 524 2360 τῶν
541 2328 712 2370 Καισάρων,
723 2329 797 2359 Ἰου-

97 2380 180 2421 λίαν,
193 2379 237 2417 ,ἧς
258 2380 297 2418 ἦν
319 2381 500 2420 ἀδελφιδοῦς
523 2382 653 2421 Καῖσαρ.
691 2380 744 2412 Ac
763 2380 798 2410 in

98 2432 233 2464 Caesare
258 2442 293 2473 p.
311 2435 386 2464 707.
413 2432 503 2463 Αἰτίαι
525 2432 558 2463 δὲ
587 2434 718 2472 Καῖσαρι
742 2432 800 2469 τῆς

97 2481 171 2523 πρὸς
184 2481 312 2515 Σύλλαν
336 2483 514 2523 ἀπεχθείας,
535 2483 555 2521 ἡ
584 2482 660 2524 πρὸς
682 2482 800 2524 Μάριον

99 2534 246 2573 οἰκειότης
260 2535 309 2573 ἧν.
331 2535 446 2577 Ἰουλίᾳ
460 2536 533 2575 γὰρ,
548 2536 664 2576 πατρὸς
679 2535 800 2577 ἄδελφῇ

101 2584 266 2626 Καίσαρος,
279 2586 298 2616 ὁ
310 2586 520 2627 πρεσβύτερος
535 2585 663 2626 συνῴκει
676 2585 800 2627 Μάριος,

99 2635 134 2674 ἐξ
146 2632 184 2671 ἧς
194 2635 332 2675 ἐγεγόνει
352 2636 466 2678 Μάριος
488 2638 504 2667 ὁ
520 2637 674 2678 νεώτερος.
711 2637 801 2668 Vide

103 2689 141 2715 et
152 2694 186 2725 p.
197 2687 271 2715 709.
294 2686 405 2717 Dacis.

149 2736 189 2765 13
212 2735 334 2766 Electus
344 2735 492 2777 homines]
513 2736 568 2768 Sic
582 2737 648 2767 Ms.
667 2736 750 2777 ch.
767 2741 802 2767 et

107 2783 198 2817 Edit.
228 2785 324 2817 Rom.
355 2786 556 2827 elegantius,
588 2792 627 2819 ut
656 2787 802 2825 videtur,

192 2837 305 2879 Delph.
319 2841 348 2869 et
369 2838 443 2870 Var.
461 2839 544 2870 Clas.

761 2837 868 2870 θαι-(ιν

1433 211 1544 252 1601

841 321 940 353 quam
971 311 1059 353 quod
1077 312 1229 353 Scaliger
1258 316 1294 343 et
1323 314 1544 348 Recentiores

841 363 1030 401 ediderunt,
1039 363 1143 395 electis
1153 363 1342 395 hnminibm:
1367 374 1428 404 pro
1440 362 1544 397 cohor-

839 417 1148 456 unamquamquam
1161 424 1227 446 non
1241 415 1329 445 mala
1345 415 1417 446 haec
1427 416 1544 462 lectio,

841 470 954 496 tamen
974 465 1092 496 melius
1108 465 1172 496 hoc
1194 465 1227 496 in
1254 465 1333 496 loco
1361 465 1544 497 convenire

840 514 990 554 videtur,
1005 515 1207 546 cohortatum.
1246 515 1312 545 Sed
1327 514 1472 545 Codices
1488 514 1547 546 de-

841 565 962 596 sidero.
989 566 1098 595 Clark.
1144 566 1294 596 Enzcris
1322 572 1546 606 flommliws,

840 616 1021 645 illustriores
1037 616 1173 646 Gaulos.
1192 615 1319 646 Buslid.
1334 616 1462 655 Regnet
1474 616 1546 647 edi-

841 666 890 696 tio
915 666 1066 696 Romana
1082 665 1164 696 dant
1178 667 1286 696 electos
1299 666 1446 706 homines,
1460 666 1547 708 illus-

839 716 953 747 trior-es
970 716 1111 755 Getulos,
1132 715 1220 756 qnod
1243 716 1432 756 elegantius
1448 721 1546 757 puta·

841 767 890 797 vit
907 767 958 798 Cl.
974 766 1151 804 Clarkius3
1175 772 1387 808 quapropter
1404 776 1477 798 eam
1494 769 1547 798 re'-

840 817 937 857 cepit
963 817 1156 848 lectionem.
1200 816 1268 848 Sed
1292 826 1311 847 a
1334 817 1430 857 parvi
1445 816 1547 857 pretii

843 868 1024 899 Codicibns
1049 868 1100 898 vir
1127 868 1183 898 ille
1210 867 1377 898 doctusin
1393 876 1545 898 errorem

841 923 896 949 est
921 919 1079 950 inductus
1095 929 1102 949 :
1130 917 1301 949 nam-Pet.
1323 922 1358 948 et
1374 918 1480 948 Norv.
1497 925 1549 948 re·

842 974 1051 1010 praesentant
1066 969 1170 1000 electis
1184 968 1356 999 hominibus
1370 967 1549 999 illustriori-

843 1020 898 1050 bus
909 1019 1036 1051 Getulis
1049 1025 1083 1051 et
1095 1021 1211 1051 litteris
1226 1021 1265 1050 ad
1277 1030 1349 1050 suos
1361 1019 1442 1049 cives
1453 1019 1548 1051 daei&

844 1069 992 1101 Accedit
1023 1069 1095 1101 scre
1126 1072 1208 1102 Lov.
1241 1071 1298 1111 qui
1330 1070 1389 1100 dat
1415 1069 1550 1100 collectis

843 1121 1016 1152 hominibus
1037 1121 1260 1152 illustrioribus
1281 1120 1406 1151 Getulioe
1419 1121 1451 1151 et
1466 1120 1550 1150 lme-

843 1171 889 1200 ris
911 1172 951 1201 ad
972 1175 1124 1201 assuetos
1147 1171 1228 1200 eires
1249 1171 1343 1200 dacis.
1391 1168 1551 1209 Rescrip'-

844 1220 958 1258 serim,
980 1230 1105 1260 quorum
1121 1230 1161 1250 ex
1175 1228 1301 1250 numero
1317 1219 1420 1249 electis
1443 1218 1549 1249 omni—

844 1270 907 1301 bus
931 1269 1172 1300 illustrioribus
1197 1268 1345 1307 Getulis,
1369 1273 1405 1299 et
1431 1267 1551 1299 litteris

842 1321 883 1351 ad
898 1330 969 1350 suos
984 1320 1064 1350 cit-es
1079 1320 1172 1358 datis,
1193 1319 1380 1357 cohortatus,
1395 1319 1447 1358 &a
1485 1318 1550 1349 Lo-

844 1371 937 1402 cutio
964 1371 1065 1411 plane
1090 1370 1206 1401 similis
1233 1374 1287 1400 est
1315 1367 1403 1399 infra
1431 1378 1462 1399 c.
1494 1370 1549 1399 36.

845 1420 958 1452 Daris.
982 1417 1050 1452 cnr.
1067 1430 1133 1452 sec.
1158 1420 1284 1451 Electos
1295 1419 1432 1449 homines
1447 1418 1551 1449 etiam

846 1472 940 1503 Leid.
957 1482 1024 1504 sec.
1040 1476 1076 1503 et
1089 1471 1177 1503 Edd.
1197 1471 1293 1502 Med.
1306 1471 1394 1503 V-en.
1409 1471 1551 1502 Vascos.

845 1522 979 1563 Gryph.
1009 1526 1096 1562 post.
1125 1521 1245 1562 Steph.
1275 1525 1310 1552 et
1334 1521 1422 1553 aliae.
1480 1520 1552 1552 Sed

847 1572 933 1603 bene
958 1572 1013 1604 hic
1042 1572 1204 1603 Davisius
1238 1572 1340 1603 docet
1367 1571 1552 1612 legendnm

845 1631 920 1653 esse.
946 1622 1050 1652 electis
1064 1621 1236 1652 hominibus
1248 1621 1470 1652 illustrioribus
1487 1621 1552 1653 Ge»-

845 1671 920 1702 tulz‘s
935 1675 965 1702 et
977 1671 1105 1711 litteris,
1125 1673 1178 1711 ᾂϊ.
1225 1672 1280 1702 Sic
1306 1671 1395 1702 enim
1421 1671 1552 1703 diserte

846 1721 1009 1752 exhibent
1032 1722 1134 1753 etiam
1163 1721 1263 1752 Leid.
1301 1730 1352 1762 pr.
1380 1722 1478 1752 Voss.
1515 1723 1554 1753 et

846 1772 993 1802 Dor-vill.
1010 1771 1074 1802 nisi
1091 1771 1181 1813 quod
1204 1772 1339 1802 collectis
1351 1772 1410 1802 ille
1424 1770 1553 1803 habeat

847 1832 994 1864 quoque.
1024 1823 1153 1854 Getulos
1168 1831 1260 1863 vero,
1273 1831 1340 1854 non
1359 1823 1484 1854 Getulis
1499 1827 1554 1854 est

847 1874 883 1905 in
909 1874 994 1905 Mss.
1019 1879 1145 1915 praeter
1162 1874 1285 1906 Petav.
1312 1875 1347 1904 in
1373 1883 1440 1915 quo
1466 1874 1553 1905 bene

848 1922 983 1954 Getulis.
1030 1923 1069 1954 In
1087 1924 1170 1955 Lov.
1185 1925 1227 1954 ad
1242 1923 1373 1954 Getulos
1392 1926 1421 1954 et
1438 1922 1556 1954 litteris

846 1975 988 2005 adsuetos
998 1985 1026 2006 c.
1039 1979 1210 2016 corrupte.
1225 1974 1322 2006 Leid.
1332 1983 1400 2006 sec.
1417 1975 1565 2017 illustres·

850 2025 992 2063 Getulos,
1005 2027 1056 2066 ᾷε.
1066 2026 1314 2066 cohortatusque.
1361 2025 1553 2066 Saepissime

841 2076 913 2117 jam
938 2076 1053 2107 monui
1076 2076 1274 2108 Ablativum
1297 2076 1398 2106 istum
1423 2075 1555 2105 absolu-

849 2131 931 2166 tum,
945 2127 1185 2159 subintellecto
1212 2137 1293 2158 casu
1303 2126 1412 2166 verbi,
1433 2136 1452 2157 a
1481 2126 1554 2157 Cae-

849 2187 923 2208 sare
939 2182 973 2209 et
990 2178 1103 2209 Hirtio
1119 2177 1289 2215 adhiberi3
1323 2181 1360 2208 et
1374 2177 1409 2207 in
1437 2176 1555 2217 primis

847 2239 923 2260 cum
956 2229 1138 2270 participio
1167 2230 1356 2260 cohortatus.
1413 2227 1480 2258 Adi
1509 2227 1553 2258 ad

848 2287 915 2310 vn.
942 2281 972 2309 4.
998 2279 1008 2296 ‘
1026 2278 1221 2310 convocatis
1246 2276 1430 2309 clientibus
1451 2276 1555 2308 facile

849 2331 1025 2363 incendit!
1070 2331 1181 2372 Supra
1197 2340 1228 2361 c.
1246 2332 1298 2361 18.
1333 2330 1342 2346 ‘
1360 2329 1555 2360 cohortibus

850 2382 1036 2414 circumitis
1063 2382 1262 2413 cohortatus
1278 2380 1299 2411 :'
1323 2380 1374 2411 uti
1401 2389 1443 2411 ex
1470 2379 1555 2412 Mss'.

849 2433 1030 2474 legendum
1047 2432 1188 2473 conjeci.

893 2493 1032 2516 xxxnr.
1064 2487 1080 2515 1
1118 2481 1237 2522 Acilla]
1273 2481 1368 2513 Leid.
1393 2480 1491 2522 prim.
1519 2481 1557 2511 et

849 2536 948 2566 Voss.
963 2535 1018 2566 hic
1036 2540 1071 2566 et
1087 2533 1177 2565 infra
1198 2533 1335 2571 Achilla,
1352 2537 1390 2563 ut
1416 2536 1452 2562 et
1467 2531 1554 2561 Mss÷

851 2585 1036 2616 Ciacconii.
1083 2584 1183 2617 Qood
1199 2583 1347 2624 reposui,
1363 2581 1426 2612 nisi
1442 2580 1555 2611 verius

851 2637 908 2677 sit,
924 2641 963 2668 ut
980 2641 1074 2677 puto,
1089 2635 1227 2666 Acholla.
1272 2633 1329 2664 Sic
1347 2636 1441 2662 cci-te
1457 2630 1556 2661 Grae*-

852 2686 901 2717 cis
936 2686 1106 2725 Straboni,
1144 2684 1346 2719 Ptolema’o,
1382 2680 1555 2720 Stephano

854 2736 937 2775 Byz.
968 2741 1005 2766 et
1028 2735 1102 2766 aliis
1131 2734 1243 2765 audit:
1271 2737 1371 2772 atque
1393 2730 1443 2760 ita
1458 2729 1556 2760 Ciac-

853 2786 969 2817 conius
995 2790 1032 2817 et
1061 2783 1241 2817 Berkelius
1268 2781 1337 2822 legi
1365 2779 1556 2811 voluerunt.

1408 2837 1426 2863 5
1451 2832 1469 2863 Ι
