1850 3109
265 170 378 212 14538

261 274 398 316 possent]
421 274 510 306 Ante
526 275 597 306 hirc
615 274 717 307 verba
734 276 965 307 manifestissi-

264 336 337 358 mus
348 331 398 357 est
414 326 536 366 hiatus,
552 336 651 367 quem
669 327 782 357 intulit
802 331 964 365 vetustas,

264 377 354 406 unde
368 381 511 416 apparet
531 381 658 407 temere
677 387 710 407 se
729 378 872 416 gessi-se
887 377 964 407 Pet.

265 427 494 463 Ciacconium‚
511 427 567 467 qui
585 427 734 466 reposuit
756 429 790 456 nt
819 426 872 457 ria:
891 428 966 457 aedi-

254 479 334 520 ficia
350 478 472 516 defendi
486 481 621 517 possent,
644 488 720 507 enni
737 477 780 507 de
797 477 880 508 locis
897 481 965 507 tam

264 528 390 559 mutilis
429 529 509 557 nilnl
547 534 642 558 certo
682 527 787 567 possit
823 527 966 558 detiniri.

265 579 377 619 Hujus
396 584 508 609 tamen
525 579 652 609 lacunae
679 579 713 610 in
739 579 806 609 ΜΞ.
826 579 965 610 Norvic.

264 635 298 660 et
316 630 414 660 editt.
434 630 528 660 Rom.
547 630 632 660 Yen.
660 629 820 660 Beroald.
839 629 965 659 nullum

264 680 501 712 cstindiciuni.
526 681 635 711 Dat-is.
681 681 802 721 Neque
831 681 863 710 in
891 690 966 710 nos-

264 731 328 762 tris
357 731 437 761 mss.
468 731 523 771 qui
552 735 750 761 constanter
775 731 901 761 liabent
928 740 967 760 m·

263 783 321 813 aed.
361 781 393 811 in
426 781 512 811 Edd.
542 781 741 822 quibusdam
770 784 804 812 nt
832 781 886 811 rix
914 781 966 811 vel

263 835 299 862 nt
314 836 358 869 et,
384 832 456 862 sine
473 832 576 862 hiatu.
624 832 768 865 Rliellie.
793 831 884 870 capit
906 840 967 870 pro

264 892 283 913 a
310 881 416 922 quibus
446 882 500 913 Sc.
530 881 721 912 Classiariis
752 880 969 911 Caesarianis.

264 933 430 963 Cellarius
448 933 583 972 reponit
610 933 672 972 qui.
700 936 834 962 retento
849 935 882 961 ut
900 931 967 970 rix,

264 983 353 1024 qnod
371 983 414 1014 ab
432 983 520 1013 Aido
539 983 701 1019 originem
725 981 839 1012 habet.

308 1036 348 1063 16
372 1031 693 1071 Naturale—burnan]
728 1030 785 1061 Sic
817 1040 858 1060 ex
886 1030 968 1061 Mss.

263 1082 463 1125 quibusdam
484 1082 661 1122 rescripsit
687 1081 861 1112 Victorius
885 1081 966 1111 Var.

265 1135 361 1166 Lect.
388 1143 423 1164 x.
447 1136 524 1171 ²⁴&
551 1142 650 1174 quem
667 1132 867 1163 secutisunt
889 1132 968 1162 Sca-

263 1185 351 1225 liger
367 1190 401 1215 et
418 1184 650 1215 Recentiores.
676 1182 728 1213 Al.
753 1182 969 1212 naturalem—

263 1244 362 1265 usum.
409 1234 497 1264 Vide
522 1244 596 1274 quae
622 1232 711 1263 infra
726 1233 766 1263 ad
785 1242 815 1263 c.
832 1235 884 1263 60.
914 1231 968 1262 ubi

263 1285 381 1316 simius
413 1285 463 1326 (in
494 1286 665 1325 plerisque
698 1282 827 1323 Editis)
855 1293 968 1314 occur-

265 1335 311 1366 rit
335 1335 472 1366 locutio.
513 1335 620 1366 Clark.
677 1333 859 1365 Accedunt
884 1333 967 1364 Mss.

263 1385 394 1423 Ursini,
410 1385 533 1415 Petav.
559 1383 756 1423 Leidenses,
784 1384 860 1414 Pal.
879 1384 968 1415 Bon-

263 1445 352 1476 gars.
371 1435 470 1467 Voss.
516 1435 675 1473 Vulgatae
700 1439 801 1466 antea
828 1435 966 1465 lectioni

263 1487 439 1519 adhaerent
455 1487 520 1517 Ms.
543 1487 663 1517 Brant.
681 1486 807 1517 Lovan.
826 1489 861 1516 et
880 1486 966 1516 Dor-

264 1538 334 1569 vill.
352 1548 451 1580 qnam
476 1541 555 1568 ante
581 1536 791 1577 Scaligerum
813 1535 885 1576 jam
909 1535 966 1566 ab·

264 1588 397 1629 rogavit
414 1587 604 1619 Plautinus.

307 1646 389 1668 xm.
425 1641 441 1668 1
479 1638 582 1668 Erant
599 1636 738 1667 omnibns
763 1635 850 1666 ostiis
883 1635 967 1675 Nili]

264 1687 383 1719 Scribe
401 1697 443 1718 ex
466 1687 592 1718 Lovan.
619 1693 654 1718 et
680 1687 794 1718 Palat.
820 1689 908 1717 erant
933 1687 965 1716 in

263 1737 401 1769 omnibns
434 1737 525 1768 ostiis
566 1737 648 1777 Nili,
686 1736 966 1778 quemadmodum

264 1788 452 1819 Beroaldus
490 1792 525 1819 et
556 1787 729 1828 Gryphius
758 1787 838 1818 olim
865 1786 966 1818 dede-

264 1844 356 1871 runt.
381 1840 493 1871 Dra-is.
518 1850 589 1871 cur.
607 1849 674 1870 sec.
692 1840 730 1870 In
741 1839 871 1870 addunt
887 1850 967 1879 quo-

266 1901 331 1932 que
349 1891 458 1922 Dorv.
477 1891 548 1922 Pal.
569 1895 604 1921 ct
622 1889 709 1921 Edd.
728 1890 859 1930 primm,
883 1890 966 1920 Vas-

264 1951 335 1973 e0S.
375 1942 493 1981 Stepli.
532 1941 685 1980 numque.
744 1940 842 1972 Quod
879 1941 966 1971 male

265 1991 409 2033 praefert
426 1992 477 2023 Cl.
495 1991 664 2023 Davisius.
711 1991 749 2021 ln
767 1991 858 2021 hisce
878 1991 965 2021 enim

266 2047 380 2073 amant
396 2048 567 2080 auctores,
585 2042 696 2072 Caesar
713 2045 807 2072 certe
825 2045 860 2071 ct
891 2041 967 2071 Hir-

266 2094 344 2130 tius,
382 2093 637 2133 subintelligere
680 2092 966 2132 praepositionem,

265 2153 364 2184 «quiam
402 2142 574 2173 sexcentis
611 2146 646 2172 et
686 2142 835 2181 pluribus
885 2142 966 2172 locis

266 2193 377 2224 omitti
403 2192 543 2231 singulae
572 2192 642 2222 scre
672 2192 802 2231 pagina*
829 2191 965 2230 docent,

265 2253 424 2284 saepeque
443 2252 461 2272 a
486 2242 630 2272 librariis
648 2247 775 2272 temere
803 2242 965 2273 intrusam

264 2303 338 2323 esse
375 2292 565 2323 docuerunt
603 2292 727 2322 dudum
763 2292 824 2322 viri
862 2292 966 2323 docti.

265 2343 353 2374 Vide
386 2342 525 2373 Artzen.
558 2343 600 2373 ad
630 2343 723 2383 Epit.
762 2342 846 2374 Aur.
874 2343 967 2374 vict.

265 2402 297 2423 c.
326 2395 398 2423 135.
422 2397 456 2422 et
492 2393 638 2423 indicem
671 2398 820 2423 nostrum
853 2394 894 2424 V.
922 2395 964 2424 in.

265 2442 429 2473 standum
457 2443 488 2472 in
506 2442 597 2472 hisce
616 2453 634 2472 a
663 2443 745 2473 Mss.
772 2443 962 2473 vetustiori-

266 2492 340 2523 bus.
386 2492 513 2522 Eodem
541 2492 653 2529 modo,
691 2502 729 2523 ac
767 2493 820 2522 hic
852 2502 880 2522 c.
912 2495 964 2523 26.

264 2543 272 2560 ‘
292 2542 374 2574 locis
389 2542 518 2573 idoneis
530 2541 570 2572 ad
583 2544 756 2582 Canopum
769 2542 800 2572 iu
819 2543 965 2573 statione

264 2591 437 2632 dispositis
460 2591 624 2622 navibus:y

312 2643 412 2673 Ostiis
439 2641 523 2681 Nili]
546 2641 629 2673 cod.
664 2642 786 2671 Lovan.
814 2645 848 2671 et
877 2641 964 2672 liud.

269 2693 365 2723 Rom.
385 2693 478 2723 Med.
495 2693 580 2722 Ven.
602 2691 689 2722 ostiis
713 2696 855 2731 porinum
882 2692 965 2723 Nili.

269 2743 346 2774 Non
372 2743 499 2783 inepte.
546 2743 623 2774 Non
647 2742 736 2774 euim
760 2746 889 2773 tuntum
911 2752 965 2773 ora

737 179 873 210 NOTA-2
909 180 1128 211 x'AR1ORU
1140 179 1171 210 M
1206 181 1258 211 IN

1016 280 1124 317 portus
1142 276 1255 307 Livius
1273 275 1397 316 aliique
1415 274 1586 312 dixerunt,
1609 279 1647 306 ut
1674 274 1717 306 ad

1018 328 1188 358 Lucanum
1217 327 1359 357 vidimus
1387 335 1421 357 x.
1452 329 1526 356 515.
1583 324 1650 355 Sed
1682 328 1718 356 et

1017 379 1126 409 ostium
1140 383 1248 418 portus
1264 377 1443 419 aliquoties
1460 377 1562 407 habet
1590 375 1720 406 Livius.

1019 427 1163 458 Consule
1194 428 1403 458 Gronovium
1445 427 1485 457 ad
1521 435 1633 457 xxxv.
1666 428 1718 457 39.

1016 477 1024 492 ‘
1043 476 1097 507 Ad
1115 477 1237 508 ostium
1258 483 1376 518 portus
1395 483 1447 508 est
1464 476 1641 508 iuvectus.'

1060 529 1080 556 2
1118 526 1230 565 Regioe
1259 526 1433 566 navalibus]
1473 527 1580 557 Editt.
1620 526 1719 559 Rom.

1018 576 1103 607 Ven.
1122 576 1282 607 Beroald.
1299 576 1332 606 in
1355 577 1483 606 occultis
1506 577 1643 615 regionis
1666 588 1720 608 na-

1018 626 1159 662 t-ulibus;
1183 637 1257 667 qum
1275 626 1379 657 lectio
1405 636 1466 657 non
1489 628 1617 667 placet,
1643 637 1719 659 cum

1018 676 1146 717 liqueat
1164 677 1235 707 lure
1254 677 1384 706 navalia
1403 676 1618 708 Alexandriae
1640 676 1723 708 fuis-

1018 736 1053 757 se
1085 728 1162 758 sita.
1210 727 1263 757 An
1288 727 1505 758 scribendum
1534 727 1565 756 in
1595 727 1721 758 occultis

1017 778 1103 815 regis
1118 775 1301 808 navalibus?
1340 776 1389 806 Ea
1416 781 1511 807 certe
1535 777 1567 806 in
1591 776 1718 817 palatio

1019 828 1110 866 regio
1134 826 1249 865 fuisse,
1276 828 1331 857 vix
1358 826 1574 857 crediderim.
1609 827 1721 859 Daris.

1019 879 1138 918 Regiae
1154 878 1323 910 naz-atibus.
1356 879 1449 909 Editi
1467 879 1563 909 Vett.
1587 879 1719 910 etMss.

1019 929 1169 959 nonnulli
1187 929 1312 959 habent
1325 933 1498 968 corrupte,
1509 928 1654 968 regionis
1667 939 1720 959 na-

1017 978 1145 1009 talibus.
1191 978 1352 1009 Davisius
1376 978 1619 1010 emendandum
1645 988 1721 1010 cen-

1019 1033 1081 1068 set,
1105 1029 1196 1069 regis
1227 1029 1406 1066 navalibus;
1434 1029 1513 1069 quia
1532 1029 1662 1060 navalia
1685 1029 1719 1060 iu

1014 1079 1132 1119 palutio
1166 1080 1252 1118 regio
1290 1078 1393 1110 fnisse
1429 1079 1485 1109 vix
1521 1078 1720 1111 crediderit.

1017 1129 1083 1159 Sed
1102 1129 1207 1168 proba
1219 1134 1271 1160 est
1289 1130 1425 1169 vulgata
1451 1130 1565 1160 lectio.
1610 1130 1721 1170 Supra

1019 1179 1058 1210 B.
1077 1180 1149 1211 Civ.
1169 1189 1222 1210 ιιι.
1241 1183 1313 1211 112.
1339 1181 1348 1197 ‘
1365 1181 1448 1211 Pars
1464 1186 1535 1211 erat
1552 1181 1648 1220 regioe
1663 1190 1721 1212 ex-

1019 1228 1190 1268 igua,—et
1218 1229 1383 1260 theatrum
1413 1229 1635 1270 conjunctum
1665 1230 1723 1261 do-

1018 1279 1099 1317 mui,
1123 1279 1212 1320 qnod
1229 1280 1315 1310 areis
1342 1280 1480 1310 tenebat
1503 1281 1626 1319 locum,
1652 1280 1722 1312 adi-

1019 1334 1141 1371 tusque
1171 1330 1320 1362 habebat
1353 1331 1395 1361 ad
1437 1337 1583 1371 portum,
1612 1337 1649 1364 et
1678 1332 1719 1364 ad

1019 1380 1150 1421 reliqua
1182 1381 1350 1412 Navalia.'
1377 1382 1485 1413 (lm-k.
1531 1382 1626 1413 Bene
1653 1383 1723 1414 vul-

1019 1435 1132 1469 gatum
1159 1431 1313 1463 defendit
1339 1432 1506 1472 Clarkins,
1533 1433 1612 1463 licet
1635 1433 1720 1464 Mss.

1018 1481 1165 1519 Branfii,
1191 1482 1321 1513 Lovan.
1345 1482 1500 1514 Leidens.
1530 1492 1599 1514 sec.
1631 1483 1720 1514 Edd.

1018 1530 1159 1562 Mediol.
1177 1532 1267 1563 Flor.
1285 1537 1321 1563 et
1336 1542 1452 1574 margo
1469 1533 1568 1565 Vasc.
1586 1533 1723 1573 regionis

1018 1581 1213 1613 exhibeant.

1063 1634 1102 1662 16
1130 1633 1198 1663 Una
1214 1632 1247 1663 in
1261 1643 1351 1664 cursu
1377 1634 1483 1665 littore
1503 1635 1655 1676 sEgyptio
1671 1636 1722 1667 de-

1010 1681 1149 1722 fecerat]
1171 1683 1248 1714 Pet.
1275 1684 1474 1716 Ciacconius
1491 1686 1720 1726 reponendum

1019 1736 1118 1772 putat
1133 1733 1236 1763 littore
1258 1734 1410 1774 AEgyptio
1426 1735 1611 1766 decesserat.-
1640 1736 1720 1777 quia

1019 1781 1080 1812 snb
1106 1782 1204 1813 finem
1230 1783 1252 1813 1.
1280 1793 1335 1814 ιιι.
1363 1784 1405 1814 de
1430 1785 1630 1817 11e11.Civi}.
1647 1785 1719 1817 dix-

1019 1832 1084 1862 erit
1102 1833 1229 1872 Cacsar,
1252 1833 1380 1864 ‘naves
1407 1835 1635 1875 imprudentia
1661 1841 1721 1868 aut

1019 1888 1223 1923 tempestate
1251 1885 1434 1924 paullulum
1459 1895 1518 1916 suo
1544 1896 1644 1917 cursu
1665 1886 1721 1918 de-

1019 1934 1206 1964 cesserint!
1252 1934 1499 1972 Argumentum
1524 1945 1604 1967 sane
1626 1945 1720 1976 pror-

1019 1993 1075 2014 sus
1103 1989 1156 2015 est
1173 1983 1366 2024 ficulneum,
1383 1995 1459 2016 cum
1484 1986 1551 2017 illic
1568 1987 1608 2017 de
1625 1986 1719 2018 aber-

1020 2036 1153 2065 ratione
1182 2034 1267 2066 fiant
1295 2035 1418 2073 verbm,
1452 2036 1507 2067 hic
1537 2042 1650 2068 autem
1678 2037 1719 2069 de

1020 2085 1113 2115 navis
1131 2085 1338 2116 interitione.
1373 2087 1482 2117 Daris.

1063 2143 1137 2165 xiv.
1165 2139 1204 2166 18
1229 2137 1276 2166 Eo
1296 2137 1348 2176 qui
1364 2136 1549 2176 intrassent]
1573 2137 1622 2167 Eo
1637 2137 1720 2170 licet

1019 2186 1193 2225 praecedat
1211 2186 1350 2225 pluralis
1377 2188 1468 2224 rada,
1491 2185 1630 2218 defendi
1653 2197 1721 2219 om-

1019 2236 1099 2266 nino
1118 2241 1232 2275 potest
1249 2246 1290 2267 ex
1307 2237 1434 2267 notatis
1450 2237 1490 2267 ad
1510 2238 1550 2268 Β.
1578 2238 1618 2269 G.
1634 2247 1659 2270 1.
1685 2242 1718 2270 6.

1020 2293 1104 2318 etv.
1126 2290 1174 2319 14.
1220 2288 1347 2318 Verum
1374 2287 1407 2318 id
1434 2288 1466 2318 in
1490 2288 1582 2319 nullo
1603 2288 1719 2320 inveni

1020 2338 1146 2369 Codice
1163 2343 1220 2368 aut
1237 2338 1395 2369 Editione
1424 2343 1501 2369 ante
1528 2338 1571 2369 R.
1600 2339 1718 2380 Steph-

1019 2394 1052 2419 et
1068 2389 1218 2418 Plantin.
1255 2389 1348 2419 Ante
1369 2398 1424 2419 eas
1439 2389 1539 2428 vulgo
1557 2389 1677 2429 legitur
1691 2390 1719 2420 ei

1018 2439 1070 2467 vel
1088 2439 1122 2469 ii.
1170 2438 1213 2468 Εἰ
1241 2443 1293 2468 est
1319 2449 1451 2479 quoque
1469 2439 1500 2468 in
1519 2439 1635 2479 Cujac.
1653 2439 1718 2471 Pe-

1019 2493 1084 2518 tav.
1116 2489 1239 2528 Scalig.
1271 2494 1305 2519 et
1330 2489 1423 2519 Leid.
1450 2489 1546 2528 prim.
1591 2489 1657 2520 Sed
1683 2490 1717 2522 in

1019 2538 1102 2569 Lov.
1139 2538 1212 2568 Pal.
1249 2539 1356 2571 Dorv.
1393 2539 1488 2570 Leid.
1521 2549 1587 2569 sec.
1619 2540 1717 2574 Voss.

1019 2589 1136 2619 Brant.
1169 2595 1204 2619 et
1236 2589 1322 2620 Edd.
1355 2590 1482 2630 primis,
1520 2589 1602 2620 ilem
1628 2591 1716 2623 Yen.

1018 2639 1176 2669 Beroaldi
1204 2645 1238 2669 et
1270 2639 1342 2669 uliis
1367 2639 1477 2679 reperi
1504 2639 1558 2669 eis.
1607 2640 1716 2673 Recte

1016 2690 1162 2721 omnino.
1207 2691 1332 2720 Intrare
1348 2691 1437 2721 enim
1455 2700 1530 2721 cum
1553 2689 1717 2723 Ablativo

1016 2751 1113 2782 :eque
1159 2751 1197 2773 ac
1244 2741 1449 2773 Accusauvo
1495 2741 1715 2776 construitur.
