1850 3109
264 147 376 188 1798
691 161 728 190 J.
762 161 899 191 censu
940 162 1294 192 coiuMEN‘rARu

262 255 300 294 in
321 263 444 295 castra
474 270 511 294 se
543 258 696 297 retulit:
731 272 799 308 par
832 260 1008 309 sequenti
1040 260 1102 298 die
1135 262 1326 310 proelium,
1368 275 1515 311 parque
1536 268 1723 301 eventus:

264 321 408 371 quibus
437 329 475 358 et
507 322 698 359 Gallicam
725 324 955 371 jactantiam
986 330 1041 360 sat
1072 337 1342 372 compressum,
1380 333 1416 362 et
1451 339 1604 362 suorum
1637 339 1722 376 spes

261 391 407 421 erectas
445 393 562 429 ratus,
603 399 648 422 ne
674 387 731 423 vel
765 386 892 422 hostes
923 384 1023 435 fugae
1044 394 1246 435 arguerent
1271 389 1486 437 digressos;
1523 389 1636 438 [146]
1664 389 1722 426 vel

262 447 319 484 sui
342 460 416 484 non
439 455 514 484 tam
538 448 629 484 duci
663 448 713 484 ad
745 449 829 492 alia,
863 462 979 498 quam
1013 449 1179 486 subduci
1201 451 1454 498 praeseutibus
1481 451 1660 500 periculis
1683 465 1722 488 se

262 510 462 548 crederent
483 518 596 560 atque
618 511 786 550 abduci:
819 520 944 550 castra
964 514 1096 557 movit,
1131 513 1314 563 nulloque
1337 515 1502 551 hostium
1525 515 1724 564 insequen-

263 581 312 618 te,
333 573 499 610 AEduum
524 588 667 620 versus,
705 576 770 612 ubi
791 575 954 613 maxime
976 577 1187 621 metuebat,
1226 578 1440 614 institutum
1462 578 1530 614 iter
1550 578 1720 626 arripuit.

262 639 381 675 Erant
399 638 437 674 in
466 640 636 677 exercitu
658 640 897 689 Eporedorix
917 649 953 678 ct
976 641 1238 678 Viridomarus
1260 642 1387 686 AEdui,
1423 654 1584 691 quorum
1606 653 1723 690 supra

263 703 496 741 mentionem
519 704 702 740 fecimus:
733 704 770 740 hi
803 706 949 753 magnis
984 705 1183 743 beneficiis
1215 706 1409 755 praeventi,
1443 712 1480 742 et
1511 705 1722 755 praesertim

262 767 464 813 secundus,
498 767 534 804 in
556 767 684 804 inultis
705 781 807 817 saepe
838 768 1051 813 discordes,
1085 769 1123 806 in
1145 770 1219 806 hoc
1253 783 1328 806 uno
1348 776 1440 806 tunc
1460 767 1663 817 66imperio
1684 775 1723 804 et

262 828 297 864 in
327 831 424 879 grati
456 831 581 868 animo
615 831 910 878 concordarunt,
943 838 985 868 ut
1017 832 1216 869 dominum
1235 839 1275 869 et
1305 832 1591 869 benefactorem
1612 845 1721 868 suum

261 904 336 929 non
358 894 482 931 solum
514 894 549 931 in
572 895 801 932 necessitate
822 895 1049 940 desererent,
1084 895 1150 932 sed
1183 903 1318 932 contra
1336 909 1421 932 eum
1444 908 1602 944 quoque
1623 894 1724 931 nefa-

260 958 313 994 rie
335 958 594 1006 conjurarent.
649 959 782 996 Tertio
803 972 895 1009 ergo
927 959 1177 1009 profectionis
1209 960 1271 996 die
1304 960 1414 997 simul
1445 971 1532 996 eum
1566 959 1720 995 adeunt,

262 1028 415 1058 narrant
445 1022 676 1059 Litas-ictum
698 1023 898 1060 concivem
926 1037 1037 1061 suum
1070 1037 1209 1073 magno
1244 1038 1333 1062 cum
1366 1024 1539 1074 equitatu
1560 1022 1608 1059 ad
1637 1022 1724 1058 alie-

261 1085 407 1122 nandas
430 1093 575 1123 mentes
611 1086 853 1136 popularium
883 1101 904 1124 a
936 1088 1116 1124 Romanis
1151 1088 1187 1125 iu
1222 1088 1386 1137 patriam
1423 1087 1656 1137 profectum,
1685 1092 1723 1122 et

261 1150 519 1187 necessarium
537 1164 618 1187 esse
640 1151 745 1200 ipsos
772 1153 996 1201 praevenire,
1031 1159 1069 1189 ut
1091 1152 1258 1189 consiliis
1279 1159 1396 1202 atque
1417 1150 1618 1188 conatibus·
1638 1149 1723 1197 ejus

261 1221 520 1251 occurrerent.
579 1215 667 1252 Non
689 1214 822 1253 fefellit
855 1216 1234 1266 circumspectissimi
1269 1216 1380 1253 ducis
1409 1227 1571 1252 acumen
1592 1213 1723 1250 fucata

260 1275 560 1315 adolescentium
583 1281 727 1316 oratio:
761 1286 927 1317 senserat
941 1281 1024 1330 jam
1047 1280 1193 1330 pridem
1215 1293 1305 1330 erga
1326 1293 1363 1317 se
1380 1285 1555 1316 nutantes
1577 1277 1722 1315 AEduo-

259 1352 343 1377 rum
364 1341 522 1386 animos,
553 1349 591 1379 et
624 1343 759 1380 horum
784 1343 974 1391 juvenum
1004 1344 1198 1381 levitatem
1221 1343 1335 1381 certis
1356 1343 1504 1380 indiciis
1531 1342 1615 1390 jam
1635 1348 1721 1378 ante

261 1411 487 1442 notaverat:
519 1419 643 1456 neque
683 1407 719 1444 in
759 1406 923 1445 dubium
962 1408 1197 1453 revocabat3
1227 1408 1318 1458 quin
1357 1408 1492 1444 horum
1532 1404 1720 1456 profectio

261 1467 441 1506 alimenta
474 1468 648 1518 perfidiae
679 1478 778 1508 esset
807 1471 982 1515 allatura,
1021 1479 1198 1522 essetque
1232 1472 1273 1509 iis
1306 1471 1559 1521 praesentibus
1600 1471 1720 1506 latens

261 1531 391 1570 adhuc
424 1533 592 1582 proditio
621 1541 805 1584 eruptura
825 1535 1032 1574 maturius:
1065 1549 1109 1573 ne
1132 1543 1258 1573 tamen
1280 1542 1317 1572 et
1346 1535 1507 1571 liberum
1530 1545 1722 1570 commea-

261 1601 341 1633 tum
375 1596 503 1634 liberis
535 1597 756 1636 hominibus
777 1598 1021 1650 denegando,
1056 1601 1247 1638 videretur
1277 1599 1450 1649 injurius,
1486 1604 1552 1635 aut
1586 1596 1722 1634 invitos

259 1658 467 1698 detinendo
488 1661 652 1711 pavidus
673 1663 904 1709 crederetur,
926 1664 1121 1703 licentiam
1149 1665 1255 1702 dedit
1275 1663 1472 1702 abeundi:
1503 1661 1719 1712 digredien—

260 1729 316 1761 tes
351 1737 442 1763 vero
474 1725 527 1763 sic
558 1725 792 1776 alloquitur:
825 1732 835 1747 ‘
857 1728 907 1766 Et
928 1728 1002 1773 ite‚'
1034 1729 1100 1774 ait,
1137 1734 1147 1750 ‘
1168 1729 1293 1774 amici,
1335 1726 1491 1778 quando
1526 1726 1579 1763 sic
1611 1725 1718 1768 libet,

259 1795 452 1827 memento
472 1796 613 1835 autem,
646 1798 683 1829 et
706 1791 838 1829 vestris
860 1792 1009 1830 civibus
1037 1799 1260 1838 memorate,
1297 1792 1327 1830 si
1348 1791 1505 1830 forsitan
1525 1789 1633 1828 obliti
1663 1802 1719 1826 es-

260 1859 359 1899 sent,
393 1866 477 1892 mea
509 1854 545 1892 in
576 1855 661 1892 illos
697 1862 735 1893 et
764 1856 901 1906 populi
932 1857 1095 1894 Romani
1117 1856 1319 1894 beneficia.
1394 1857 1476 1905 Ego
1496 1855 1595 1891 enim
1626 1857 1717 1900 (non

258 1916 416 1966 antiqua
436 1930 492 1954 res
512 1921 586 1965 est)
613 1926 700 1957 ante
731 1932 876 1969 paucos
895 1932 1015 1957 annos
1036 1933 1123 1957 cum
1146 1934 1214 1957 vos
1235 1920 1348 1957 AEdui
1381 1918 1540 1956 humiles
1572 1923 1610 1954 et
1631 1929 1720 1954 con-

258 1979 384 2019 clusos
405 1982 442 2018 in
463 1982 604 2032 opidis,
626 1984 724 2033 agris
746 1983 986 2034 fortunisque
1007 1984 1187 2021 omnibus
1207 1984 1364 2029 amissis,
1387 1996 1456 2032 per
1477 1982 1550 2018 vim
1570 1980 1717 2018 obsides

257 2045 340 2082 aliis
361 2058 405 2083 ac
426 2045 618 2096 stipendia
639 2048 863 2097 pendentes,
887 2049 1019 2086 vestris
1041 2047 1208 2085 finitimis
1230 2048 1448 2092 ludibrium,
1468 2044 1716 2096 accepissem,

258 2121 336 2146 non
356 2109 473 2146 modo
507 2110 697 2160 stipendio
731 2118 847 2161 atque
878 2112 1078 2150 obsidibus
1104 2112 1274 2156 liberati,
1310 2111 1376 2149 sed
1408 2123 1525 2161 supra
1545 2111 1713 2148 omnium

257 2173 479 2210 memoriam
502 2171 734 2224 ⁶⁷gloriosus
754 2174 852 2213 feci:
884 2175 937 2213 ita
958 2182 999 2213 ut
1014 2189 1060 2212 ex
1082 2176 1216 2213 misera
1237 2189 1303 2213 seu
1324 2175 1526 2212 miserabili
1548 2174 1714 2219 fortuna,

256 2235 465 2274 invidiosos
486 2238 557 2275 toti
579 2238 718 2276 Galliae
738 2238 985 2277 reddiderim.
1030 2241 1098 2286 Ite,
1121 2240 1291 2290 inquam,
1314 2240 1388 2277 mei
1408 2247 1447 2277 et
1469 2240 1602 2276 horum
1625 2251 1714 2287 quae

257 2299 366 2337 vobis
387 2299 476 2337 dico
495 2314 706 2339 memores:
738 2303 851 2353 [147]
871 2303 1046 2341 humanis
1074 2304 1188 2341 etiam
1209 2304 1244 2341 in
1266 2304 1380 2340 rebus
1402 2302 1493 2339 nihil
1513 2300 1617 2339 ⁶⁸est
1637 2301 1714 2339 tide

257 2362 425 2399 nobilius
459 2364 637 2413 penitus!
678 2365 735 2403 Illi
767 2371 893 2403 autem
924 2367 1066 2416 quibus
1096 2374 1197 2405 esset
1231 2367 1314 2404 imis
1345 2367 1568 2418 praecordiis
1601 2366 1714 2403 affixa

255 2423 480 2475 ⁶⁹praesidia
511 2428 637 2465 abiere
670 2428 785 2473 illico,
826 2435 865 2466 et
899 2431 1100 2467 verborum
1121 2437 1158 2468 et
1190 2444 1313 2468 rerum
1346 2431 1515 2468 omnium
1548 2438 1587 2468 et
1618 2429 1712 2468 tanti

256 2489 366 2528 ducis
385 2490 642 2530 immemores.
700 2494 837 2541 Itaque
865 2494 993 2531 statim
1016 2501 1057 2531 ut
1093 2494 1368 2532 Noviodunum
1390 2495 1614 2545 attigerunt,
1647 2493 1712 2530 ubi

300 2643 342 2672 66
367 2642 478 2682 Forte,
494 2642 583 2683 impii
598 2646 628 2675 et
644 2643 860 2683 ingruei.-67
886 2645 989 2687 Lege,
1009 2646 1205 2684 gloriasns.›—
1216 2648 1257 2675 68
1283 2647 1396 2685 Forte,
1422 2656 1481 2676 csse
1498 2645 1568 2686 fide
1585 2644 1713 2675 nobilius

251 2699 368 2736 putate.
416 2696 567 2728 [ui.—09
590 2697 694 2737 Lege,
711 2697 853 2738 perfidia.
