1850 3109
273 160 387 204 1426

269 264 347 298 hace.
390 266 458 298 Sed
485 266 591 298 taedet
615 266 695 297 talia
719 273 866 296 monere.
911 262 970 294 So-

271 317 339 348 lum
360 316 549 348 adscribam
574 317 683 347 locum
700 315 803 345 Plinii
827 323 901 345 xrv.
917 316 970 344 12.

273 375 371 407 quem
400 376 441 397 ne
467 366 539 405 ipse
557 364 692 406 quidem
708 363 908 394 Ciacconius
926 362 971 401 ig-

272 416 420 447 noravit.
445 417 453 433 ‘
473 415 584 445 Biduo
601 413 797 453 duabusque
814 411 972 442 noctibus

272 464 547 506 perpotationem
588 461 839 494 continuasset:
900 461 973 492 Vos-

273 515 348 547 sius.

314 566 336 594 6
357 561 535 603 Aquilaria]
573 561 667 593 Leid.
701 570 753 602 pr.
782 560 971 601 Aquillaria.

275 612 399 654 Scalig.
451 612 574 644 Petav.
625 612 722 642 Voss.
765 610 973 651 Anquillaria.

276 665 402 696 Lovan.
418 663 530 695 Palat.
548 663 714 703 Bongars.
741 663 849 694 Dorv.
875 660 973 692 Leid.

275 724 345 747 sec.
370 714 588 754 Anguillaria:
612 720 714 754 atque
741 713 789 743 ita
810 712 974 743 Scholias-

276 769 328 796 tes
346 764 428 796 Mss.
446 764 572 796 Lucani
586 773 634 796 ιν.
648 767 722 795 585.
744 763 752 780 ‘
770 763 864 794 Inter
880 762 975 792 semi·

276 818 368 846 rutas
392 824 523 854 magnae
548 813 760 853 Carthaginis
787 821 895 849 arces,
929 812 974 842 Et

276 865 441 905 Clypeam
458 864 570 896 tenuit
581 863 736 895 stationis
747 862 847 894 litora
862 862 974 894 notae.¹

275 916 399 946 Forsan
444 915 605 954 intelligit
643 913 829 954 Δρακόντιον
869 915 974 954 νῆσον,

274 975 350 1006 quae
392 968 445 996 est
480 965 568 1004 apud
600 965 825 995 Ptolemaeum
861 972 912 994 ιν.
943 966 973 994 3.

275 1015 367 1046 Olim
380 1014 496 1054 putavi
514 1014 562 1044 ita
574 1013 702 1044 dictum
720 1014 828 1044 locum
844 1022 862 1043 a
875 1012 976 1043 cadu-

273 1073 335 1096 ceo
351 1064 529 1104 Mercurii,
553 1063 650 1105 cujus
667 1064 737 1095 illic
755 1068 807 1095 est
820 1072 974 1104 promou-

276 1115 414 1147 torium.

315 1169 336 1197 6
360 1166 425 1198 Hic
441 1166 522 1196 locus
537 1165 620 1196 abest
646 1174 664 1195 a
683 1164 806 1204 Clupeis
828 1173 974 1204 passuum

276 1224 356 1248 xxn
381 1215 494 1255 millia]
540 1215 597 1246 Sic
628 1214 729 1246 editt.
762 1214 860 1244 Rom.
888 1214 974 1245 Ven.

275 1266 434 1297 Beroald.
452 1270 487 1296 at
501 1265 567 1296 Ms.
582 1264 723 1296 Norvic.
741 1263 790 1294 hic
806 1264 885 1294 Iocus
900 1266 944 1293 est
956 1274 975 1294 α

280 1315 419 1356 Clupeis,
444 1324 519 1356 quae
537 1324 614 1345 rara
629 1313 779 1354 quidem,
795 1313 854 1343 sed
870 1313 976 1353 proba

276 1369 329 1395 est
345 1364 485 1395 locutio.
529 1364 639 1404 Supra
654 1363 696 1394 B.
711 1363 749 1394 C.
768 1371 791 1394 1.
810 1365 859 1394 16.
882 1362 891 1378 ‘
909 1362 974 1394 Qui

276 1420 352 1447 erat
370 1414 413 1447 ab
439 1414 566 1456 oppido
581 1414 686 1445 millia
702 1422 859 1454 passuum
879 1412 975 1443 circi-

277 1470 331 1497 ter
345 1474 388 1497 ιιι
404 1464 426 1496 ;’
451 1465 506 1496 ubi
523 1464 599 1495 vide
615 1468 722 1495 notat.
739 1463 849 1495 Daris.
875 1463 974 1496 Quod

274 1519 388 1546 autem
416 1514 599 1547 Ciacconio
625 1524 686 1555 pro
713 1513 837 1554 Clupeis
862 1514 975 1554 placet

277 1565 418 1605 Clupea,·
441 1565 473 1595 in
491 1574 530 1596 eo
547 1565 660 1604 lapsus
674 1568 726 1595 est
744 1563 794 1594 vir
810 1563 974 1595 eruditus.

280 1613 366 1646 Vide
393 1615 429 1647 J.
456 1614 508 1645 Fr.
531 1614 739 1645 Gronovium
756 1613 798 1644 ad
822 1613 907 1644 Livii
925 1621 975 1644 ix.

278 1668 330 1698 19.
376 1665 473 1705 Idem,
500 1675 570 1696 cur.
602 1675 671 1696 sec.
731 1665 791 1695 Est
816 1663 976 1695 scribitur

273 1717 307 1746 in
325 1716 395 1747 solo
413 1716 534 1747 Petav.
550 1726 569 1745 α
586 1715 711 1754 Clupeis
731 1713 855 1754 legitur
871 1713 974 1745 etiam

275 1766 309 1796 in
326 1766 427 1798 Auct.
444 1766 486 1796 de
498 1764 609 1797 Afric.
627 1764 724 1795 Bello
750 1773 780 1796 c.
802 1766 831 1794 3.
848 1763 904 1793 nbi
927 1767 973 1793 ta-

275 1825 352 1847 men
383 1816 517 1847 variant
551 1814 759 1846 recentiores
802 1812 908 1844 Codd.
939 1817 974 1844 at

275 1866 390 1897 statim
406 1866 529 1897 Petav.
546 1865 662 1896 Codex
678 1865 718 1894 ad
735 1864 861 1903 Clupea.

318 1919 337 1947 7
365 1916 529 1955 Habetque
543 1924 601 1945 non
624 1915 844 1944 incommodam
867 1915 973 1943 oestate

224 1960 230 1970 “
272 1965 452 2005 stationem]
477 1964 587 1995 Miror
602 1973 716 1994 eorum
735 1963 973 2003 arrogantiam,

274 2017 332 2057 qui
360 2020 479 2048 contra
502 2015 647 2046 omnium
672 2013 827 2045 codicum
847 2013 972 2045 autori-

273 2070 393 2106 tatem,
415 2075 534 2097 vocem
561 2068 669 2095 oestate
693 2073 889 2104 expungere
919 2074 974 2095 au-

274 2116 368 2156 dent,
390 2115 481 2157 qnia,
503 2124 576 2146 eam
603 2114 691 2145 enim
722 2123 871 2145 caussam
898 2124 972 2145 esse

273 2171 369 2206 puto,
393 2165 545 2207 sequitur
569 2174 632 2195 vox
648 2165 821 2196 stationem.
867 2165 972 2197 Quasi

274 2227 353 2248 xero
370 2226 436 2247 non
453 2216 558 2256 possit
584 2216 702 2246 eadem
726 2216 826 2247 statio
852 2220 972 2248 aestate

272 2267 460 2306 commoda,
496 2267 616 2307 hyeme
644 2266 858 2297 incommoda
887 2275 972 2306 esse,

274 2322 377 2357 prout
407 2317 464 2348 alii
497 2317 618 2357 aliique
643 2316 725 2348 flant
749 2317 851 2348 venti.
902 2317 970 2350 Vos-

271 2367 347 2398 sius.
391 2367 539 2397 Primam
567 2376 681 2397 vocem
711 2365 969 2407 expungendam

273 2424 436 2446 censuere
453 2416 530 2447 Pet.
548 2417 747 2448 Ciacconius
763 2420 798 2447 et
811 2416 882 2448 Jos.
894 2416 970 2447 Sca-

273 2466 372 2506 liger,
410 2475 552 2506 quorum
605 2467 829 2506 arrogantiam
872 2466 970 2496 mira-

274 2520 328 2547 tur
355 2516 401 2547 D.
427 2516 579 2554 Vossius,
607 2517 732 2556 quippe
762 2516 864 2547 statio
895 2524 968 2546 esse

272 2569 386 2605 potest
413 2570 533 2596 aestale
559 2565 747 2601 commoda,
785 2565 966 2598 hieme-in-

272 2613 458 2653 commoda,
501 2619 601 2654 prout
631 2614 686 2644 alii
720 2614 844 2654 aliique
886 2613 968 2645 flant

273 2665 389 2703 venti;
419 2672 526 2704 eaque
553 2673 633 2694 sane
659 2664 745 2695 ratio
776 2665 917 2703 valeret,
940 2665 968 2695 si

270 2714 352 2749 stati
377 2714 411 2748 iu
438 2713 479 2747 iis
509 2713 588 2748 locis
611 2718 725 2747 esseut
752 2713 864 2754 veuti3
888 2714 968 2757 quia

731 168 874 201 No'rAE
910 166 1130 198 vARtoRU
1140 167 1171 196 M
1207 165 1257 196 IN

1022 266 1133 293 autem
1148 270 1200 292 res
1215 260 1314 290 aliter
1326 268 1361 290 se
1375 257 1509 296 habeat,
1521 256 1605 288 illud
1618 264 1719 288 voca-

1022 312 1151 350 bulum,
1180 319 1241 351 per
1270 319 1323 340 me
1354 310 1449 347 licet,
1484 308 1515 338 in
1547 306 1721 348 spongiam

1022 361 1208 401 incumbat,
1246 360 1436 400 praesertim
1483 367 1558 388 cum
1594 366 1614 387 a
1652 356 1723 388 Ms.

1025 411 1166 442 Norvic.
1185 411 1322 441 exulare
1339 409 1482 440 videam.
1509 407 1618 439 Duris.
1656 407 1726 439 Vo-

1024 469 1095 490 cem
1113 463 1221 491 oestate
1237 459 1486 500 supposititiam
1509 467 1582 489 esse
1594 456 1726 498 judica-

1026 511 1075 541 vit
1106 510 1207 540 etiam
1235 509 1425 546 Gruterns;
1449 510 1506 549 qni
1531 508 1597 549 legi
1619 507 1727 539 voluit

1024 559 1127 597 milia,
1150 569 1207 589 non
1228 560 1415 590 incommoda
1430 558 1576 597 statione,
1597 556 1727 598 duobus,

1023 611 1076 648 ἅμ’.
1139 610 1241 640 Certe
1282 609 1471 640 incommoda
1502 612 1661 640 exaratur
1690 607 1726 638 iu

1026 660 1109 691 Mss.
1127 659 1248 690 Petav.
1268 658 1362 689 Leid.
1379 667 1432 699 pr.
1450 658 1562 690 Palat.
1578 657 1725 690 Dorvill.

1026 710 1058 740 in
1075 719 1216 750 quorum
1233 709 1363 740 duobus
1380 707 1559 748 postremis
1586 717 1647 748 pro
1662 710 1726 738 sta-

1025 762 1139 793 tionem
1164 766 1216 791 cst
1240 760 1477 799 navigationem.
1521 757 1646 790 AEstate
1668 767 1726 798 po-

1027 817 1095 843 test
1111 821 1184 842 esse
1205 810 1379 842 commoda
1403 810 1520 849 statio,
1543 818 1619 840 cnm
1646 808 1728 841 leni·

1026 871 1099 893 ores
1124 860 1208 892 flant
1232 861 1337 899 venti,
1360 860 1470 891 hieme
1495 869 1574 891 vero
1600 859 1726 890 incom-

1025 912 1138 950 moda,
1162 920 1237 942 cum
1264 911 1356 941 venti
1387 910 1544 941 fortiores
1574 913 1665 947 sunt,
1689 911 1727 940 et

1025 961 1126 992 maris
1142 965 1235 991 cestus
1258 960 1353 990 saevit
1369 959 1610 991 vehementius.
1657 958 1727 992 Pro

1025 1015 1054 1043 et
1071 1010 1224 1052 pratulit
1241 1011 1398 1041 Ciaccon.
1415 1019 1491 1048 quae.

1070 1064 1108 1093 14
1132 1060 1339 1100 Profugerat]
1363 1057 1568 1089 praeferi-em
1591 1057 1645 1090 hic
1659 1057 1726 1089 lec-

1026 1111 1151 1143 tionem
1178 1110 1270 1141 Leid.
1298 1119 1348 1150 pr.
1373 1113 1407 1139 et
1429 1107 1576 1139 Dorvill.
1599 1116 1640 1138 ac
1662 1107 1726 1138 Lo·

1025 1172 1100 1193 van.
1128 1161 1309 1202 perfugerat
1339 1159 1407 1189 sive
1428 1156 1652 1189 Adrumetum
1675 1166 1727 1188 us-

1025 1222 1102 1253 que,
1140 1215 1311 1252 tamquam
1344 1211 1376 1239 in
1409 1214 1518 1239 tutum
1550 1208 1662 1239 locum
1689 1211 1726 1239 et

1026 1262 1120 1305 quasi
1151 1261 1279 1302 asylum
1311 1259 1457 1300 fugerat.
1503 1258 1630 1289 Verum
1654 1267 1725 1298 prae

1026 1316 1196 1352 perpetua
1209 1310 1393 1341 variatione
1407 1310 1481 1340 haec
1498 1309 1629 1339 incerta
1640 1308 1725 1339 adeo

1026 1366 1115 1400 sunt,
1138 1365 1176 1392 ut
1200 1361 1342 1400 nescias,
1367 1359 1446 1401 quid
1472 1358 1557 1390 certi
1587 1358 1631 1389 sit
1657 1362 1725 1389 sta·

1026 1411 1199 1443 tuendum.
1243 1411 1330 1441 Vide
1359 1419 1461 1450 supra
1486 1407 1664 1449 aliquoties
1689 1412 1727 1441 et

1026 1462 1068 1493 ad
1087 1461 1236 1493 Frontin.
1258 1470 1311 1492 ιιι.
1330 1463 1360 1491 3.
1385 1460 1418 1491 iu
1442 1459 1467 1490 f.
1495 1460 1547 1490 Cl.
1571 1458 1726 1490 Draken-

1025 1511 1120 1551 borg.
1138 1511 1179 1542 ad
1198 1511 1327 1542 Livium
1354 1519 1404 1542 ιιι.
1423 1513 1471 1541 10.
1499 1509 1619 1540 Paullo
1648 1513 1725 1550 post

1025 1564 1033 1579 ‘
1050 1562 1190 1593 navibus
1204 1571 1256 1593 xn
1280 1561 1397 1601 longis’
1413 1559 1486 1591 vult
1509 1559 1611 1590 scribi
1629 1559 1724 1590 Ciac-

1025 1613 1152 1651 conius,
1176 1612 1296 1654 quibus
1323 1612 1539 1652 obponantur
1561 1610 1723 1641 onerurioe.

1026 1663 1092 1694 Sed
1113 1667 1231 1693 contra
1250 1662 1333 1692 Mss.
1355 1670 1479 1692 omnes.
1529 1661 1662 1700 Longas,
1685 1665 1723 1692 ut

1026 1721 1140 1752 supra,
1161 1711 1304 1751 intelligi
1323 1710 1460 1749 debere,
1486 1710 1566 1741 satis
1580 1710 1701 1751 liquet.

1069 1771 1170 1793 xxiv.
1196 1765 1211 1792 l
1241 1762 1365 1793 [ticum
1391 1760 1517 1792 navibus
1540 1759 1724 1801 proemillz‘t]

1025 1812 1171 1853 Adjecta
1198 1813 1328 1850 vocula,
1350 1812 1528 1851 legendum
1549 1821 1615 1842 cum
1638 1811 1723 1843 nati-

1024 1863 1090 1901 bus,
1115 1867 1153 1894 ut
1177 1862 1296 1893 Petav.
1324 1866 1359 1892 et
1382 1862 1523 1892 Non-vic.
1548 1861 1723 1893 exhibent.

1023 1913 1136 1943 Duris.
1168 1922 1238 1943 cur.
1255 1921 1321 1942 sec.
1367 1910 1415 1942 At
1440 1910 1517 1941 vide
1545 1916 1654 1942 tamen
1679 1910 1722 1942 ad

1024 1963 1063 1993 B.
1089 1963 1160 1994 Civ.
1186 1973 1210 1994 1.
1238 1966 1291 1995 31.
1320 1963 1329 1979 ‘
1348 1961 1554 1993 Venientem
1583 1961 1721 1994 Uticam

1023 2012 1186 2044 navibus.'

1065 2067 1083 2093 5
1111 2062 1310 2102 Corneliana]
1343 2062 1502 2093 Ciaccon.
1527 2061 1593 2092 Ms.
1617 2059 1722 2092 habet

1026 2113 1179 2152 Cornelia,
1217 2113 1269 2144 cui
1308 2112 1531 2152 adstipulatur
1565 2111 1721 2143 Vossian.

1024 2164 1074 2194 nti
1103 2164 1176 2194 aliis
1202 2163 1396 2195 auctoribus
1420 2166 1606 2202 vocantur3
1628 2167 1663 2193 at
1689 2171 1719 2193 c.

1023 2217 1076 2244 25.
1107 2213 1189 2244 Mss.
1217 2223 1331 2244 omnes
1352 2213 1501 2244 retinent
1526 2213 1721 2244 Corneliana.

1024 2265 1152 2295 Contra
1168 2274 1195 2294 c.
1211 2266 1263 2294 37.
1300 2264 1339 2294 In
1360 2266 1462 2294 castra
1479 2264 1623 2294 Cornelia
1644 2272 1721 2293 exa·

1023 2319 1117 2345 ratur
1134 2314 1167 2345 in
1185 2315 1304 2345 Petav.
1321 2314 1446 2354 Scalig.
1475 2313 1568 2344 Leid.
1586 2322 1638 2353 pr.
1654 2313 1720 2344 Pa·

1023 2365 1080 2397 lat.
1111 2366 1208 2395 Voss.
1240 2369 1274 2395 et
1300 2366 1408 2395 Dorv.
1455 2365 1569 2396 Quare
1593 2363 1719 2405 ubique

1021 2414 1122 2446 etiam
1138 2415 1249 2446 malim
1269 2415 1420 2444 Cornelia.
1450 2413 1516 2444 Adi
1533 2413 1574 2443 ad
1591 2413 1721 2446 Lucan.

1021 2473 1068 2496 lv.
1096 2468 1170 2495 (356.
1218 2464 1256 2494 ln
1273 2464 1361 2494 Scal.
1388 2463 1441 2494 hic
1465 2468 1517 2494 est
1535 2463 1719 2504 Canidiam,

1020 2514 1052 2544 iu
1072 2514 1164 2544 Lcid.
1184 2524 1233 2554 pr.
1255 2513 1424 2544 (saumana.

1062 2567 1082 2594 9
1114 2563 1248 2594 Directo
1273 2562 1397 2602 itincre]
1445 2563 1535 2594 Alibi
1562 2567 1646 2594 rectu
1671 2573 1718 2595 re·

1017 2614 1129 2653 gione:
1153 2613 1243 2653 quod
1255 2613 1372 2644 Tacito
1384 2613 1532 2650 cominus,
1547 2618 1604 2643 ut:
1628 2616 1716 2645 ‘non

1019 2663 1214 2694 Armeniam
1231 2663 1393 2703 cominus,
1417 2662 1477 2693 scd
1502 2661 1591 2694 llexu
1607 2663 1717 2696 Meso-

1019 2713 1201 2757 potamiam
1216 2712 1362 2755 petunt.'
1412 2712 1546 2747 Vossius·
