<?xml version="1.0" encoding="UTF-8"?>
<!DOCTYPE html PUBLIC "-//W3C//DTD XHTML 1.0 Transitional//EN"
    "http://www.w3.org/TR/xhtml1/DTD/xhtml1-transitional.dtd">
<html xmlns="http://www.w3.org/1999/xhtml" xml:lang="en" lang="en">
 <head>
  <title>
</title>
<meta http-equiv="Content-Type" content="text/html;charset=utf-8" />
  <meta name='ocr-system' content='tesseract 3.04.00' />
  <meta name='ocr-capabilities' content='ocr_page ocr_carea ocr_par ocr_line ocrx_word'/>
</head>
<body>
  <div class='ocr_page' id='page_1' title='image "./operaomniaexedit04caesuoft_0492.png"; bbox 0 0 1850 3109; ppageno 0'>
   <div class='ocr_carea' id='block_1_1' title="bbox 226 198 1249 243">
    <p class='ocr_par' dir='ltr' id='par_1_1' title="bbox 226 198 1249 243">
     <span class='ocr_line' id='line_1_1' title="bbox 226 198 1249 243; baseline 0.002 -3"><span class='ocrx_word' id='word_1_1' title='bbox 226 198 341 241; x_wconf 75' lang='lat'>1882</span> <span class='ocrx_word' id='word_1_2' title='bbox 662 213 697 242; x_wconf 84' lang='lat' dir='ltr'>J.</span> <span class='ocrx_word' id='word_1_3' title='bbox 730 212 867 243; x_wconf 62' lang='lat' dir='ltr'>onst</span> <span class='ocrx_word' id='word_1_4' title='bbox 901 212 1249 242; x_wconf 55' lang='lat' dir='ltr'>comicmnxntt</span> 
     </span>
    </p>
   </div>
   <div class='ocr_carea' id='block_1_2' title="bbox 226 308 1688 2591">
    <p class='ocr_par' dir='ltr' id='par_1_2' title="bbox 226 308 1683 867">
     <span class='ocr_line' id='line_1_2' title="bbox 229 308 1681 361; baseline 0.003 -17"><span class='ocrx_word' id='word_1_5' title='bbox 229 308 401 346; x_wconf 77' lang='lat' dir='ltr'>extincto</span> <span class='ocrx_word' id='word_1_6' title='bbox 422 308 587 354; x_wconf 74' lang='lat' dir='ltr'>Caesare,</span> <span class='ocrx_word' id='word_1_7' title='bbox 610 310 675 360; x_wconf 90' lang='lat' dir='ltr'>qui</span> <span class='ocrx_word' id='word_1_8' title='bbox 697 311 862 348; x_wconf 83' lang='lat' dir='ltr'>mortalis</span> <span class='ocrx_word' id='word_1_9' title='bbox 883 317 996 355; x_wconf 80' lang='lat' dir='ltr'>esset,</span> <span class='ocrx_word' id='word_1_10' title='bbox 1017 324 1091 348; x_wconf 88' lang='lat' dir='ltr'>nou</span> <span class='ocrx_word' id='word_1_11' title='bbox 1113 312 1296 349; x_wconf 81' lang='lat' dir='ltr'>sentirent</span> <span class='ocrx_word' id='word_1_12' title='bbox 1322 314 1535 349; x_wconf 69' lang='lat' dir='ltr'>Rornanum</span> <span class='ocrx_word' id='word_1_13' title='bbox 1559 324 1681 361; x_wconf 76' lang='lat' dir='ltr'>pupu-</span> 
     </span>
     <span class='ocr_line' id='line_1_3' title="bbox 231 372 1681 426; baseline 0.003 -18"><span class='ocrx_word' id='word_1_14' title='bbox 231 372 308 408; x_wconf 88' lang='lat' dir='ltr'>lum</span> <span class='ocrx_word' id='word_1_15' title='bbox 329 372 578 411; x_wconf 80' lang='lat' dir='ltr'>immortalem</span> <span class='ocrx_word' id='word_1_16' title='bbox 596 374 610 411; x_wconf 71' lang='lat'><em>2</em></span> <span class='ocrx_word' id='word_1_17' title='bbox 632 382 667 412; x_wconf 89' lang='lat' dir='ltr'>et</span> <span class='ocrx_word' id='word_1_18' title='bbox 689 375 724 411; x_wconf 92' lang='lat' dir='ltr'>in</span> <span class='ocrx_word' id='word_1_19' title='bbox 746 387 910 423; x_wconf 74' lang='lat' dir='ltr'>praesens</span> <span class='ocrx_word' id='word_1_20' title='bbox 926 385 969 410; x_wconf 80' lang='lat' dir='ltr'>x.</span> <span class='ocrx_word' id='word_1_21' title='bbox 993 374 1132 412; x_wconf 85' lang='lat' dir='ltr'>habere</span> <span class='ocrx_word' id='word_1_22' title='bbox 1150 376 1316 425; x_wconf 72' lang='lat' dir='ltr'>legiones</span> <span class='ocrx_word' id='word_1_23' title='bbox 1333 389 1420 426; x_wconf 78' lang='lat' dir='ltr'>qua:</span> <span class='ocrx_word' id='word_1_24' title='bbox 1442 389 1515 414; x_wconf 85' lang='lat' dir='ltr'>non</span> <span class='ocrx_word' id='word_1_25' title='bbox 1538 383 1681 413; x_wconf 79' lang='lat' dir='ltr'>tautum</span> 
     </span>
     <span class='ocr_line' id='line_1_4' title="bbox 231 435 1678 489; baseline 0.003 -18"><span class='ocrx_word' id='word_1_26' title='bbox 231 435 522 485; x_wconf 80' lang='lat' dir='ltr'>Hispalensibus</span> <span class='ocrx_word' id='word_1_27' title='bbox 558 438 742 480; x_wconf 78' lang='lat' dir='ltr'>resistere,</span> <span class='ocrx_word' id='word_1_28' title='bbox 776 437 841 474; x_wconf 80' lang='lat' dir='ltr'>sed</span> <span class='ocrx_word' id='word_1_29' title='bbox 875 437 1011 474; x_wconf 78' lang='lat' dir='ltr'>coelunt</span> <span class='ocrx_word' id='word_1_30' title='bbox 1045 438 1165 487; x_wconf 87' lang='lat' dir='ltr'>ipsum</span> <span class='ocrx_word' id='word_1_31' title='bbox 1195 439 1341 476; x_wconf 75' lang='lat' dir='ltr'>diruere</span> <span class='ocrx_word' id='word_1_32' title='bbox 1373 440 1446 477; x_wconf 89' lang='lat' dir='ltr'>sint</span> <span class='ocrx_word' id='word_1_33' title='bbox 1479 447 1678 489; x_wconf 83' lang='lat' dir='ltr'>potentes:</span> 
     </span>
     <span class='ocr_line' id='line_1_5' title="bbox 231 499 1679 553; baseline 0.002 -17"><span class='ocrx_word' id='word_1_34' title='bbox 231 512 308 548; x_wconf 84' lang='lat' dir='ltr'>quo</span> <span class='ocrx_word' id='word_1_35' title='bbox 330 499 365 536; x_wconf 93' lang='lat' dir='ltr'>in</span> <span class='ocrx_word' id='word_1_36' title='bbox 388 501 503 536; x_wconf 81' lang='lat' dir='ltr'>verbo</span> <span class='ocrx_word' id='word_1_37' title='bbox 525 513 599 536; x_wconf 89' lang='lat' dir='ltr'>non</span> <span class='ocrx_word' id='word_1_38' title='bbox 619 500 741 536; x_wconf 79' lang='lat' dir='ltr'>solum</span> <span class='ocrx_word' id='word_1_39' title='bbox 761 500 823 537; x_wconf 79' lang='lat' dir='ltr'>illa</span> <span class='ocrx_word' id='word_1_40' title='bbox 844 501 940 538; x_wconf 81' lang='lat' dir='ltr'>inest</span> <span class='ocrx_word' id='word_1_41' title='bbox 961 501 1139 546; x_wconf 73' lang='lat' dir='ltr'>altitudo,</span> <span class='ocrx_word' id='word_1_42' title='bbox 1169 515 1255 550; x_wconf 74' lang='lat' dir='ltr'>qua:</span> <span class='ocrx_word' id='word_1_43' title='bbox 1275 503 1454 540; x_wconf 88' lang='lat' dir='ltr'>omnibns</span> <span class='ocrx_word' id='word_1_44' title='bbox 1475 509 1591 553; x_wconf 79' lang='lat' dir='ltr'>patet,</span> <span class='ocrx_word' id='word_1_45' title='bbox 1614 502 1679 540; x_wconf 82' lang='lat' dir='ltr'>sed</span> 
     </span>
     <span class='ocr_line' id='line_1_6' title="bbox 230 562 1683 613; baseline 0.002 -14"><span class='ocrx_word' id='word_1_46' title='bbox 230 562 292 600; x_wconf 87' lang='lat' dir='ltr'>illa</span> <span class='ocrx_word' id='word_1_47' title='bbox 313 564 424 600; x_wconf 84' lang='lat' dir='ltr'>etiam</span> <span class='ocrx_word' id='word_1_48' title='bbox 455 563 658 606; x_wconf 76' lang='lat' dir='ltr'>occultior,</span> <span class='ocrx_word' id='word_1_49' title='bbox 692 577 778 613; x_wconf 81' lang='lat' dir='ltr'>quae</span> <span class='ocrx_word' id='word_1_50' title='bbox 804 564 838 599; x_wconf 89' lang='lat' dir='ltr'>in</span> <span class='ocrx_word' id='word_1_51' title='bbox 861 564 1103 601; x_wconf 76' lang='lat' dir='ltr'>recensendis</span> <span class='ocrx_word' id='word_1_52' title='bbox 1126 564 1268 601; x_wconf 74' lang='lat' dir='ltr'>viribus</span> <span class='ocrx_word' id='word_1_53' title='bbox 1290 565 1485 609; x_wconf 81' lang='lat' dir='ltr'>Romanis,</span> <span class='ocrx_word' id='word_1_54' title='bbox 1505 578 1579 602; x_wconf 92' lang='lat' dir='ltr'>non</span> <span class='ocrx_word' id='word_1_55' title='bbox 1601 579 1683 603; x_wconf 88' lang='lat' dir='ltr'>om-</span> 
     </span>
     <span class='ocr_line' id='line_1_7' title="bbox 230 618 1683 678; baseline 0.001 -15"><span class='ocrx_word' id='word_1_56' title='bbox 230 640 308 670; x_wconf 82' lang='lat' dir='ltr'>ncS,</span> <span class='ocrx_word' id='word_1_57' title='bbox 342 625 408 663; x_wconf 86' lang='lat' dir='ltr'>sed</span> <span class='ocrx_word' id='word_1_58' title='bbox 437 639 523 663; x_wconf 78' lang='lat' dir='ltr'>suas</span> <span class='ocrx_word' id='word_1_59' title='bbox 558 618 716 664; x_wconf 38' lang='lat' dir='ltr'>tantum*</span> <span class='ocrx_word' id='word_1_60' title='bbox 741 627 957 665; x_wconf 72' lang='lat' dir='ltr'>dinumerat</span> <span class='ocrx_word' id='word_1_61' title='bbox 990 629 1171 677; x_wconf 73' lang='lat' dir='ltr'>legiones,</span> <span class='ocrx_word' id='word_1_62' title='bbox 1207 628 1314 678; x_wconf 77' lang='lat' dir='ltr'>quasi</span> <span class='ocrx_word' id='word_1_63' title='bbox 1349 629 1513 678; x_wconf 84' lang='lat' dir='ltr'>reliquas</span> <span class='ocrx_word' id='word_1_64' title='bbox 1547 628 1683 665; x_wconf 83' lang='lat' dir='ltr'>nullius</span> 
     </span>
     <span class='ocr_line' id='line_1_8' title="bbox 230 689 1682 741; baseline 0.001 -15"><span class='ocrx_word' id='word_1_65' title='bbox 230 689 354 738; x_wconf 83' lang='lat' dir='ltr'>pretii,</span> <span class='ocrx_word' id='word_1_66' title='bbox 386 696 423 727; x_wconf 87' lang='lat' dir='ltr'>et</span> <span class='ocrx_word' id='word_1_67' title='bbox 443 703 488 728; x_wconf 88' lang='lat' dir='ltr'>ne</span> <span class='ocrx_word' id='word_1_68' title='bbox 511 692 693 728; x_wconf 85' lang='lat' dir='ltr'>memoria</span> <span class='ocrx_word' id='word_1_69' title='bbox 715 691 870 741; x_wconf 87' lang='lat' dir='ltr'>quidem</span> <span class='ocrx_word' id='word_1_70' title='bbox 893 691 1025 741; x_wconf 77' lang='lat' dir='ltr'>(lignus</span> <span class='ocrx_word' id='word_1_71' title='bbox 1058 698 1224 729; x_wconf 74' lang='lat' dir='ltr'>censeat.</span> <span class='ocrx_word' id='word_1_72' title='bbox 1285 692 1409 729; x_wconf 84' lang='lat' dir='ltr'>Multa</span> <span class='ocrx_word' id='word_1_73' title='bbox 1432 692 1546 740; x_wconf 74' lang='lat' dir='ltr'>liujus</span> <span class='ocrx_word' id='word_1_74' title='bbox 1566 692 1682 729; x_wconf 84' lang='lat' dir='ltr'>bisto-</span> 
     </span>
     <span class='ocr_line' id='line_1_9' title="bbox 226 752 1679 805; baseline 0.002 -15"><span class='ocrx_word' id='word_1_75' title='bbox 226 752 291 790; x_wconf 81' lang='lat' dir='ltr'>riae</span> <span class='ocrx_word' id='word_1_76' title='bbox 312 753 348 789; x_wconf 92' lang='lat' dir='ltr'>in</span> <span class='ocrx_word' id='word_1_77' title='bbox 371 753 459 790; x_wconf 86' lang='lat' dir='ltr'>loco</span> <span class='ocrx_word' id='word_1_78' title='bbox 478 754 709 804; x_wconf 85' lang='lat' dir='ltr'>scriptorum</span> <span class='ocrx_word' id='word_1_79' title='bbox 732 754 823 790; x_wconf 61' lang='lat' dir='ltr'>titio</span> <span class='ocrx_word' id='word_1_80' title='bbox 844 755 1004 791; x_wconf 76' lang='lat' dir='ltr'>confusa</span> <span class='ocrx_word' id='word_1_81' title='bbox 1025 762 1213 804; x_wconf 73' lang='lat' dir='ltr'>praetereo</span> <span class='ocrx_word' id='word_1_82' title='bbox 1234 755 1281 792; x_wconf 88' lang='lat' dir='ltr'>ad</span> <span class='ocrx_word' id='word_1_83' title='bbox 1306 755 1419 793; x_wconf 86' lang='lat' dir='ltr'>finem</span> <span class='ocrx_word' id='word_1_84' title='bbox 1442 769 1652 805; x_wconf 81' lang='lat' dir='ltr'>properans</span> <span class='ocrx_word' id='word_1_85' title='bbox 1671 770 1679 792; x_wconf 91' lang='lat'>:</span> 
     </span>
     <span class='ocr_line' id='line_1_10' title="bbox 230 817 1279 867; baseline 0.003 -14"><span class='ocrx_word' id='word_1_86' title='bbox 230 817 290 854; x_wconf 78' lang='lat' dir='ltr'>hie</span> <span class='ocrx_word' id='word_1_87' title='bbox 311 830 400 866; x_wconf 81' lang='lat' dir='ltr'>ergo</span> <span class='ocrx_word' id='word_1_88' title='bbox 423 817 609 855; x_wconf 85' lang='lat' dir='ltr'>bellorum</span> <span class='ocrx_word' id='word_1_89' title='bbox 631 818 796 855; x_wconf 72' lang='lat' dir='ltr'>civilium</span> <span class='ocrx_word' id='word_1_90' title='bbox 819 817 854 855; x_wconf 90' lang='lat' dir='ltr'>in</span> <span class='ocrx_word' id='word_1_91' title='bbox 873 818 1058 867; x_wconf 77' lang='lat' dir='ltr'>Hispania</span> <span class='ocrx_word' id='word_1_92' title='bbox 1080 818 1164 855; x_wconf 84' lang='lat' dir='ltr'>finis</span> <span class='ocrx_word' id='word_1_93' title='bbox 1184 826 1279 856; x_wconf 84' lang='lat' dir='ltr'>esto.</span> 
     </span>
    </p>

    <p class='ocr_par' dir='ltr' id='par_1_3' title="bbox 226 881 1688 2591">
     <span class='ocr_line' id='line_1_11' title="bbox 282 881 1683 932; baseline 0.003 -15"><span class='ocrx_word' id='word_1_94' title='bbox 282 881 354 918; x_wconf 83' lang='lat' dir='ltr'>llis</span> <span class='ocrx_word' id='word_1_95' title='bbox 387 887 443 919; x_wconf 87' lang='lat' dir='ltr'>tot</span> <span class='ocrx_word' id='word_1_96' title='bbox 477 882 584 919; x_wconf 90' lang='lat' dir='ltr'>bellis</span> <span class='ocrx_word' id='word_1_97' title='bbox 618 883 776 927; x_wconf 81' lang='lat' dir='ltr'>exactis,</span> <span class='ocrx_word' id='word_1_98' title='bbox 809 889 866 919; x_wconf 87' lang='lat' dir='ltr'>tot</span> <span class='ocrx_word' id='word_1_99' title='bbox 899 883 1095 920; x_wconf 75' lang='lat' dir='ltr'>laboribus</span> <span class='ocrx_word' id='word_1_100' title='bbox 1126 883 1338 926; x_wconf 73' lang='lat' dir='ltr'>exantlatis,</span> <span class='ocrx_word' id='word_1_101' title='bbox 1360 897 1456 932; x_wconf 87' lang='lat' dir='ltr'>quos</span> <span class='ocrx_word' id='word_1_102' title='bbox 1491 883 1683 921; x_wconf 65' lang='lat' dir='ltr'>⁵Smodum</span> 
     </span>
     <span class='ocr_line' id='line_1_12' title="bbox 230 945 1685 996; baseline 0.001 -14"><span class='ocrx_word' id='word_1_103' title='bbox 230 945 334 993; x_wconf 59' lang='lat' dir='ltr'>path</span> <span class='ocrx_word' id='word_1_104' title='bbox 357 945 424 983; x_wconf 87' lang='lat' dir='ltr'>sed</span> <span class='ocrx_word' id='word_1_105' title='bbox 446 946 636 990; x_wconf 83' lang='lat' dir='ltr'>scribere;</span> <span class='ocrx_word' id='word_1_106' title='bbox 659 946 724 983; x_wconf 85' lang='lat' dir='ltr'>sed</span> <span class='ocrx_word' id='word_1_107' title='bbox 745 947 868 996; x_wconf 81' lang='lat' dir='ltr'>legere</span> <span class='ocrx_word' id='word_1_108' title='bbox 887 960 895 989; x_wconf 92' lang='lat'>;</span> <span class='ocrx_word' id='word_1_109' title='bbox 919 947 984 984; x_wconf 84' lang='lat' dir='ltr'>sed</span> <span class='ocrx_word' id='word_1_110' title='bbox 1004 947 1135 984; x_wconf 83' lang='lat' dir='ltr'>audire</span> <span class='ocrx_word' id='word_1_111' title='bbox 1149 946 1302 984; x_wconf 79' lang='lat' dir='ltr'>difficile</span> <span class='ocrx_word' id='word_1_112' title='bbox 1318 953 1388 990; x_wconf 84' lang='lat' dir='ltr'>est,</span> <span class='ocrx_word' id='word_1_113' title='bbox 1412 947 1535 983; x_wconf 74' lang='lat' dir='ltr'>victor</span> <span class='ocrx_word' id='word_1_114' title='bbox 1554 948 1685 984; x_wconf 77' lang='lat' dir='ltr'>Caesar</span> 
     </span>
     <span class='ocr_line' id='line_1_13' title="bbox 231 1008 1685 1060; baseline 0.003 -16"><span class='ocrx_word' id='word_1_115' title='bbox 231 1008 392 1046; x_wconf 77' lang='lat' dir='ltr'>Romam</span> <span class='ocrx_word' id='word_1_116' title='bbox 414 1009 540 1046; x_wconf 80' lang='lat' dir='ltr'>rediit.</span> <span class='ocrx_word' id='word_1_117' title='bbox 598 1011 701 1048; x_wconf 77' lang='lat' dir='ltr'>Felix</span> <span class='ocrx_word' id='word_1_118' title='bbox 724 1024 809 1048; x_wconf 87' lang='lat' dir='ltr'>meo</span> <span class='ocrx_word' id='word_1_119' title='bbox 835 1010 986 1058; x_wconf 81' lang='lat' dir='ltr'>judicio</span> <span class='ocrx_word' id='word_1_120' title='bbox 1006 1011 1158 1060; x_wconf 85' lang='lat' dir='ltr'>quidem</span> <span class='ocrx_word' id='word_1_121' title='bbox 1181 1011 1235 1047; x_wconf 91' lang='lat' dir='ltr'>vir</span> <span class='ocrx_word' id='word_1_122' title='bbox 1255 1010 1435 1048; x_wconf 84' lang='lat' dir='ltr'>felicitate</span> <span class='ocrx_word' id='word_1_123' title='bbox 1458 1010 1608 1055; x_wconf 81' lang='lat' dir='ltr'>bellica,</span> <span class='ocrx_word' id='word_1_124' title='bbox 1628 1024 1685 1048; x_wconf 84' lang='lat' dir='ltr'>se-</span> 
     </span>
     <span class='ocr_line' id='line_1_14' title="bbox 227 1071 1682 1123; baseline 0.003 -16"><span class='ocrx_word' id='word_1_125' title='bbox 227 1071 395 1109; x_wconf 78' lang='lat' dir='ltr'>cundum</span> <span class='ocrx_word' id='word_1_126' title='bbox 426 1074 568 1123; x_wconf 82' lang='lat' dir='ltr'>stylum</span> <span class='ocrx_word' id='word_1_127' title='bbox 597 1074 749 1123; x_wconf 86' lang='lat' dir='ltr'>loquor,</span> <span class='ocrx_word' id='word_1_128' title='bbox 781 1074 810 1110; x_wconf 89' lang='lat' dir='ltr'>si</span> <span class='ocrx_word' id='word_1_129' title='bbox 841 1075 975 1123; x_wconf 79' lang='lat' dir='ltr'>patriae</span> <span class='ocrx_word' id='word_1_130' title='bbox 997 1074 1128 1111; x_wconf 85' lang='lat' dir='ltr'>hostes</span> <span class='ocrx_word' id='word_1_131' title='bbox 1151 1080 1308 1117; x_wconf 87' lang='lat' dir='ltr'>tantum,</span> <span class='ocrx_word' id='word_1_132' title='bbox 1340 1086 1416 1110; x_wconf 90' lang='lat' dir='ltr'>non</span> <span class='ocrx_word' id='word_1_133' title='bbox 1450 1081 1489 1110; x_wconf 85' lang='lat' dir='ltr'>et</span> <span class='ocrx_word' id='word_1_134' title='bbox 1521 1073 1682 1123; x_wconf 79' lang='lat' dir='ltr'>putrium</span> 
     </span>
     <span class='ocr_line' id='line_1_15' title="bbox 230 1135 1685 1187; baseline 0.002 -16"><span class='ocrx_word' id='word_1_135' title='bbox 230 1135 407 1173; x_wconf 69' lang='lat' dir='ltr'>vicisset:</span> <span class='ocrx_word' id='word_1_136' title='bbox 438 1149 482 1173; x_wconf 89' lang='lat' dir='ltr'>ea</span> <span class='ocrx_word' id='word_1_137' title='bbox 508 1143 610 1174; x_wconf 87' lang='lat' dir='ltr'>certe</span> <span class='ocrx_word' id='word_1_138' title='bbox 631 1137 704 1174; x_wconf 85' lang='lat' dir='ltr'>fuit</span> <span class='ocrx_word' id='word_1_139' title='bbox 734 1138 978 1182; x_wconf 74' lang='lat' dir='ltr'>verecundia,</span> <span class='ocrx_word' id='word_1_140' title='bbox 1000 1150 1122 1187; x_wconf 85' lang='lat' dir='ltr'>eaque</span> <span class='ocrx_word' id='word_1_141' title='bbox 1155 1137 1318 1174; x_wconf 87' lang='lat' dir='ltr'>Romani</span> <span class='ocrx_word' id='word_1_142' title='bbox 1340 1137 1455 1174; x_wconf 87' lang='lat' dir='ltr'>moris</span> <span class='ocrx_word' id='word_1_143' title='bbox 1477 1137 1685 1175; x_wconf 83' lang='lat' dir='ltr'>observan-</span> 
     </span>
     <span class='ocr_line' id='line_1_16' title="bbox 232 1199 1686 1251; baseline 0.002 -16"><span class='ocrx_word' id='word_1_144' title='bbox 232 1199 294 1244; x_wconf 81' lang='lat' dir='ltr'>tia,</span> <span class='ocrx_word' id='word_1_145' title='bbox 317 1200 430 1249; x_wconf 72' lang='grc'>[257]</span> <span class='ocrx_word' id='word_1_146' title='bbox 452 1207 493 1237; x_wconf 93' lang='lat' dir='ltr'>ut</span> <span class='ocrx_word' id='word_1_147' title='bbox 522 1207 671 1238; x_wconf 86' lang='lat' dir='ltr'>tantum</span> <span class='ocrx_word' id='word_1_148' title='bbox 692 1200 741 1239; x_wconf 87' lang='lat' dir='ltr'>de</span> <span class='ocrx_word' id='word_1_149' title='bbox 770 1202 946 1239; x_wconf 86' lang='lat' dir='ltr'>hostibus</span> <span class='ocrx_word' id='word_1_150' title='bbox 977 1201 1297 1251; x_wconf 84' lang='lat' dir='ltr'>triumpharet,et</span> <span class='ocrx_word' id='word_1_151' title='bbox 1329 1200 1615 1239; x_wconf 77' lang='lat' dir='ltr'>interfectorum</span> <span class='ocrx_word' id='word_1_152' title='bbox 1646 1215 1686 1238; x_wconf 89' lang='lat' dir='ltr'>se</span> 
     </span>
     <span class='ocr_line' id='line_1_17' title="bbox 229 1261 1685 1315; baseline 0.002 -16"><span class='ocrx_word' id='word_1_153' title='bbox 229 1261 328 1300; x_wconf 78' lang='lat' dir='ltr'>duce</span> <span class='ocrx_word' id='word_1_154' title='bbox 349 1269 496 1301; x_wconf 82' lang='lat' dir='ltr'>tantum</span> <span class='ocrx_word' id='word_1_155' title='bbox 532 1265 696 1303; x_wconf 82' lang='lat' dir='ltr'>hostium</span> <span class='ocrx_word' id='word_1_156' title='bbox 725 1279 924 1303; x_wconf 87' lang='lat' dir='ltr'>nnmerum</span> <span class='ocrx_word' id='word_1_157' title='bbox 957 1266 1071 1303; x_wconf 84' lang='lat' dir='ltr'>scribi</span> <span class='ocrx_word' id='word_1_158' title='bbox 1093 1266 1362 1315; x_wconf 67' lang='lat' dir='ltr'>memoriaeque</span> <span class='ocrx_word' id='word_1_159' title='bbox 1384 1264 1557 1302; x_wconf 88' lang='lat' dir='ltr'>mandari</span> <span class='ocrx_word' id='word_1_160' title='bbox 1578 1271 1685 1315; x_wconf 84' lang='lat' dir='ltr'>pate-</span> 
     </span>
     <span class='ocr_line' id='line_1_18' title="bbox 228 1328 1687 1373; baseline 0.002 -11"><span class='ocrx_word' id='word_1_161' title='bbox 228 1332 344 1365; x_wconf 79' lang='lat' dir='ltr'>retur.</span> <span class='ocrx_word' id='word_1_162' title='bbox 402 1328 615 1366; x_wconf 84' lang='lat' dir='ltr'>Numerum</span> <span class='ocrx_word' id='word_1_163' title='bbox 638 1343 729 1367; x_wconf 87' lang='lat' dir='ltr'>vero</span> <span class='ocrx_word' id='word_1_164' title='bbox 750 1330 890 1367; x_wconf 85' lang='lat' dir='ltr'>civium</span> <span class='ocrx_word' id='word_1_165' title='bbox 912 1330 1125 1366; x_wconf 80' lang='lat' dir='ltr'>occisorum</span> <span class='ocrx_word' id='word_1_166' title='bbox 1143 1329 1256 1367; x_wconf 84' lang='lat' dir='ltr'>scribi</span> <span class='ocrx_word' id='word_1_167' title='bbox 1278 1329 1409 1373; x_wconf 79' lang='lat' dir='ltr'>vetuit,</span> <span class='ocrx_word' id='word_1_168' title='bbox 1440 1341 1486 1365; x_wconf 87' lang='lat' dir='ltr'>ne</span> <span class='ocrx_word' id='word_1_169' title='bbox 1507 1328 1687 1367; x_wconf 87' lang='lat' dir='ltr'>domesti-</span> 
     </span>
     <span class='ocr_line' id='line_1_19' title="bbox 226 1391 1684 1444; baseline 0.003 -17"><span class='ocrx_word' id='word_1_170' title='bbox 226 1403 289 1427; x_wconf 85' lang='lat' dir='ltr'>cas</span> <span class='ocrx_word' id='word_1_171' title='bbox 304 1391 434 1429; x_wconf 88' lang='lat' dir='ltr'>clades</span> <span class='ocrx_word' id='word_1_172' title='bbox 456 1398 570 1442; x_wconf 86' lang='lat' dir='ltr'>atque</span> <span class='ocrx_word' id='word_1_173' title='bbox 592 1393 759 1431; x_wconf 85' lang='lat' dir='ltr'>miserias</span> <span class='ocrx_word' id='word_1_174' title='bbox 780 1394 915 1444; x_wconf 84' lang='lat' dir='ltr'>patriae</span> <span class='ocrx_word' id='word_1_175' title='bbox 935 1394 1204 1444; x_wconf 81' lang='lat' dir='ltr'>exprobraret:</span> <span class='ocrx_word' id='word_1_176' title='bbox 1225 1392 1398 1443; x_wconf 81' lang='lat' dir='ltr'>quamvis</span> <span class='ocrx_word' id='word_1_177' title='bbox 1413 1393 1503 1431; x_wconf 88' lang='lat' dir='ltr'>etin</span> <span class='ocrx_word' id='word_1_178' title='bbox 1525 1406 1684 1431; x_wconf 81' lang='lat' dir='ltr'>numero</span> 
     </span>
     <span class='ocr_line' id='line_1_20' title="bbox 229 1455 1685 1507; baseline 0.003 -17"><span class='ocrx_word' id='word_1_179' title='bbox 229 1467 415 1492; x_wconf 80' lang='lat' dir='ltr'>caesornm</span> <span class='ocrx_word' id='word_1_180' title='bbox 437 1455 601 1493; x_wconf 87' lang='lat' dir='ltr'>hostium</span> <span class='ocrx_word' id='word_1_181' title='bbox 623 1456 695 1494; x_wconf 89' lang='lat' dir='ltr'>etsi</span> <span class='ocrx_word' id='word_1_182' title='bbox 717 1469 793 1494; x_wconf 89' lang='lat' dir='ltr'>non</span> <span class='ocrx_word' id='word_1_183' title='bbox 815 1457 1014 1503; x_wconf 85' lang='lat' dir='ltr'>Romanis,</span> <span class='ocrx_word' id='word_1_184' title='bbox 1045 1464 1084 1495; x_wconf 87' lang='lat' dir='ltr'>at</span> <span class='ocrx_word' id='word_1_185' title='bbox 1115 1458 1290 1494; x_wconf 85' lang='lat' dir='ltr'>Romano</span> <span class='ocrx_word' id='word_1_186' title='bbox 1315 1457 1443 1507; x_wconf 83' lang='lat' dir='ltr'>generi</span> <span class='ocrx_word' id='word_1_187' title='bbox 1476 1458 1685 1507; x_wconf 78' lang='lat' dir='ltr'>exprobra-</span> 
     </span>
     <span class='ocr_line' id='line_1_21' title="bbox 227 1517 1682 1571; baseline 0.003 -18"><span class='ocrx_word' id='word_1_188' title='bbox 227 1517 281 1553; x_wconf 89' lang='lat' dir='ltr'>tio</span> <span class='ocrx_word' id='word_1_189' title='bbox 297 1517 429 1567; x_wconf 81' lang='lat' dir='ltr'>ingens</span> <span class='ocrx_word' id='word_1_190' title='bbox 447 1519 566 1558; x_wconf 81' lang='lat' dir='ltr'>fleret.</span> <span class='ocrx_word' id='word_1_191' title='bbox 623 1521 821 1571; x_wconf 88' lang='lat' dir='ltr'>Siquidem</span> <span class='ocrx_word' id='word_1_192' title='bbox 838 1521 923 1570; x_wconf 83' lang='lat' dir='ltr'>ejus</span> <span class='ocrx_word' id='word_1_193' title='bbox 953 1521 1088 1566; x_wconf 90' lang='lat' dir='ltr'>ductu,</span> <span class='ocrx_word' id='word_1_194' title='bbox 1111 1528 1152 1558; x_wconf 92' lang='lat' dir='ltr'>ut</span> <span class='ocrx_word' id='word_1_195' title='bbox 1181 1521 1230 1558; x_wconf 88' lang='lat' dir='ltr'>ab</span> <span class='ocrx_word' id='word_1_196' title='bbox 1260 1520 1468 1558; x_wconf 86' lang='lat' dir='ltr'>illustribus</span> <span class='ocrx_word' id='word_1_197' title='bbox 1501 1521 1682 1559; x_wconf 80' lang='lat' dir='ltr'>traditum</span> 
     </span>
     <span class='ocr_line' id='line_1_22' title="bbox 229 1583 1685 1634; baseline 0.004 -16"><span class='ocrx_word' id='word_1_198' title='bbox 229 1588 283 1618; x_wconf 74' lang='lat' dir='ltr'>est</span> <span class='ocrx_word' id='word_1_199' title='bbox 311 1583 549 1628; x_wconf 90' lang='lat' dir='ltr'>auctoribus,</span> <span class='ocrx_word' id='word_1_200' title='bbox 573 1584 755 1622; x_wconf 89' lang='lat' dir='ltr'>undecies</span> <span class='ocrx_word' id='word_1_201' title='bbox 783 1593 944 1623; x_wconf 86' lang='lat' dir='ltr'>centena</span> <span class='ocrx_word' id='word_1_202' title='bbox 971 1593 1009 1624; x_wconf 86' lang='lat' dir='ltr'>et</span> <span class='ocrx_word' id='word_1_203' title='bbox 1040 1586 1249 1634; x_wconf 76' lang='lat' dir='ltr'>nonaginta</span> <span class='ocrx_word' id='word_1_204' title='bbox 1280 1585 1357 1622; x_wconf 91' lang='lat' dir='ltr'>duo</span> <span class='ocrx_word' id='word_1_205' title='bbox 1387 1585 1486 1623; x_wconf 88' lang='lat' dir='ltr'>milia</span> <span class='ocrx_word' id='word_1_206' title='bbox 1523 1585 1685 1624; x_wconf 82' lang='lat' dir='ltr'>hostium</span> 
     </span>
     <span class='ocr_line' id='line_1_23' title="bbox 229 1649 1687 1699; baseline 0.002 -18"><span class='ocrx_word' id='word_1_207' title='bbox 229 1658 327 1682; x_wconf 73' lang='lat' dir='ltr'>caesa</span> <span class='ocrx_word' id='word_1_208' title='bbox 349 1655 459 1684; x_wconf 88' lang='lat' dir='ltr'>sunt:</span> <span class='ocrx_word' id='word_1_209' title='bbox 477 1655 515 1685; x_wconf 92' lang='lat' dir='ltr'>et</span> <span class='ocrx_word' id='word_1_210' title='bbox 530 1650 702 1697; x_wconf 89' lang='lat' dir='ltr'>sequitur</span> <span class='ocrx_word' id='word_1_211' title='bbox 715 1657 902 1699; x_wconf 87' lang='lat' dir='ltr'>quantum</span> <span class='ocrx_word' id='word_1_212' title='bbox 925 1650 1034 1687; x_wconf 86' lang='lat' dir='ltr'>bellis</span> <span class='ocrx_word' id='word_1_213' title='bbox 1056 1650 1231 1688; x_wconf 84' lang='lat' dir='ltr'>civilibus</span> <span class='ocrx_word' id='word_1_214' title='bbox 1247 1649 1417 1686; x_wconf 72' lang='lat' dir='ltr'>⁵&gt;vi‹t‹÷rit</span> <span class='ocrx_word' id='word_1_215' title='bbox 1431 1649 1553 1687; x_wconf 87' lang='lat' dir='ltr'>noluit</span> <span class='ocrx_word' id='word_1_216' title='bbox 1567 1662 1687 1686; x_wconf 81' lang='lat' dir='ltr'>anno-</span> 
     </span>
     <span class='ocr_line' id='line_1_24' title="bbox 229 1709 1688 1763; baseline 0.003 -18"><span class='ocrx_word' id='word_1_217' title='bbox 229 1709 321 1746; x_wconf 86' lang='lat' dir='ltr'>tari:</span> <span class='ocrx_word' id='word_1_218' title='bbox 357 1711 611 1760; x_wconf 85' lang='lat' dir='ltr'>triumphavit</span> <span class='ocrx_word' id='word_1_219' title='bbox 631 1719 779 1762; x_wconf 85' lang='lat' dir='ltr'>quater,</span> <span class='ocrx_word' id='word_1_220' title='bbox 810 1720 850 1750; x_wconf 90' lang='lat' dir='ltr'>ut</span> <span class='ocrx_word' id='word_1_221' title='bbox 881 1713 959 1752; x_wconf 87' lang='lat' dir='ltr'>fere</span> <span class='ocrx_word' id='word_1_222' title='bbox 979 1727 1110 1751; x_wconf 85' lang='lat' dir='ltr'>onmes</span> <span class='ocrx_word' id='word_1_223' title='bbox 1135 1721 1224 1750; x_wconf 90' lang='lat' dir='ltr'>sunt</span> <span class='ocrx_word' id='word_1_224' title='bbox 1249 1721 1442 1763; x_wconf 83' lang='lat' dir='ltr'>auctores,</span> <span class='ocrx_word' id='word_1_225' title='bbox 1463 1720 1502 1751; x_wconf 87' lang='lat' dir='ltr'>et</span> <span class='ocrx_word' id='word_1_226' title='bbox 1519 1712 1688 1751; x_wconf 52' lang='lat' dir='ltr'>6*centu-</span> 
     </span>
     <span class='ocr_line' id='line_1_25' title="bbox 229 1773 1686 1828; baseline 0.005 -20"><span class='ocrx_word' id='word_1_227' title='bbox 229 1773 352 1810; x_wconf 88' lang='lat' dir='ltr'>riones</span> <span class='ocrx_word' id='word_1_228' title='bbox 373 1773 527 1812; x_wconf 87' lang='lat' dir='ltr'>tradunt</span> <span class='ocrx_word' id='word_1_229' title='bbox 557 1776 774 1827; x_wconf 82' lang='lat' dir='ltr'>quinquies.</span> <span class='ocrx_word' id='word_1_230' title='bbox 834 1778 980 1815; x_wconf 83' lang='lat' dir='ltr'>Primus</span> <span class='ocrx_word' id='word_1_231' title='bbox 1013 1778 1226 1827; x_wconf 80' lang='lat' dir='ltr'>triumphus</span> <span class='ocrx_word' id='word_1_232' title='bbox 1259 1776 1330 1814; x_wconf 87' lang='lat' dir='ltr'>suit</span> <span class='ocrx_word' id='word_1_233' title='bbox 1351 1777 1399 1814; x_wconf 85' lang='lat' dir='ltr'>de</span> <span class='ocrx_word' id='word_1_234' title='bbox 1420 1777 1546 1815; x_wconf 69' lang='lat' dir='ltr'>(jallia</span> <span class='ocrx_word' id='word_1_235' title='bbox 1572 1783 1686 1828; x_wconf 83' lang='lat' dir='ltr'>utque</span> 
     </span>
     <span class='ocr_line' id='line_1_26' title="bbox 229 1836 1686 1891; baseline 0.003 -18"><span class='ocrx_word' id='word_1_236' title='bbox 229 1836 438 1882; x_wconf 86' lang='lat' dir='ltr'>Britannia,</span> <span class='ocrx_word' id='word_1_237' title='bbox 461 1839 570 1889; x_wconf 87' lang='lat' dir='ltr'>isque</span> <span class='ocrx_word' id='word_1_238' title='bbox 590 1842 762 1877; x_wconf 86' lang='lat' dir='ltr'>omnium</span> <span class='ocrx_word' id='word_1_239' title='bbox 777 1841 1027 1879; x_wconf 82' lang='lat' dir='ltr'>clarissimus:</span> <span class='ocrx_word' id='word_1_240' title='bbox 1051 1841 1245 1879; x_wconf 88' lang='lat' dir='ltr'>secundus</span> <span class='ocrx_word' id='word_1_241' title='bbox 1266 1841 1314 1878; x_wconf 88' lang='lat' dir='ltr'>de</span> <span class='ocrx_word' id='word_1_242' title='bbox 1332 1842 1522 1891; x_wconf 76' lang='lat' dir='ltr'>AEgypto:</span> <span class='ocrx_word' id='word_1_243' title='bbox 1555 1842 1686 1878; x_wconf 73' lang='lat' dir='ltr'>tertius</span> 
     </span>
     <span class='ocr_line' id='line_1_27' title="bbox 229 1899 1686 1955; baseline 0.003 -18"><span class='ocrx_word' id='word_1_244' title='bbox 229 1899 279 1936; x_wconf 83' lang='lat' dir='ltr'>de</span> <span class='ocrx_word' id='word_1_245' title='bbox 307 1901 502 1939; x_wconf 84' lang='lat' dir='ltr'>Pharnace</span> <span class='ocrx_word' id='word_1_246' title='bbox 538 1909 577 1940; x_wconf 90' lang='lat' dir='ltr'>et</span> <span class='ocrx_word' id='word_1_247' title='bbox 616 1903 755 1941; x_wconf 88' lang='lat' dir='ltr'>Ponto:</span> <span class='ocrx_word' id='word_1_248' title='bbox 793 1911 952 1955; x_wconf 90' lang='lat' dir='ltr'>quartus</span> <span class='ocrx_word' id='word_1_249' title='bbox 987 1905 1035 1942; x_wconf 86' lang='lat' dir='ltr'>de</span> <span class='ocrx_word' id='word_1_250' title='bbox 1063 1906 1166 1944; x_wconf 85' lang='lat' dir='ltr'>Juba</span> <span class='ocrx_word' id='word_1_251' title='bbox 1199 1912 1238 1942; x_wconf 90' lang='lat' dir='ltr'>et</span> <span class='ocrx_word' id='word_1_252' title='bbox 1270 1905 1422 1943; x_wconf 79' lang='lat' dir='ltr'>Africa:</span> <span class='ocrx_word' id='word_1_253' title='bbox 1454 1906 1607 1955; x_wconf 87' lang='lat' dir='ltr'>quintus</span> <span class='ocrx_word' id='word_1_254' title='bbox 1640 1905 1686 1942; x_wconf 79' lang='lat' dir='ltr'>(le</span> 
     </span>
     <span class='ocr_line' id='line_1_28' title="bbox 231 1963 1684 2019; baseline 0.003 -19"><span class='ocrx_word' id='word_1_255' title='bbox 231 1963 429 2013; x_wconf 81' lang='lat' dir='ltr'>Hispania.</span> <span class='ocrx_word' id='word_1_256' title='bbox 485 1967 569 2016; x_wconf 84' lang='lat' dir='ltr'>Ego</span> <span class='ocrx_word' id='word_1_257' title='bbox 603 1980 692 2004; x_wconf 82' lang='lat' dir='ltr'>vero</span> <span class='ocrx_word' id='word_1_258' title='bbox 722 1967 904 2006; x_wconf 77' lang='lat' dir='ltr'>adderem</span> <span class='ocrx_word' id='word_1_259' title='bbox 934 1968 992 2006; x_wconf 85' lang='lat' dir='ltr'>his</span> <span class='ocrx_word' id='word_1_260' title='bbox 1023 1975 1171 2006; x_wconf 82' lang='lat' dir='ltr'>sextum</span> <span class='ocrx_word' id='word_1_261' title='bbox 1206 1969 1253 2006; x_wconf 86' lang='lat' dir='ltr'>de</span> <span class='ocrx_word' id='word_1_262' title='bbox 1278 1969 1456 2012; x_wconf 68' lang='lat' dir='ltr'>Massilia,</span> <span class='ocrx_word' id='word_1_263' title='bbox 1479 1969 1546 2006; x_wconf 80' lang='lat' dir='ltr'>nisi</span> <span class='ocrx_word' id='word_1_264' title='bbox 1578 1967 1684 2019; x_wconf 87' lang='lat' dir='ltr'>quod</span> 
     </span>
     <span class='ocr_line' id='line_1_29' title="bbox 229 2026 1686 2080; baseline 0.005 -17"><span class='ocrx_word' id='word_1_265' title='bbox 229 2027 389 2064; x_wconf 80' lang='lat' dir='ltr'>forsitan</span> <span class='ocrx_word' id='word_1_266' title='bbox 408 2026 503 2065; x_wconf 81' lang='lat' dir='ltr'>⁶¹liis</span> <span class='ocrx_word' id='word_1_267' title='bbox 536 2030 754 2080; x_wconf 83' lang='lat' dir='ltr'>triumphus</span> <span class='ocrx_word' id='word_1_268' title='bbox 775 2033 847 2069; x_wconf 90' lang='lat' dir='ltr'>sub</span> <span class='ocrx_word' id='word_1_269' title='bbox 868 2033 1025 2070; x_wconf 81' lang='lat' dir='ltr'>Gallico</span> <span class='ocrx_word' id='word_1_270' title='bbox 1045 2033 1286 2070; x_wconf 87' lang='lat' dir='ltr'>continetur:</span> <span class='ocrx_word' id='word_1_271' title='bbox 1318 2045 1404 2069; x_wconf 87' lang='lat' dir='ltr'>nam</span> <span class='ocrx_word' id='word_1_272' title='bbox 1431 2032 1479 2069; x_wconf 85' lang='lat' dir='ltr'>de</span> <span class='ocrx_word' id='word_1_273' title='bbox 1514 2032 1686 2070; x_wconf 83' lang='lat' dir='ltr'>Massilia</span> 
     </span>
     <span class='ocr_line' id='line_1_30' title="bbox 230 2091 1684 2145; baseline 0.004 -19"><span class='ocrx_word' id='word_1_274' title='bbox 230 2091 338 2128; x_wconf 80' lang='lat' dir='ltr'>illum</span> <span class='ocrx_word' id='word_1_275' title='bbox 369 2092 626 2142; x_wconf 84' lang='lat' dir='ltr'>triumphasse</span> <span class='ocrx_word' id='word_1_276' title='bbox 657 2107 731 2131; x_wconf 88' lang='lat' dir='ltr'>non</span> <span class='ocrx_word' id='word_1_277' title='bbox 752 2102 808 2132; x_wconf 87' lang='lat' dir='ltr'>est</span> <span class='ocrx_word' id='word_1_278' title='bbox 828 2095 986 2132; x_wconf 91' lang='lat' dir='ltr'>dubium</span> <span class='ocrx_word' id='word_1_279' title='bbox 1009 2096 1206 2145; x_wconf 85' lang='lat' dir='ltr'>cuiquam,</span> <span class='ocrx_word' id='word_1_280' title='bbox 1238 2096 1304 2145; x_wconf 92' lang='lat' dir='ltr'>qui</span> <span class='ocrx_word' id='word_1_281' title='bbox 1324 2095 1546 2132; x_wconf 83' lang='lat' dir='ltr'>acerrimam</span> <span class='ocrx_word' id='word_1_282' title='bbox 1580 2095 1684 2132; x_wconf 85' lang='lat' dir='ltr'>illam</span> 
     </span>
     <span class='ocr_line' id='line_1_31' title="bbox 229 2154 1684 2208; baseline 0.003 -16"><span class='ocrx_word' id='word_1_283' title='bbox 229 2154 425 2192; x_wconf 82' lang='lat' dir='ltr'>Ciceronis</span> <span class='ocrx_word' id='word_1_284' title='bbox 455 2155 503 2192; x_wconf 88' lang='lat' dir='ltr'>de</span> <span class='ocrx_word' id='word_1_285' title='bbox 534 2157 684 2194; x_wconf 77' lang='lat' dir='ltr'>Caesare</span> <span class='ocrx_word' id='word_1_286' title='bbox 719 2157 912 2207; x_wconf 85' lang='lat' dir='ltr'>loquentis</span> <span class='ocrx_word' id='word_1_287' title='bbox 934 2159 1214 2208; x_wconf 83' lang='lat' dir='ltr'>querimoniam</span> <span class='ocrx_word' id='word_1_288' title='bbox 1248 2159 1283 2196; x_wconf 92' lang='lat' dir='ltr'>in</span> <span class='ocrx_word' id='word_1_289' title='bbox 1318 2159 1425 2196; x_wconf 84' lang='lat' dir='ltr'>libris</span> <span class='ocrx_word' id='word_1_290' title='bbox 1458 2158 1684 2197; x_wconf 83' lang='lat' dir='ltr'>Officiorum</span> 
     </span>
     <span class='ocr_line' id='line_1_32' title="bbox 230 2218 1686 2272; baseline 0.003 -17"><span class='ocrx_word' id='word_1_291' title='bbox 230 2218 374 2267; x_wconf 81' lang='lat' dir='ltr'>legerit.</span> <span class='ocrx_word' id='word_1_292' title='bbox 434 2226 442 2239; x_wconf 91' lang='lat'><em>‘</em></span> <span class='ocrx_word' id='word_1_293' title='bbox 460 2220 640 2265; x_wconf 41' lang='lat' dir='ltr'>vexati&amp;</span> <span class='ocrx_word' id='word_1_294' title='bbox 662 2222 797 2271; x_wconf 88' lang='lat' dir='ltr'>inquit,</span> <span class='ocrx_word' id='word_1_295' title='bbox 825 2228 833 2242; x_wconf 85' lang='lat'>‘</span> <span class='ocrx_word' id='word_1_296' title='bbox 849 2235 893 2259; x_wconf 89' lang='lat' dir='ltr'>ac</span> <span class='ocrx_word' id='word_1_297' title='bbox 913 2223 1071 2272; x_wconf 82' lang='lat' dir='ltr'>perditis</span> <span class='ocrx_word' id='word_1_298' title='bbox 1101 2223 1318 2260; x_wconf 86' lang='lat' dir='ltr'>nationibus</span> <span class='ocrx_word' id='word_1_299' title='bbox 1347 2223 1526 2267; x_wconf 76' lang='lat' dir='ltr'>externis,</span> <span class='ocrx_word' id='word_1_300' title='bbox 1547 2222 1595 2260; x_wconf 88' lang='lat' dir='ltr'>ad</span> <span class='ocrx_word' id='word_1_301' title='bbox 1623 2236 1686 2260; x_wconf 79' lang='lat' dir='ltr'>ex·</span> 
     </span>
     <span class='ocr_line' id='line_1_33' title="bbox 228 2283 1681 2338; baseline 0.003 -20"><span class='ocrx_word' id='word_1_302' title='bbox 228 2283 395 2332; x_wconf 86' lang='lat' dir='ltr'>emplum</span> <span class='ocrx_word' id='word_1_303' title='bbox 417 2284 546 2320; x_wconf 78' lang='lat' dir='ltr'>amissi</span> <span class='ocrx_word' id='word_1_304' title='bbox 572 2285 719 2333; x_wconf 83' lang='lat' dir='ltr'>imperii</span> <span class='ocrx_word' id='word_1_305' title='bbox 751 2286 894 2335; x_wconf 89' lang='lat' dir='ltr'>portari</span> <span class='ocrx_word' id='word_1_306' title='bbox 927 2287 962 2323; x_wconf 92' lang='lat' dir='ltr'>in</span> <span class='ocrx_word' id='word_1_307' title='bbox 993 2288 1188 2338; x_wconf 81' lang='lat' dir='ltr'>triumpho</span> <span class='ocrx_word' id='word_1_308' title='bbox 1212 2287 1420 2324; x_wconf 82' lang='lat' dir='ltr'>Massiliam</span> <span class='ocrx_word' id='word_1_309' title='bbox 1443 2287 1620 2332; x_wconf 80' lang='lat' dir='ltr'>vidimus,</span> <span class='ocrx_word' id='word_1_310' title='bbox 1647 2294 1681 2323; x_wconf 71' lang='lat' dir='ltr'>et</span> 
     </span>
     <span class='ocr_line' id='line_1_34' title="bbox 228 2349 1682 2402; baseline 0.002 -18"><span class='ocrx_word' id='word_1_311' title='bbox 228 2361 273 2384; x_wconf 83' lang='lat' dir='ltr'>ex</span> <span class='ocrx_word' id='word_1_312' title='bbox 307 2361 351 2385; x_wconf 89' lang='lat' dir='ltr'>ea</span> <span class='ocrx_word' id='word_1_313' title='bbox 381 2349 473 2386; x_wconf 85' lang='lat' dir='ltr'>urbe</span> <span class='ocrx_word' id='word_1_314' title='bbox 503 2350 742 2399; x_wconf 89' lang='lat' dir='ltr'>triumphari,</span> <span class='ocrx_word' id='word_1_315' title='bbox 764 2351 841 2388; x_wconf 88' lang='lat' dir='ltr'>sine</span> <span class='ocrx_word' id='word_1_316' title='bbox 874 2365 951 2401; x_wconf 88' lang='lat' dir='ltr'>qua</span> <span class='ocrx_word' id='word_1_317' title='bbox 980 2366 1176 2402; x_wconf 85' lang='lat' dir='ltr'>nunquam</span> <span class='ocrx_word' id='word_1_318' title='bbox 1208 2352 1324 2388; x_wconf 84' lang='lat' dir='ltr'>nostri</span> <span class='ocrx_word' id='word_1_319' title='bbox 1357 2351 1604 2400; x_wconf 84' lang='lat' dir='ltr'>imperatores</span> <span class='ocrx_word' id='word_1_320' title='bbox 1638 2365 1682 2387; x_wconf 76' lang='lat' dir='ltr'>cx</span> 
     </span>
     <span class='ocr_line' id='line_1_35' title="bbox 227 2411 1685 2463; baseline 0.004 -17"><span class='ocrx_word' id='word_1_321' title='bbox 227 2411 465 2460; x_wconf 70' lang='lat' dir='ltr'>transalpinis</span> <span class='ocrx_word' id='word_1_322' title='bbox 486 2412 592 2449; x_wconf 83' lang='lat' dir='ltr'>bellis</span> <span class='ocrx_word' id='word_1_323' title='bbox 622 2414 935 2463; x_wconf 78' lang='lat' dir='ltr'>triumpharuntz&#39;</span> <span class='ocrx_word' id='word_1_324' title='bbox 965 2415 1012 2452; x_wconf 82' lang='lat' dir='ltr'>de</span> <span class='ocrx_word' id='word_1_325' title='bbox 1041 2415 1243 2452; x_wconf 81' lang='lat' dir='ltr'>Thessalia</span> <span class='ocrx_word' id='word_1_326' title='bbox 1261 2421 1299 2451; x_wconf 89' lang='lat' dir='ltr'>et</span> <span class='ocrx_word' id='word_1_327' title='bbox 1318 2414 1454 2463; x_wconf 81' lang='lat' dir='ltr'>Tapso</span> <span class='ocrx_word' id='word_1_328' title='bbox 1474 2422 1513 2451; x_wconf 86' lang='lat' dir='ltr'>et</span> <span class='ocrx_word' id='word_1_329' title='bbox 1536 2415 1685 2452; x_wconf 72' lang='lat' dir='ltr'>‘Munda</span> 
     </span>
     <span class='ocr_line' id='line_1_36' title="bbox 232 2474 1684 2528; baseline 0.003 -19"><span class='ocrx_word' id='word_1_330' title='bbox 232 2474 401 2510; x_wconf 79' lang='lat' dir='ltr'>victoria:</span> <span class='ocrx_word' id='word_1_331' title='bbox 423 2475 603 2523; x_wconf 87' lang='lat' dir='ltr'>ingentes,</span> <span class='ocrx_word' id='word_1_332' title='bbox 627 2477 692 2513; x_wconf 83' lang='lat' dir='ltr'>sed</span> <span class='ocrx_word' id='word_1_333' title='bbox 713 2479 932 2528; x_wconf 78' lang='lat' dir='ltr'>trium-plius</span> <span class='ocrx_word' id='word_1_334' title='bbox 952 2479 1096 2516; x_wconf 86' lang='lat' dir='ltr'>nullus:</span> <span class='ocrx_word' id='word_1_335' title='bbox 1131 2478 1246 2515; x_wconf 79' lang='lat' dir='ltr'>veteri</span> <span class='ocrx_word' id='word_1_336' title='bbox 1266 2478 1363 2515; x_wconf 90' lang='lat' dir='ltr'>enim</span> <span class='ocrx_word' id='word_1_337' title='bbox 1387 2491 1491 2514; x_wconf 89' lang='lat' dir='ltr'>more</span> <span class='ocrx_word' id='word_1_338' title='bbox 1513 2478 1684 2515; x_wconf 83' lang='lat' dir='ltr'>Romano</span> 
     </span>
     <span class='ocr_line' id='line_1_37' title="bbox 230 2538 1684 2591; baseline 0.003 -18"><span class='ocrx_word' id='word_1_339' title='bbox 230 2550 422 2588; x_wconf 85' lang='lat' dir='ltr'>uunquam</span> <span class='ocrx_word' id='word_1_340' title='bbox 465 2538 679 2588; x_wconf 81' lang='lat' dir='ltr'>triumphus</span> <span class='ocrx_word' id='word_1_341' title='bbox 709 2540 812 2577; x_wconf 83' lang='lat' dir='ltr'>civili</span> <span class='ocrx_word' id='word_1_342' title='bbox 848 2542 1030 2590; x_wconf 76' lang='lat' dir='ltr'>sanguine</span> <span class='ocrx_word' id='word_1_343' title='bbox 1058 2541 1314 2591; x_wconf 42' lang='lat' dir='ltr'>quaxn-ebatur.</span> <span class='ocrx_word' id='word_1_344' title='bbox 1374 2541 1445 2578; x_wconf 87' lang='lat' dir='ltr'>Hic</span> <span class='ocrx_word' id='word_1_345' title='bbox 1471 2541 1584 2590; x_wconf 81' lang='lat' dir='ltr'>igitur</span> <span class='ocrx_word' id='word_1_346' title='bbox 1623 2542 1684 2577; x_wconf 87' lang='lat' dir='ltr'>tri-</span> 
     </span>
    </p>
   </div>
   <div class='ocr_carea' id='block_1_3' title="bbox 231 2685 1683 2785">
    <p class='ocr_par' dir='ltr' id='par_1_4' title="bbox 231 2685 1683 2785">
     <span class='ocr_line' id='line_1_38' title="bbox 274 2685 1683 2729; baseline 0.003 -14"><span class='ocrx_word' id='word_1_347' title='bbox 274 2688 314 2715; x_wconf 81' lang='grc'>58</span> <span class='ocrx_word' id='word_1_348' title='bbox 337 2685 453 2723; x_wconf 82' lang='lat' dir='ltr'>Forte,</span> <span class='ocrx_word' id='word_1_349' title='bbox 469 2694 529 2715; x_wconf 82' lang='lat' dir='ltr'>non</span> <span class='ocrx_word' id='word_1_350' title='bbox 550 2687 736 2719; x_wconf 71' lang='lat' dir='ltr'>modo.-59</span> <span class='ocrx_word' id='word_1_351' title='bbox 759 2688 1083 2729; x_wconf 70' lang='lat' dir='ltr'>Forte‚ca·sisuerinc</span> <span class='ocrx_word' id='word_1_352' title='bbox 1103 2690 1331 2721; x_wconf 45' lang='lat' dir='ltr'>nolueras-450</span> <span class='ocrx_word' id='word_1_353' title='bbox 1356 2690 1468 2728; x_wconf 67' lang='lat' dir='ltr'>forto,</span> <span class='ocrx_word' id='word_1_354' title='bbox 1484 2688 1683 2720; x_wconf 35' lang='lat' dir='ltr'>amimea—-</span> 
     </span>
     <span class='ocr_line' id='line_1_39' title="bbox 231 2744 599 2785; baseline 0.005 -10"><span class='ocrx_word' id='word_1_355' title='bbox 231 2748 266 2775; x_wconf 79' lang='lat' dir='ltr'>ot</span> <span class='ocrx_word' id='word_1_356' title='bbox 299 2745 398 2785; x_wconf 75' lang='lat' dir='ltr'>Lege,</span> <span class='ocrx_word' id='word_1_357' title='bbox 414 2744 477 2784; x_wconf 72' lang='lat' dir='ltr'>hic,</span> <span class='ocrx_word' id='word_1_358' title='bbox 493 2745 544 2776; x_wconf 84' lang='lat' dir='ltr'>vel</span> <span class='ocrx_word' id='word_1_359' title='bbox 562 2747 599 2777; x_wconf 77' lang='lat' dir='ltr'>is.</span> 
     </span>
    </p>
   </div>
  </div>
 </body>
</html>
