1850 3109
261 180 374 226 1634

263 287 338 327 sed,
352 295 468 319 eornm
482 286 600 318 &riute
626 291 784 327 respectu
813 285 968 317 remotio·

265 339 309 371 ris
325 340 442 369 s'aesar.
489 336 577 367 Vide
594 346 668 377 qnae
694 345 796 375 supra
820 335 863 365 ad
887 344 966 366 vin.

262 394 315 422 51.
352 389 596 420 annotavimus.
665 385 740 417 Nisi
778 384 866 415 forte
906 394 966 424 pro

261 450 366 472 eorum
393 440 487 471 lovon
506 438 572 467 'niu
596 437 638 466 sit
662 442 832 466 insonum.
858 434 964 464 Clark.

266 491 392 522 Virtute
408 500 487 519 curu.
503 503 509 516 ι
532 488 610 517 NIss.
632 486 799 526 plerique.

305 539 429 580 Inopia]
474 539 597 568 'odires
614 535 763 566 nonnulli
777 534 826 571 (in
844 534 964 575 quibus

261 594 281 622 4
298 590 480 623 Gallicani,
505 587 599 617 L‹·id.
624 595 693 616 sec.
722 583 850 624 Dorv.)
866 584 965 624 copia

251 641 368 676 fretos.
412 638 477 669 Sed
497 647 576 667 vera
599 642 651 667 est
681 635 821 673 vulgata
848 634 963 665 lectio.

261 691 311 721 Eo
324 689 408 726 freti
437 693 533 718 eraut
559 686 756 724 adversarii,
778 685 866 726 quod
892 686 964 716 (Tae-

259 740 391 771 sareani
402 739 504 779 inopia
519 747 614 778 aquae
628 736 839 767 laborabant.
858 736 964 766 Clurlc.

302 793 319 821 7
346 798 408 820 xvr
435 789 522 819 milia
536 785 699 827 passuum]
723 786 816 816 Bene
841 785 964 815 l‘etav.

259 845 295 871 et
318 839 412 871 Leid.
441 849 491 879 pr.
518 847 584 868 nou
602 839 787 874 agnoscunt
814 835 964 865 nltimam

259 900 380 922 vocem
410 889 588 929 aliquoties
610 897 628 917 a
645 886 793 917 librariis
818 885 964 915 inculca-

261 945 340 971 tam.
387 939 453 970 Adi
470 942 565 968 notas
581 936 622 966 ad
641 937 682 967 B.
699 936 791 966 Gall.
810 945 833 966 1.
853 939 903 966 15.

305 993 342 1021 1-1
373 988 543 1027 Vergilium
559 987 733 1026 amitteret]
766 986 820 1016 Si(-
838 985 964 1025 legitur

258 1040 291 1070 iu
310 1039 410 1071 editt.
440 1039 536 1069 Rom.
561 1038 648 1067 Ven.
674 1036 836 1067 Beroald.
861 1042 909 1075 et,
927 1040 965 1066 ut

258 1091 391 1130 opinor,
420 1088 558 1126 rectius,
577 1096 675 1127 quam
700 1087 732 1116 iu
759 1086 824 1116 Ms.
855 1086 963 1117 Norv.

262 1141 431 1180 Virgilium
447 1141 609 1171 desereret.
636 1138 749 1168 Davis.
784 1138 866 1168 Mss.
883 1146 964 1167 nou-

256 1192 353 1229 nulli,
365 1192 529 1221 desereret.
577 1187 677 1220 Quod
693 1192 745 1218 est
761 1187 963 1227 interpreta-

257 1246 420 1272 mentum.
455 1239 560 1270 flav-lc.
612 1238 695 1268 Mss.
725 1238 792 1268 mei
823 1244 858 1268 et
875 1237 962 1268 Edd.

258 1302 373 1322 omues
388 1294 583 1322 constanter
598 1290 768 1320 nminem.

300 1350 412 1373 Lxxx.
437 1346 455 1372 5
483 1341 578 1372 Trino
598 1338 762 1380 proesidio]
795 1339 835 1370 In
865 1338 960 1370 Leid.

257 1401 325 1423 sec.
359 1396 395 1423 et
428 1392 534 1422 Dorv.
568 1395 669 1431 atque
702 1389 788 1421 Edd.
820 1390 958 1421 Vascos.

254 1442 375 1482 Stepli.
415 1441 550 1481 Grypli.
587 1446 675 1481 post.
736 1440 868 1470 Stradae
908 1444 961 1470 est

257 1492 387 1530 Magno.
432 1492 497 1522 Sed
523 1491 556 1521 in
582 1491 669 1521 Scnl.
687 1499 742 1527 ιιι,
761 1495 796 1520 at
814 1490 846 1519 in
865 1489 959 1520 Leid.

255 1551 304 1580 pr.
339 1541 515 1572 cohortibus
551 1541 661 1571 tribus.
720 1540 825 1573 Quasi
858 1539 961 1570 fuerit

253 1592 422 1621 cohortium
439 1600 482 1621 ιιι
505 1591 661 1630 prasidio,
677 1590 740 1620 nisi
758 1590 846 1621 idem
862 1590 961 1627 signi-

255 1641 335 1672 ficet
358 1642 477 1672 trinum
500 1641 690 1681 proesidium.
736 1642 792 1671 De
809 1650 873 1682 quo
900 1640 960 1670 dn-

256 1690 328 1721 bito
343 1702 350 1728 ;
375 1695 410 1721 et
427 1694 545 1721 tacent
561 1691 777 1731 interpretes.

298 1744 318 1772 S
343 1742 472 1772 Postero
487 1741 538 1772 die
562 1744 591 1771 et
606 1744 693 1771 nocte
709 1740 862 1780 confecta]
895 1741 959 1772 Pe-

254 1793 422 1829 tavianus‚
435 1792 690 1831 Scaligeranus,
704 1791 877 1822 Leidensis
894 1791 959 1832 pri-

254 1852 340 1880 mus,
353 1841 502 1879 consecto.
536 1842 632 1871 Bene
650 1841 904 1881 perSyllcpsiu,
921 1845 959 1871 ut

254 1903 283 1922 c.
315 1894 369 1922 20.
408 1891 544 1922 ‘oculos
571 1895 787 1931 mentemque
816 1890 959 1930 disposi-

254 1941 339 1971 tosz’
378 1941 476 1981 plura
502 1940 580 1971 vide
606 1940 648 1971 ad
676 1941 716 1971 B.
744 1941 835 1971 Gall.
863 1948 905 1971 11.
926 1943 955 1972 7.

251 1993 259 2007 ‘
280 1992 362 2022 viris
378 1990 608 2031 aedificiisque,
625 2000 707 2031 quos
721 1989 839 2020 adire!

296 2044 317 2071 9
341 2042 412 2072 Non
437 2042 524 2079 longe
539 2051 556 2070 a
579 2041 789 2070 castris—mn
803 2039 956 2079 passibus]

253 2091 381 2121 Mirum
414 2089 570 2121 Editores
601 2099 716 2120 omnes
746 2089 883 2129 fugisse,
915 2100 957 2120 ne

254 2141 375 2172 Latine
411 2140 544 2181 quidem
581 2140 644 2171 lioc
682 2140 822 2171 dictum.
882 2140 955 2170 Nec

251 2191 387 2231 quidem
408 2191 492 2221 ullus
509 2191 644 2226 dubito,
667 2191 745 2231 quin
771 2190 873 2230 istud,
888 2200 957 2229 non,

251 2251 294 2272 ex
332 2241 560 2272 Librarioruni
599 2240 769 2281 imperitia
807 2239 955 2270 fluxerit.

252 2292 329 2323 Qua
348 2290 489 2331 proinde
506 2291 620 2321 vocula
636 2291 763 2329 deleta,
776 2289 956 2328 legendnm

251 2342 340 2380 longe
356 2351 374 2370 a
390 2342 541 2371 castris—
551 2349 605 2371 MD
619 2340 770 2380 passibus.
809 2341 892 2371 Qua*
910 2341 956 2370 lo—

251 2392 344 2422 cutio
364 2393 489 2422 Caesari
505 2398 540 2422 et
560 2391 674 2421 llirtio
699 2391 798 2421 valde
816 2390 956 2421 t'aiuilia-

251 2442 307 2473 ris.
347 2442 434 2471 Vide
452 2452 527 2482 qua*
546 2451 648 2481 supra
665 2442 896 2471 annotavimus
913 2442 953 2471 ad

252 2502 284 2523 ν.
301 2495 353 2523 47.
369 2496 403 2522 et
421 2491 461 2522 ud
479 2502 507 2521 (·.
524 2494 575 2521 30.
595 2490 649 2520 ubi
675 2491 790 2520 similis
806 2491 956 2521 occurrit

252 2544 479 2574 Librarioruni
497 2553 602 2573 error.
629 2543 735 2572 Clurlc.
784 2543 873 2581 Lege
895 2552 952 2572 non

252 2595 380 2635 longius
397 2606 415 2626 a
432 2595 542 2625 castris
563 2595 861 2635 praesidioque—,nc
885 2606 953 2635 pas-

249 2644 344 2675 sibus.
391 2644 478 2675 vide
505 2654 609 2685 supra
638 2645 679 2675 ad
705 2654 734 2675 c.
760 2647 811 2675 30.
840 2645 952 2676 Dat-is.

249 2704 318 2726 cur.
335 2704 404 2725 sec.

295 2747 334 2777 12
372 2745 480 2777 Milite
507 2745 544 2776 ab
571 2755 660 2787 opere
686 2746 828 2786 deducto]
866 2746 952 2778 Haec

733 189 875 222 NOTAE
911 188 1173 221 VARIORUM
1209 187 1258 219 ΙΝ

1020 286 1122 316 lectio
1139 290 1189 316 est
1207 295 1224 315 a
1241 284 1307 315 Ms.
1326 283 1466 314 Norvic.
1493 287 1528 314 et
1543 282 1642 314 editt.
1657 282 1721 314 Be.

1019 337 1124 367 roald.
1154 336 1363 375 eandemque
1393 343 1434 365 ex
1464 333 1569 365 Codd.
1597 333 1720 365 Gallie.

1019 386 1165 416 asseruit
1191 386 1290 418 Joan.
1315 384 1504 415 (ioduiuus.
1528 383 1723 423 vulgami-

1016 435 1087 465 lites
1111 435 1149 466 ab
1175 445 1265 475 opere
1290 436 1448 470 deductos,
1473 443 1538 472 quo
1563 433 1662 464 modo
1693 433 1722 464 si

1016 487 1120 524 legas,
1154 496 1219 517 non
1251 492 1384 518 constat
1416 485 1566 525 σύνταξις.
1608 485 1721 517 Dacis.

1017 537 1151 570 Quibus
1166 538 1336 568 consentit
1352 538 1416 568 Ms.
1434 538 1572 576 Regius.
1596 537 1720 576 Vulgg.

1017 588 1131 619 milites
1145 588 1299 618 deductos.
1345 588 1430 620 Quae
1443 586 1614 618 sententia
1630 586 1722 616 nulla

1017 643 1080 669 est.
1106 638 1214 668 Clarlc.
1264 637 1362 668 Adde
1379 637 1417 667 iis
1433 637 1539 668 Codd.
1564 636 1722 667 Petavia·

1017 698 1095 719 uum
1113 693 1147 719 et
1164 688 1258 719 Leia.
1276 687 1473 719 secundum.

1060 738 1214 768 I’roesidio
1242 740 1412 778 Asprenate
1435 736 1627 777 proconsule]
1651 736 1721 767 No-

1015 798 1091 819 men
1116 790 1306 829 proconsulis
1328 792 1520 828 suspectum
1546 791 1599 817 est
1623 786 1721 818 Ciac·

1017 839 1126 876 conio,
1151 840 1248 880 eique
1276 838 1370 869 favet
1399 838 1495 869 Leid.
1519 847 1569 877 pr.
1596 837 1629 867 in
1653 846 1721 878 quo

1016 898 1081 918 non
1096 888 1475 928 conspicitmproesfflim
1500 887 1587 918 unde
1600 887 1721 927 aliquis

1016 937 1156 968 credere
1189 942 1301 977 posset
1331 938 1507 977 proconsule
1534 941 1651 967 natum
1677 945 1720 966 ex

1012 988 1159 1027 proesidio
1187 996 1270 1018 esse.
1316 986 1384 1017 Sed
1408 984 1547 1017 frustra.
1587 986 1718 1016 Procon-

1014 1039 1081 1068 sule
1107 1037 1248 1076 dicitur,
1276 1036 1331 1077 qui
1358 1035 1565 1075 proconsulari
1590 1035 1720 1075 imperio

1015 1091 1153 1127 praeest,
1165 1086 1246 1116 licet
1259 1085 1356 1116 inodo
1370 1085 1412 1115 sit
1423 1088 1607 1125 proproetor.
1627 1085 1718 1116 Hinc

1015 1146 1130 1167 rursus
1147 1146 1174 1167 c.
1192 1139 1244 1167 87.
1261 1137 1269 1152 ‘
1286 1135 1405 1166 Rebilo
1423 1136 1626 1174 proconsule
1641 1145 1716 1167 curn

1015 1195 1057 1216 ιιι
1092 1185 1281 1224 legionibus
1313 1185 1352 1215 ad
1383 1185 1550 1224 Thapsum
1578 1186 1720 1217 relicto!

1014 1245 1043 1266 c.
1073 1238 1126 1266 39.
1166 1237 1174 1252 ‘
1194 1235 1222 1266 A
1253 1235 1394 1266 Caninio
1421 1236 1635 1275 proconsule,
1658 1236 1716 1277 qui

1013 1295 1088 1316 eum
1107 1286 1299 1325 obsidebat,
1315 1284 1382 1316 fide
1397 1286 1566 1326 accepta.'
1611 1287 1717 1318 Plura

1012 1336 1088 1367 vide
1115 1337 1156 1368 ad
1182 1338 1221 1368 Β.
1247 1337 1320 1368 Civ.
1349 1346 1372 1367 ι.
1402 1339 1452 1368 12.
1498 1337 1570 1368 Cie.
1596 1347 1657 1377 pro
1678 1338 1715 1369 L.

1012 1388 1106 1418 Μιιιι.
1124 1399 1153 1418 c.
1170 1391 1222 1418 21.
1270 1388 1315 1418 Et
1342 1387 1390 1418 ita
1414 1396 1504 1427 saepe
1526 1391 1716 1427 proproetore

1012 1438 1054 1468 de
1071 1443 1253 1478 quaestore,
1280 1437 1332 1467 vel
1349 1446 1401 1475 eo,
1419 1437 1475 1477 qui
1499 1438 1624 1468 nullum
1643 1447 1716 1478 ges-

1012 1488 1054 1518 sit
1086 1488 1335 1527 magistratum,
1360 1492 1397 1518 ut
1422 1487 1603 1527 legendum
1628 1488 1715 1518 dixi-

1011 1547 1084 1568 mus
1103 1539 1140 1569 13.
1160 1538 1233 1568 civ.
1250 1547 1272 1568 ι.
1289 1541 1341 1569 30.

1056 1596 1179 1618 Lxxxx.
1199 1590 1214 1617 l
1241 1587 1347 1617 Aciem
1372 1597 1427 1627 pro
1452 1588 1529 1617 vallo
1546 1587 1714 1628 Scipim1i3‚

1010 1638 1243 1677 elephantosque
1268 1639 1378 1668 ‹texti-o
1409 1638 1595 1679 sinistroque
1619 1649 1714 1670 cornu

1008 1688 1182 1728 collocatos]
1206 1689 1367 1720 Nonnihil
1390 1689 1444 1719 hic
1471 1689 1610 1720 turbant
1626 1690 1712 1720 Msti

1010 1743 1045 1770 et
1061 1739 1247 1780 antiquitus
1260 1739 1387 1770 excusi.
1420 1739 1459 1770 In
1477 1740 1645 1770 nonnullis
1661 1745 1715 1772 est

1008 1791 1101 1821 aciem
1113 1794 1176 1830 pro
1185 1791 1264 1820 rallo
1276 1790 1441 1830 Scipionis,
1451 1790 1562 1820 castris
1575 1791 1714 1830 elephan-

1009 1841 1328 1880 tisque—collocatis;
1345 1840 1431 1871 unde
1456 1841 1592 1880 reponit
1609 1841 1709 1872 Joan.

1009 1890 1256 1931 Glandorpins,
1269 1891 1365 1921 aciem
1388 1900 1446 1930 pro
1461 1891 1540 1921 callo
1560 1890 1715 1931 Scipionis

1007 1941 1220 1981 instructam,
1243 1942 1412 1981 elephantis
1436 1943 1546 1972 dextro
1568 1941 1711 1972 sinistro-

1007 2002 1062 2032 que
1088 2003 1182 2022 cornu
1206 1992 1370 2022 collocatis.
1396 1992 1460 2022 Ms.
1488 1992 1595 2022 Norv.
1621 1992 1712 2022 exhi-

1009 2044 1067 2073 bet
1080 2053 1136 2083 pro
1153 2045 1230 2073 vallo
1253 2042 1417 2082 Scipionis,
1441 2046 1548 2073 contra
1570 2042 1711 2082 elephan-

1007 2094 1271 2129 tos—collocatos;
1287 2093 1335 2123 sic
1349 2100 1385 2123 et
1397 2093 1496 2123 editt.
1513 2094 1608 2123 Rom.
1622 2094 1708 2124 Ven.
1728 2119 1729 2122 ,

1007 2145 1164 2175 Beroald.
1199 2144 1260 2174 nisi
1294 2143 1382 2184 quod
1420 2143 1487 2173 illae
1515 2143 1708 2174 collocatum.

1007 2195 1072 2225 Sed
1090 2195 1139 2224 liis
1156 2194 1309 2225 omnibns
1333 2194 1475 2224 inultum
1499 2198 1641 2233 praestat
1657 2203 1710 2225 re-

1007 2251 1111 2286 cepta
1141 2246 1257 2276 lectio.
1293 2244 1403 2275 Dacis.
1442 2244 1522 2273 Mss.
1556 2243 1708 2274 nonnulli

1005 2297 1267 2327 aciem—contra
1293 2294 1477 2334 elephantos.
1523 2293 1592 2325 Alii
1610 2295 1729 2330 aciem,

1006 2346 1124 2377 castris
1136 2345 1370 2385 elephantisque.
1394 2345 1564 2384 Corrupte
1581 2355 1708 2378 ornnes.

1006 2396 1077 2426 Aut
1115 2395 1294 2426 retinenda
1324 2395 1462 2435 vulgata
1496 2395 1612 2434 lectio,
1647 2401 1708 2427 aut

1006 2445 1095 2477 forte
1116 2446 1295 2485 legendum
1319 2445 1707 2486 «cicun—iusrnucun,

1003 2496 1247 2535 elephantosque,
1261 2496 1313 2533 ‹IS-e.
1361 2495 1460 2527 Quod
1480 2495 1600 2534 pantini
1619 2496 1706 2527 vidit

1004 2545 1245 2584 Glaudorpius.
1272 2545 1379 2574 Clark.
1421 2544 1539 2574 Lectio
1557 2545 1706 2580 vnlaaris

1004 2602 1144 2634 recepta
1170 2605 1189 2624 a
1211 2594 1386 2633 Scaliger-0
1415 2599 1468 2624 est
1491 2603 1510 2624 e
1539 2594 1623 2626 Cod.
1643 2596 1706 2626 Ur-

1004 2645 1079 2682 sini,
1096 2655 1172 2675 (τιιιιι
1190 2645 1221 2675 in
1240 2645 1376 2674 Vascos.
1393 2644 1524 2683 Grypli.
1539 2645 1703 2684 stephan.

1004 2695 1101 2726 I’lan.
1120 2694 1206 2726 Edd.
1235 2700 1326 2725 essct
1351 2694 1464 2724 castris
1477 2694 1706 2734 elephantisque

1001 2745 1165 2777 collocatis.
1210 2744 1400 2776 I'riniarum
1416 2744 1504 2776 Edd.
1521 2749 1559 2776 ut
1581 2749 1615 2777 ct
1629 2745 1703 2776 Me-
