1850 3109
442 230 549 260 CAP.
579 217 650 259 76.
685 227 780 256 ΙᾸΒ.
815 225 878 255 DE
913 225 1068 254 nmmo
1101 225 1255 255 ALEX.

122 327 304 359 adventum
322 325 416 366 jubae
440 321 741 362 commovebatur,'
757 323 820 352 ἃς.

168 380 204 408 15
229 375 359 408 Fiducia
382 374 518 406 veterani
541 373 710 414 exercitus]
744 373 822 403 Hoc

124 427 242 458 ordine
259 426 416 465 leguntur
430 425 502 455 lraec
518 423 550 454 iu
570 423 651 454 Mss.
669 422 824 453 omuibus

121 482 157 508 et
184 476 269 507 Edd.
302 474 481 513 nonnullis,
507 483 574 504 non
602 473 740 504 veterani
761 472 823 514 fid.

123 527 189 558 Sed
207 526 288 557 Mss.
307 525 371 555 mei
391 534 506 555 omues
522 528 558 555 et
580 524 669 554 Edd.
695 524 824 565 primae‚

122 576 204 607 item
225 574 392 613 Bmoahli,
418 573 508 612 Aldi,
533 573 664 613 Grypli.
688 578 723 603 et
749 573 824 603 aliae

121 624 416 666 exliibentfiduciu
436 628 592 662 veterana,
613 624 666 654 vel
682 627 826 654 veterana

110 675 243 716 ffilucia.
287 674 388 707 Quod
412 684 478 705 non
504 674 686 705 admittere
712 680 824 705 tamen

122 725 243 756 ainaim.

164 777 245 807 Cum
268 773 402 815 legione]
440 775 546 806 Uncis
577 775 653 806 haec
684 774 825 805 inclusit

120 826 194 858 Jos.
231 826 396 865 Scaliger,
427 830 463 856 ct
495 835 576 856 sane
608 825 824 856 manifestum

120 882 186 917 est,
208 887 248 908 ea
272 877 375 907 verba
405 886 540 917 prorsus
563 876 739 907 abundare
766 880 826 906 aut

121 926 248 968 aliquid
278 927 341 957 sub
371 927 410 956 iis
439 923 569 957 latere:
603 925 704 965 legati
737 925 825 955 cuim

121 977 241 1018 procul
264 977 368 1007 dubio
397 977 533 1007 volucre
563 976 746 1007 Pharnacis
769 985 826 1006 ex-

122 1028 266 1058 ercitum
286 1036 367 1058 xxlr
385 1028 516 1058 vicibus
540 1027 572 1057 in
590 1027 662 1058 acie
687 1024 826 1057 conflix-

123 1079 202 1109 isse.
243 1079 358 1108 Duris.
418 1079 527 1109 Locus
558 1082 616 1108 aut
646 1082 826 1117 corruptus

121 1134 182 1161 aut
198 1138 348 1159 mancus.
381 1128 531 1167 Scaliger
547 1137 645 1158 voces
662 1128 743 1157 istas
758 1137 827 1157 cum

123 1178 243 1218 legione
259 1177 423 1208 delendas
439 1182 579 1215 censet3
603 1182 640 1207 ut
666 1177 753 1207 adeo
777 1177 826 1206 di-

122 1232 222 1260 eatur
250 1227 438 1258 Pharnacis
469 1227 642 1258 exereitus
671 1227 766 1257 vicies
796 1230 827 1257 et

122 1278 171 1309 bis
198 1288 274 1309 cum
300 1278 396 1308 hoste
422 1275 625 1308 conflixisse.
679 1278 765 1310 Quae
794 1286 827 1307 e-

123 1328 295 1359 mendatio
312 1337 376 1358 uon
394 1328 492 1358 mala.
538 1327 602 1358 Vel
626 1327 727 1358 etiam
752 1326 826 1358 fieri

122 1378 211 1410 forte
228 1379 361 1420 potuit;
379 1384 430 1418 ut,
446 1388 545 1419 quum
560 1378 723 1419 scriptum
739 1383 828 1408 esset

123 1430 285 1469 breviter,
312 1440 379 1460 cum
402 1430 463 1468 leg.
494 1437 588 1467 xxn,
615 1427 762 1459 feceriut
790 1428 826 1458 id

122 1480 252 1512 librarii
275 1490 342 1511 cum
363 1481 482 1519 legione
508 1479 649 1509 ricesima
674 1480 827 1514 semmua,-

124 1532 213 1573 quod
236 1530 350 1562 fuerat
373 1531 551 1571 legendum
567 1541 634 1561 cum
658 1530 829 1569 legionibus

125 1582 240 1622 viginti
259 1581 387 1612 duabus.
414 1581 520 1612 Clark.
565 1581 675 1612 Voces
699 1591 767 1611 cum
788 1582 828 1611 le-

121 1633 215 1672 gione
251 1633 382 1673 spurias
417 1642 492 1663 esse
529 1632 708 1663 declarant
746 1632 828 1663 Mss.

124 1683 249 1725 Scalig.
267 1683 362 1714 Leid.
386 1692 436 1723 pr.
458 1687 494 1713 et
512 1682 636 1713 Lovau.
653 1682 684 1712 in
710 1682 829 1722 quibus

125 1743 194 1765 non
210 1737 409 1773 comparent
427 1743 435 1770 ;
459 1737 668 1773 quapropter
686 1731 829 1762 librariis

125 1783 345 1815 redonentur.
408 1783 486 1813 Cum
519 1782 690 1821 legionibus
720 1782 830 1812 locum

125 1842 193 1865 non
208 1833 313 1864 habet
329 1833 453 1864 etiam:
480 1842 556 1863 nain
574 1832 675 1862 toties
701 1842 735 1862 se
753 1841 830 1863 con-

127 1882 256 1914 flixisse
277 1893 347 1913 eum
374 1881 534 1921 Romanis,
557 1891 682 1922 eosque
708 1882 830 1912 vicisse

126 1942 193 1964 non
216 1933 471 1974 gloriabantur;
498 1932 558 1963 sed
584 1942 653 1963 cum
677 1932 832 1973 quibust-is

126 1983 276 2016 hostibus.

169 2037 211 2066 22
243 2035 310 2070 Qun
345 2037 536 2075 praeruptam
565 2035 762 2065 descenderat
797 2035 831 2066 in

127 2085 252 2124 vallem]
286 2085 341 2116 Sic
373 2085 499 2125 primus
528 2085 637 2116 edidit
667 2085 830 2126 Scaliger,

131 2146 207 2167 cum
223 2140 323 2166 antea
339 2137 439 2176 vulgo
455 2137 629 2176 legeretur
645 2138 676 2167 iu
691 2137 832 2177 praelium

128 2186 336 2226 descenderat,
362 2187 469 2216 vallem
492 2187 696 2223 adscendere;
727 2192 830 2228 atque

129 2235 181 2267 ita
218 2236 301 2267 Mss.
338 2236 494 2277 plerique
531 2236 679 2275 habent3
717 2241 754 2268 et
784 2238 832 2268 ita

130 2287 346 2317 transcendere
361 2286 454 2316 valles
475 2286 515 2317 B.
531 2285 604 2317 Civ.
622 2295 647 2317 1.
668 2289 721 2318 68.
765 2288 832 2317 Ve-

128 2345 203 2367 rum
214 2336 302 2367 Edd.
311 2336 451 2367 Vascos.
462 2335 598 2377 Gryph.
612 2342 699 2376 post.
712 2337 832 2377 Steph.

128 2385 261 2417 Stradae
290 2386 408 2426 legunt
437 2386 471 2417 in
496 2390 689 2426 proeruptam
712 2388 833 2418 deseen-

127 2436 218 2467 derat
238 2436 358 2467 vallem.
403 2437 545 2468 Scilicet
570 2437 685 2468 deesse
708 2437 833 2479 aliquid

129 2490 239 2526 patet.
277 2487 345 2517 Ms.
364 2486 478 2518 Ursin.
498 2492 690 2529 praeruptam
703 2489 736 2520 in
753 2499 833 2529 proe-

130 2534 207 2566 lium
228 2537 425 2568 descenderat
449 2538 569 2569 vallem.
614 2539 734 2570 Petav.
753 2550 834 2580 μναῖ-

131 2589 256 2626 mptum
269 2588 303 2618 in
316 2588 457 2627 proelium
473 2590 553 2620 desc.
568 2591 688 2622 vallem.
732 2592 832 2623 Voss.

133 2635 167 2666 in
192 2641 351 2678 proerupta
379 2640 576 2670 descenderat
599 2641 686 2672 valle.
742 2642 832 2673 Hinc

134 2686 346 2718 scribendum
382 2690 516 2721 omnino
553 2691 711 2722 arbitror.
766 2692 834 2726 Quo

131 2740 290 2777 prerupta
308 2738 343 2768 in
360 2740 505 2779 proelium
525 2742 723 2773 descenderat
743 2743 834 2782 valle,

133 2796 179 2817 ex
196 2787 307 2819 verbis
329 2790 600 2829 praecedentibus
622 2792 734 2824 ‘inito
755 2801 833 2824 con-

1463 216 1480 255 l
1489 217 1572 257 575

873 321 948 352 silio
965 320 1146 351 dimicandi
1168 319 1378 351 descendere
1402 327 1578 362 praerupta

874 370 960 401 valle
981 369 1108 409 coepit.’

917 429 1024 452 Lxxv.
1041 424 1060 451 2
1089 419 1275 461 Oppressus]
1298 420 1382 450 Mss.
1400 420 1525 451 Eliens.
1542 425 1576 451 et

875 471 986 502 Vossii
1011 471 1175 511 obpressos,
1192 477 1229 503 ut
1254 470 1343 500 forte
1368 470 1433 510 legi
1458 471 1578 510 possit,

873 532 970 562 neque
1007 522 1196 562 opinantes,
1234 521 1485 561 imparatosque
1520 530 1579 561 op-

875 582 1020 613 pressos,
1055 573 1158 602 eadem
1195 575 1342 611 tempore,
1371 571 1423 610 8515.
1472 571 1579 602 Clark.

878 623 1045 662 Obpressus
1072 626 1234 652 exaratur
1261 622 1365 652 etiam
1396 621 1429 651 in
1458 621 1579 652 Petav.

876 673 955 704 Urs.
983 679 1016 704 et
1042 671 1138 703 Leid.
1166 682 1232 704 sec.
1264 672 1392 702 vitiose.
1437 671 1580 712 Conjec-

877 728 964 763 tura,
992 733 1090 764 quam
1122 722 1283 763 proponit
1313 722 1482 760 ClarkiuS,
1505 723 1578 762 jam

876 778 1052 814 comparet
1068 774 1103 804 in
1120 773 1230 813 Marg.
1245 772 1331 804 Edd.
1346 773 1529 804 Vascosan.
1544 778 1580 804 et

876 824 1021 855 Stradae.

918 879 939 906 6
964 875 1102 906 Fazcatae
1115 875 1212 915 regioe
1227 874 1404 916 quadrigae]
1437 874 1492 906 Sic
1509 874 1580 907 dic-

876 929 920 956 tae
937 936 956 956 a
973 925 1132 965 falcibus,
1150 935 1224 966 quae
1241 936 1284 956 ex
1300 926 1402 955 variis
1425 924 1581 965 partibus

877 976 1083 1008 eminebant.
1144 976 1274 1007 Harum
1313 975 1580 1016 descriptionem

879 1028 1150 1069 suppeditabunt
1192 1028 1306 1058 Livius
1346 1036 1490 1058 xxxvn.
1528 1030 1581 1058 41.

877 1079 1049 1110 Diodorus
1060 1079 1192 1109 Siculus
1206 1078 1297 1108 Bibl.
1314 1077 1336 1108 l.
1352 1086 1442 1107 xvxi.
1458 1086 1491 1117 p.
1505 1079 1581 1109 530.

877 1133 912 1159 et
927 1129 994 1159 alii.
1019 1129 1130 1159 Daris.

920 1181 960 1208 10
985 1179 1116 1208 Casibus
1131 1177 1216 1216 belli]
1252 1178 1330 1208 Hoc
1363 1178 1505 1217 primum
1534 1178 1583 1208 ina

878 1230 954 1260 veni
973 1229 1006 1259 in
1028 1228 1091 1259 Ed.
1110 1228 1226 1259 Plant.
1271 1227 1313 1258 In
1337 1228 1508 1267 prioribus
1529 1233 1582 1260 est

877 1279 983 1310 bellis:
1014 1279 1077 1309 nisi
1110 1278 1201 1319 quod
1229 1278 1392 1318 Stephan.
1425 1277 1582 1309 ediderat

877 1330 1003 1361 bellicis.
1050 1330 1175 1360 Forsan
1205 1328 1306 1359 bene:
1336 1337 1411 1358 nam
1436 1328 1522 1359 bellis
1548 1329 1581 1360 in

879 1381 962 1411 Mss.
981 1381 1064 1411 meis
1080 1380 1210 1410 cunctis
1227 1383 1416 1419 comparet.

920 1439 1044 1461 Lxxvx.
1062 1434 1079 1461 l
1105 1431 1229 1461 Dextro
1244 1439 1349 1465 cornu,
1364 1439 1422 1468 quo
1436 1432 1582 1460 veterana

878 1481 960 1520 legio
976 1490 1013 1511 vr
1030 1483 1097 1511 erat
1112 1481 1271 1518 collocata,
1294 1480 1420 1510 initium
1444 1480 1582 1511 victoria>

877 1536 985 1563 uatum
1000 1536 1046 1563 est
1061 1531 1100 1563 ab
1117 1542 1152 1562 ea
1165 1534 1267 1572 parte,
1281 1541 1372 1570 quum
1387 1531 1419 1560 in
1429 1530 1582 1571 proclive]

880 1584 947 1614 Ms.
968 1583 1108 1614 Norvic.
1126 1593 1144 1613 a
1160 1583 1271 1613 dextro
1288 1591 1393 1612 cornu.
1440 1582 1533 1622 Lego
1547 1587 1584 1612 et

879 1634 1051 1675 distinguo
1073 1645 1093 1665 α
1107 1635 1218 1665 dextro
1233 1643 1338 1670 cornu,
1359 1642 1416 1673 quo
1437 1635 1584 1663 veterana

879 1685 960 1723 legio
979 1694 1017 1715 vl
1034 1688 1101 1715 erut
1116 1685 1273 1722 collocata,
1296 1683 1424 1713 initiam
1444 1683 1584 1713 victoria:

880 1739 986 1765 natum
1002 1738 1058 1765 est.
1103 1734 1154 1765 Ab
1169 1744 1206 1764 ea
1229 1736 1321 1773 parte
1342 1743 1433 1772 quum
1456 1733 1489 1763 in
1514 1742 1584 1773 pro-

880 1786 966 1824 clire,
978 1786 1030 1824 850.
1067 1784 1167 1817 Quod
1184 1783 1416 1823 conjecturam
1433 1788 1584 1813 nostram

881 1845 948 1866 non
971 1835 1191 1866 mediocriter
1214 1833 1340 1871 firmat,
1366 1833 1452 1863 hanc
1480 1833 1584 1863 inter·

881 1886 1100 1925 punctionem
1117 1889 1255 1916 servant
1269 1884 1367 1915 editt.
1383 1884 1482 1914 Rom.
1497 1884 1584 1915 Ven-

881 1936 1041 1967 Beroald.
1066 1936 1124 1966 scd
1140 1936 1172 1965 in
1189 1936 1226 1966 iis
1250 1934 1337 1965 male
1363 1933 1523 1965 scribitur
1544 1943 1585 1964 ex

881 1997 916 2017 ea
940 1989 1041 2027 parte.
1077 1986 1191 2017 Dacis.
1225 1985 1257 2016 A
1273 1986 1383 2015 dextro
1399 1993 1504 2023 cornu,
1526 1993 1584 2023 quo

881 2041 1027 2068 veterana
1045 2038 1125 2076 legio
1146 2045 1183 2067 w
1199 2039 1268 2067 erat
1287 2037 1444 2074 collocata,
1459 2034 1585 2065 initium.

881 2088 1020 2119 victorine
1035 2092 1152 2118 natum
1169 2092 1222 2118 est
1238 2097 1245 2117 2
1273 2087 1315 2117 ab
1332 2096 1374 2117 ea
1390 2088 1480 2125 parte
1494 2094 1586 2125 quum

881 2139 913 2169 in
934 2139 1070 2179 proclive
1084 2139 1322 2169 detruderentur
1336 2137 1462 2174 hostes,
1477 2135 1585 2165 multo

881 2190 1013 2227 tardius,
1026 2190 1079 2228 &⁰-
1124 2188 1180 2219 Ita
1197 2187 1347 2219 restituit
1364 2185 1525 2218 Davisius
1541 2194 1584 2216 ex

882 2242 951 2272 Ms.
968 2240 1120 2278 Eliensi3
1144 2240 1203 2281 qui
1225 2239 1336 2271 codex
1351 2245 1398 2278 et,
1420 2248 1439 2269 a
1461 2239 1587 2277 dextra,

883 2291 1045 2331 adjuncta
1061 2289 1314 2329 praepositione,
1337 2293 1373 2319 et
1395 2291 1503 2318 totam
1530 2295 1588 2327 pe-

882 2339 1015 2371 riodum
1032 2339 1096 2370 isto
1113 2338 1211 2369 modo
1226 2337 1421 2368 distinctam
1435 2336 1587 2368 exhibet.

882 2390 1021 2430 Vulgati
1042 2398 1178 2421 omnes:
1206 2389 1326 2428 Magno
1339 2391 1432 2428 atque
1451 2388 1518 2418 acri
1536 2397 1586 2418 co-

882 2442 983 2472 minus
1007 2441 1115 2481 proelio
1137 2439 1239 2479 facto,
1266 2440 1378 2469 dextro
1404 2448 1509 2478 cornu,
1528 2448 1585 2478 quo

882 2495 1028 2523 veterana
1043 2491 1123 2531 legio
1140 2500 1177 2521 vr
1193 2493 1262 2521 erat
1275 2490 1437 2525 collocata;
1461 2488 1587 2519 initium

883 2543 1022 2573 rictorioe
1037 2546 1155 2573 natum
1171 2546 1226 2572 est
1250 2540 1293 2571 ab
1317 2550 1356 2571 ea
1379 2543 1469 2580 parte
1493 2548 1588 2579 quum

884 2593 916 2623 in
929 2592 1061 2633 proclive
1075 2592 1312 2622 detruderentur
1326 2591 1438 2621 hostes
1452 2600 1459 2619 ι
1478 2589 1587 2619 multo

883 2643 1014 2682 tardius,
1037 2644 1090 2681 &a
1137 2641 1236 2674 Quod
1264 2646 1317 2672 est
1343 2641 1450 2671 multo
1477 2639 1587 2669 minus

885 2692 1099 2723 concinnum.
1131 2691 1240 2721 Clark.
1286 2689 1410 2721 Nullus
1434 2697 1587 2719 meorum

886 2743 981 2773 addit
1009 2752 1039 2772 α.
1071 2751 1136 2772 nec
1166 2751 1252 2781 opus
1283 2745 1348 2779 est,
1374 2740 1457 2770 licet
1483 2738 1585 2769 etiam

885 2791 1162 2833 distinguendum
1190 2796 1320 2831 putem,
1348 2794 1384 2820 ut
1411 2788 1479 2821 feci
1509 2793 1586 2830 post
