1893 3109
423 173 602 204 IAB.1L
634 163 938 204 0A9.17.nn
973 175 1128 204 BELLo
1162 176 1333 206 eninr

144 270 197 301 vir
219 270 339 302 doctus
362 266 523 309 praeserre
550 267 714 299 videatur.
762 268 844 299 Per-

144 330 284 361 peram3
322 318 501 349 maximum
531 322 739 348 momentum
775 328 842 349 non

143 369 351 403 consistebat
380 369 418 398 iu'
443 369 621 407 latitudine,
651 368 709 399 sed
737 369 843 399 altitu-

143 422 234 453 d1'ne:
256 429 321 461 qua
347 419 503 449 moenium
530 419 701 449 hostilium
726 419 842 450 altitu-

143 472 256 504 dinem
283 474 421 511 possent
445 479 591 510 aequare.
639 469 727 500 Hinc
754 468 843 500 infra

142 532 173 554 c.
191 525 240 553 16.
256 520 338 552 dicit
359 520 497 559 Auctor,
520 521 528 536 ‘
543 530 644 561 quum
664 529 750 560 pene
765 520 843 551 111113-

141 572 278 604 dificata
300 572 331 602 iu
358 571 462 602 muris
488 570 529 601 ab
554 571 709 601 exercitu
726 576 841 601 nostro

140 622 262 653 moenia
276 621 455 652 viderent?
486 621 585 651 Unde
601 620 728 661 liquido
746 626 841 660 patet

138 672 348 710 altitudinem,
366 681 429 702 non
447 671 653 710 latitudinem,
672 680 746 702 esse
762 671 841 702 scri·

137 722 294 754 bendam.
341 722 463 753 Ubii-is
477 725 590 751 autem
612 721 645 751 in
670 721 752 753 Mss.
767 722 840 752 baec

137 773 281 812 variare,
297 772 507 803 notissimum
525 776 589 802 est.

181 821 368 861 congestus]
422 823 503 852 Mss.
535 822 618 862 Reg.
649 825 685 852 et
716 821 840 853 Eliens.

138 872 361 913 Congestitius.
380 873 488 903 Clark.
512 873 724 913 Congeslilius
735 873 837 904 etiam

135 924 220 955 Mss.
246 924 364 955 Ursini
381 924 498 964 Cujac.
519 924 644 964 scalig.
665 924 785 955 Petav.
803 929 839 954 et

137 975 232 1006 Leid.
249 985 302 1015 pr.
319 975 494 1014 congesaeius
507 975 606 1005 Voss.
640 975 763 1006 Nullus
780 975 838 1005 du-

134 1024 220 1065 bito,
236 1026 316 1066 quin
335 1031 463 1057 rectum
480 1025 523 1056 sit
537 1026 755 1064 congestilius;
772 1035 838 1066 qua

133 1084 218 1106 voce
236 1076 286 1105 usi
311 1076 413 1106 etiam
436 1079 514 1105 sunt
531 1075 705 1106 Vitruvius
721 1080 756 1105 et
772 1076 837 1106 Co-

133 1125 283 1163 lumella,
299 1129 337 1155 ut
365 1124 489 1156 docent
505 1124 642 1154 Lexiea.
687 1124 743 1155 Sic
767 1125 834 1154 ‘in-

132 1175 310 1215 portatitia
341 1174 508 1215 jumenta’
546 1175 755 1206 restituimus
791 1175 833 1205 Β.

133 1224 223 1256 Gall.
243 1234 292 1256 iv.
310 1228 342 1256 2.

175 1278 213 1306 11
242 1275 303 1306 Ubi
325 1277 442 1317 antem]
488 1276 570 1307 Mes.
596 1277 680 1316 Reg.
705 1276 832 1307 Eliens.

135 1325 199 1357 Ubi
214 1331 274 1357 aut
293 1327 439 1367 spatium,
460 1328 512 1367 850.
538 1328 646 1358 Clark.
693 1328 767 1359 Nec
783 1337 833 1358 se-

133 1385 193 1407 cus
209 1377 292 1409 Mss.
308 1378 375 1409 mei
389 1387 516 1417 01111105,
543 1383 578 1409 et
592 1378 679 1410 Edd.
696 1388 754 1419 pp.
769 1388 833 1410 nec

132 1436 198 1459 non
210 1428 311 1460 Vasc.
328 1429 395 1461 Str.
408 1429 525 1470 Steph.
541 1429 694 1470 aliaeque.
712 1430 832 1460 Recte.

174 1481 216 1510 19
243 1479 367 1510 Virtute
382 1480 516 1511 militum
538 1479 622 1510 bret-2·
639 1480 833 1511 reconcinna-

130 1528 197 1569 ίαν]
242 1529 283 1560 111
301 1540 332 1560 v.
347 1540 378 1561 0.
392 1534 508 1561 nostro
523 1535 558 1561 et
573 1529 691 1570 Cujac.
708 1530 830 1561 PetaV.

130 1579 206 1611 Pal.
231 1590 270 1611 ac
299 1581 408 1620 Bong.
435 1586 487 1612 est
509 1581 743 1612 reconciliatur.-
765 1580 832 1622 (sic

130 1634 166 1661 et
191 1631 258 1662 Ms.
285 1631 426 1662 Norvic.
452 1640 490 1662 ac
514 1631 613 1662 editt.
630 1632 727 1662 Rom.
743 1631 830 1662 Ven.

129 1680 305 1720 Beroald.)
319 1681 408 1721 quod
435 1682 477 1712 ob
503 1686 554 1712 tot
579 1681 733 1712 codicum
753 1691 831 1712 con-

128 1739 262 1762 sensum
277 1731 488 1762 dissimularc
505 1741 572 1762 non
589 1731 704 1762 debui.
752 1732 831 1762 For-

129 1790 188 1812 san
205 1781 278 1822 quis
295 1781 468 1812 meliorem
486 1782 625 1822 vulgata
650 1782 831 1813 lectionem

128 1831 208 1862 inde
218 1832 439 1872 conjectabit.
457 1833 585 1863 Vossius,
601 1833 831 1864 Reconcinnare

128 1881 277 1912 occurrit
303 1881 393 1922 apud
423 1882 537 1913 Plaut.
566 1886 602 1912 et
629 1882 741 1914 Cicer.
768 1893 829 1923 pro

126 1930 281 1970 reficere,
294 1932 468 1964 resarcire.
492 1933 607 1965 Quare
619 1932 701 1963 nihil
715 1942 829 1964 rursus

126 1981 262 2013 innovo.
317 1982 384 2013 Sed
414 1983 499 2014 Mss.
531 1992 646 2014 omnes
676 1989 712 2014 et
740 1983 829 2015 Edd.

126 2033 245 2074 primae
271 2033 354 2064 dant
375 2033 604 2073 reconciliatur,
628 2033 830 2074 metaphora

126 2082 282 2114 desumta
298 2083 340 2114 ab
358 2083 517 2124 amicitia,
539 2094 613 2125 quae
636 2084 670 2115 in
695 2088 828 2125 tempus

126 2132 265 2174 dirupta
279 2133 488 2165 instauratur
511 2145 551 2166 ac
572 2136 828 2175 reconciliatur,

127 2188 164 2215 et
180 2188 370 2224 reparatur.
415 2185 516 2218 Quod
532 2190 645 2216 tamen
668 2186 710 2217 de
734 2187 829 2218 detri-

126 2237 226 2265 mento
242 2234 306 2266 rite
321 2244 387 2266 non
405 2245 504 2276 posse
521 2235 589 2267 dici
607 2236 752 2268 videtur.

169 2294 246 2317 xvr.
261 2288 282 2316 6
307 2285 378 2321 Qua
391 2286 434 2316 sit
447 2286 564 2326 aditus,
588 2286 627 2317 ab
641 2287 740 2328 terra]
772 2288 828 2319 Sic

124 2336 158 2367 in
175 2335 275 2367 editt.
296 2337 420 2377 Scalig.
444 2340 481 2368 et
494 2346 591 2378 seqq.
635 2337 697 2377 At,
714 2338 829 2369 deleta

125 2387 269 2428 virgula,
292 2388 507 2420 scribendum
529 2399 588 2429 qua
606 2389 649 2420 sit
664 2390 770 2421 aditus
789 2389 828 2421 ab

123 2440 222 2478 terra,
247 2442 286 2469 ut
311 2438 398 2469 bene
426 2439 524 2470 Rom.
552 2440 639 2471 Ven.
666 2441 827 2473 Beroald.

122 2487 182 2519 Sic
197 2492 312 2519 autem
329 2489 480 2530 loquitur
496 2493 625 2530 noster,
640 2491 721 2531 quia
735 2492 827 2523 Mas-

125 2537 200 2568 silia
212 2537 314 2569 tribus
331 2538 475 2579 partibus
489 2541 568 2570 mari
582 2540 768 2581 alluebatur,
789 2546 827 2573 ut

126 2589 271 2619 testatus
288 2593 342 2619 est
356 2589 495 2629 hujusce
510 2589 589 2621 libri
605 2600 634 2621 0.
653 2594 683 2622 1.
712 2592 825 2623 Duris.

126 2635 260 2668 Ibidem
283 2638 294 2656 ‘
311 2648 385 2679 quae
401 2639 531 2671 aditum
553 2640 658 2673 habet
672 2651 692 2672 a
708 2642 825 2674 terra!

127 2694 159 2717 c.
174 2688 227 2718 25.
249 2686 260 2704 ‘
271 2687 377 2720 Aditu
394 2699 413 2720 a
428 2689 588 2722 theatro.'

171 2739 191 2767 7
216 2736 455 2780 Cirwmvenffl]
498 2740 644 2775 Codices
669 2741 825 2785 plerique

1485 169 1599 212 1419

893 268 1065 299 circumiri.
1097 269 1204 300 Clark.
1252 270 1351 302 Quod
1375 271 1424 302 Cl.
1441 272 1597 307 (starkius

895 319 1015 355 edidit,
1036 324 1071 349 et
1095 319 1328 350 Hotomauuus
1352 331 1486 361 quoque
1513 333 1598 362 prae.

894 368 976 407 fert,
990 370 1043 400 hic
1060 370 1171 400 iuveni
1190 371 1221 400 111
1240 371 1333 400 1111110
1349 371 1476 402 Codice
1493 373 1599 414 scrip-

895 425 929 450 to
948 429 1010 450 nec
1029 420 1122 451 edito
1145 426 1271 461 pra‘ter
1296 421 1383 452 Edd.
1411 423 1506 452 Rom.
1531 424 1598 454 Ve-

894 474 963 499 net.
996 475 1031 501 et
1063 471 1368 502 Mediolanensem.
1427 472 1598 505 Aicardns

894 528 986 557 vero,
1010 530 1028 551 e
1046 521 1112 551 ΜΞ.
1131 526 1168 551 ut
1187 527 1282 561 puto,
1307 522 1435 553 :idlcvit
1454 522 1528 553 libri
1545 523 1598 554 sui

892 571 1034 609 margini
1049 571 1292 602 circmnmuniri.
1333 573 1521 613 Utrumque
1539 574 1596 605 ad·

891 620 1002 651 hibuit
1018 622 1144 652 Caesar.
1190 621 1256 652 Adi
1278 628 1374 653 notas
1398 623 1439 653 ad
1461 625 1502 655 B.
1522 625 1595 657 Civ.

892 679 915 701 1.
948 674 997 702 18.
1027 671 1230 712 ‘Oppidum
1261 673 1347 703 xallo
1377 675 1595 715 castellisque

891 721 1137 753 circumvenire
1155 723 1199 754 rel
1224 723 1482 754 circummunire
1499 725 1596 756 insti-

891 772 981 803 tuit.’
1028 773 1096 804 Hic
1112 783 1193 804 vero
1212 779 1330 804 contra
1347 774 1430 804 Mss.
1455 774 1499 804 nil
1524 784 1595 804 mu-

890 823 1041 854 tandum.
1098 824 1267 854 Circumire·
1299 824 1352 854 vel
1382 824 1510 854 circuiri
1540 825 1593 864 (ut

889 877 942 904 est
968 874 1001 904 in
1031 875 1112 905 Mss.
1141 875 1320 913 nonnullis,
1349 874 1391 905 de
1418 885 1483 915 quo
1510 875 1593 905 alibi

889 923 1033 959 dictum)
1055 924 1145 955 idem
1168 929 1232 962 est,
1257 925 1346 966 quod
1369 925 1595 964 circumcingi.-

888 984 953 1015 quo
969 985 1068 1006 sensu
1084 975 1277 1006 sexcenties
1293 976 1382 1017 apud
1400 975 1594 1007 Historicos

887 1026 1046 1057 occurrit.

931 1083 1022 1106 xvu.
1040 1078 1058 1106 7
1085 1075 1358 1117 Quifiduciariam
1375 1086 1497 1116 operam
1513 1075 1592 1106 ohti-

886 1125 987 1164 neret]
1016 1126 1107 1155 Mira
1136 1125 1270 1156 inscitia
1299 1132 1351 1156 est
1380 1126 1591 1157 Hotomanui

887 1178 922 1205 et
950 1175 1136 1214 Ciacconii,
1163 1175 1220 1216 qui
1249 1175 1370 1216 ignari,
1397 1186 1472 1216 quae
1497 1179 1592 1206 esset

886 1235 991 1266 opera
1004 1225 1194 1265 fiduciaria,
1209 1226 1384 1266 corrigunt
1397 1226 1591 1267 fiducimam

883 1277 1085 1317 provinciam.
1132 1278 1238 1310 Quasi
1267 1287 1333 1308 non
1360 1282 1397 1308 ut
1417 1276 1591 1318 fiduciaria

884 1327 1064 1367 hoereditas,
1092 1328 1141 1359 ita
1169 1333 1205 1358 et
1222 1328 1397 1369 fiduciaria
1422 1338 1513 1368 opera
1540 1328 1591 1358 di-

885 1387 963 1408 cere
980 1378 1092 1408 liceat.
1138 1377 1234 1408 Idem
1255 1378 1305 1408 ait
1328 1378 1444 1408 Caesar
1468 1378 1527 1408 sub
1553 1376 1591 1408 fi-

884 1437 961 1459 nem
987 1428 1084 1469 hujus
1114 1429 1212 1459 libri:
1245 1428 1388 1459 ‘amisso
1420 1428 1589 1468 exercitu,

885 1488 985 1518 quem
1002 1489 1022 1509 a
1038 1480 1176 1510 Caesare
1190 1478 1272 1510 fidei
1288 1489 1356 1510 suae
1373 1479 1590 1510 commissum

884 1529 1085 1570 acceperit!
1152 1530 1221 1561 Sed
1259 1530 1366 1562 taedet
1411 1540 1588 1571 nugarum.

892 1580 1023 1612 Vossius.
1057 1581 1259 1612 Prot-inciam
1273 1581 1358 1622 legit
1375 1581 1589 1621 Ciacconius,

883 1638 948 1660 nou
967 1640 1045 1661 vero
1062 1631 1312 1672 Hotomannus,
1333 1632 1390 1673 qui
1412 1631 1466 1662 hic
1488 1632 1587 1662 adea—

883 1684 939 1710 tur
954 1690 1101 1721 quoque.

925 1732 945 1759 9
970 1729 1119 1769 Fer-ebat]
1153 1730 1208 1761 Sic
1237 1730 1375 1771 quidem
1399 1741 1442 1762 ex
1470 1731 1586 1762 Ursini

882 1779 974 1810 Msto
1004 1780 1189 1820 repositum
1221 1786 1294 1812 est:
1334 1781 1388 1812 cui
1419 1781 1588 1812 accedunt

882 1830 1004 1860 Petav.
1022 1831 1148 1871 Scalig.
1174 1831 1270 1862 Leid.
1294 1841 1344 1871 pr.
1369 1835 1405 1862 et
1429 1831 1584 1862 Vossian.

880 1881 914 1911 in
931 1881 1102 1923 plerisque
1120 1886 1154 1912 et
1171 1881 1259 1912 Edd.
1276 1882 1373 1913 Vett.
1396 1886 1449 1913 est
1472 1882 1586 1920 resere-

880 1932 944 1972 bat,
957 1932 1046 1973 quod
1059 1933 1167 1973 magis
1180 1932 1340 1973 placebat
1353 1932 1585 1964 Hotomanno.

880 1982 1132 2014 Freinshemius
1170 1993 1251 2014 vero
1287 1983 1322 2014 iu
1358 1983 1435 2014 Ind.
1475 1984 1586 2015 Curtii

879 2032 1088 2073 conjiciebat
1104 2033 1362 2069 rescribendum
1382 2033 1521 2064 serebat.-
1546 2039 1586 2065 ut

881 2083 890 2099 ί
904 2091 1018 2113 serere
1034 2093 1185 2114 rumores
1200 2083 1208 2096 '
1228 2092 1309 2115 vm.
1324 2086 1358 2115 9.
1400 2084 1488 2115 Vide
1505 2084 1586 2115 Zin-

880 2134 1018 2174 serling.
1042 2133 1158 2165 Prom.
1185 2134 1271 2166 Crit.
1294 2144 1324 2165 c.
1340 2137 1395 2165 20.
1440 2134 1489 2166 At
1503 2144 1585 2166 vero

877 2183 912 2214 id
928 2184 1005 2214 111110
1021 2184 1095 2215 1000
1110 2183 1220 2216 minus
1236 2185 1420 2217 convenire
1436 2185 1584 2225 videtur,

879 2234 1079 2275 retineoque
1095 2234 1235 2274 ferebat,
1250 2235 1285 2266 id
1301 2240 1367 2275 est,
1389 2235 1584 2276 dictitabat,

879 2293 951 2324 prae
968 2293 1004 2314 se
1020 2283 1170 2325 ferebat,
1190 2289 1226 2316 et
1242 2285 1367 2326 ubique
1382 2286 1417 2316 in
1433 2296 1493 2318 ore
1508 2287 1583 2318 haec

877 2333 1023 2365 habebat
1037 2344 1045 2364 :
1063 2344 1129 2375 quo
1143 2344 1243 2366 sensu
1258 2336 1321 2368 hoc
1333 2337 1475 2368 verbum
1492 2336 1583 2378 apud

877 2385 1038 2417 Tacitum
1067 2385 1228 2428 frequens
1259 2392 1322 2420 est.
1381 2389 1436 2420 Sic
1466 2388 1582 2420 ‘ferre

877 2437 1030 2468 laudibus
1045 2436 1067 2467 :'
1104 2437 1146 2468 de
1177 2447 1244 2479 quo
1272 2437 1351 2469 vide
1382 2439 1583 2470 Doet.x’an

877 2488 1042 2519 Staveren
1059 2487 1102 2519 ad
1126 2488 1255 2529 Nepot.
1273 2489 1352 2529 Lys.
1379 2499 1409 2520 0.
1423 2492 1455 2520 4.
1481 2490 1489 2506 ‘
1505 2499 1581 2520 eum

875 2537 946 2570 fert
972 2538 1153 2570 laudibus.'
1197 2539 1233 2570 Si
1260 2540 1341 2580 quid
1368 2540 1580 2578 mutandum,

877 2589 1045 2621 arrideret
1070 2590 1179 2631 magis
1207 2590 1414 2621 Dorvilliani
1442 2590 1579 2622 Codicis

876 2641 980 2671 lectio
1010 2640 1176 2681 inferebat,
1205 2641 1240 2671 id
1271 2645 1334 2681 est,
1362 2640 1578 2679 inmiscebat‚

876 2690 1087 2732 proferebat.
1161 2694 1170 2709 ‘
1188 2690 1323 2722 Inferre
1361 2689 1578 2729 sermonem,’

875 2744 884 2761 ‘
895 2742 1059 2775 caussam’
1071 2749 1107 2775 et
1117 2742 1184 2776 alia
1194 2750 1285 2781 saepe
1299 2744 1495 2783 occurrunt,
1505 2745 1574 2773 tam
