1850 3109
514 197 575 226 Du
611 196 724 225 vrrA
756 195 888 225 ,ιυωι
924 195 1156 227 cAESARis.
1448 184 1560 225 1867

100 303 134 332 et
158 296 242 333 fatis
264 294 523 346 prementibus
543 294 589 330 ad
611 293 771 342 'rapson
795 298 919 330 castra
942 292 1125 329 habentes
1154 291 1296 328 invenit
1316 291 1363 328 ad
1388 305 1555 341 pugnum

100 360 322 409 dispositos,
340 364 381 395 et
401 357 522 394 aciem
542 357 791 394 instruentes:
823 355 973 393 instruit
1001 362 1039 391 et
1073 355 1154 404 ipse
1176 367 1282 391 suam
1315 354 1437 391 aciem
1470 369 1560 392 con-

102 423 239 466 festim,
261 421 365 458 omni
394 427 475 458 arte
509 433 584 470 qua
616 433 683 470 per
714 433 904 458 summum
934 419 1073 457 (lucem
1096 418 1230 456 instrui
1260 418 1361 456 acies
1384 418 1456 455 ulla
1492 432 1560 468 po-

102 492 198 523 test:
229 484 321 534 quin
341 483 454 521 etiam
476 497 522 521 ex
551 497 652 533 equo
680 482 933 526 descendeus,
967 484 1064 519 inter
1098 483 1200 532 ipsos
1222 482 1369 532 pedites
1396 483 1559 531 pedibus

101 549 323 587 ambulabat
341 555 458 598 atque
474 561 608 585 omnes
624 554 660 584 et
681 547 852 597 singulos
869 546 994 582 verbis
1016 558 1085 595 pro
1103 553 1275 594 tempore
1298 545 1476 583 brevibus
1496 545 1559 582 sed

100 612 375 650 efficacissimis
411 613 648 649 hortabatur.
709 615 718 630 ‘
741 611 821 647 Oro
844 612 936 653 vos‚'
955 609 1099 657 ajebat,
1123 614 1132 629 ‘
1156 617 1419 646 veteranorum
1448 610 1563 646 virtu-

103 684 179 713 tem
213 676 459 720 aemulamini,
487 681 523 712 et
557 687 686 711 eorum
724 673 862 710 famam
902 680 959 710 tot
990 680 1138 722 partam
1168 673 1335 710 victoriis
1367 673 1564 723 possidere

102 738 312 777 ⁴⁵utimini:
347 741 428 776 haec
451 738 609 776 victoria
637 738 823 787 gloriosos
845 750 912 774 vos
935 737 1049 774 saciet
1071 750 1114 774 ac
1143 736 1336 774 famosos!
1395 737 1490 774 Haec
1525 744 1563 774 et

103 803 239 841 similia
270 803 430 852 loquens
459 803 672 840 exercitum
703 801 921 846 ambiendo,
943 808 981 839 et
1001 813 1149 851 semper
1177 801 1314 838 oculos
1345 800 1490 838 liabens
1512 800 1560 838 ad

103 873 228 904 castra
257 868 436 912 hostium,
466 867 630 905 advertit
663 866 746 903 illos
778 865 982 915 trepidare,
1006 872 1044 902 et
1078 878 1181 902 more
1213 865 1436 915 paventium
1466 878 1564 901 nunc

102 931 231 980 egredi
249 933 494 981 ⁴⁷utrumqne
516 931 594 968 sine
622 930 781 968 ordine:
814 930 887 967 hoc
922 931 1004 979 ipse
1038 929 1200 980 primus,
1237 935 1325 978 post
1352 928 1414 965 alii
1447 934 1564 978 atque

103 995 165 1032 alii
198 995 496 1045 perpenderunt.
555 996 689 1044 ltaque
711 994 823 1044 legati
844 993 1087 1044 evocatique,
1120 993 1185 1043 qui
1219 993 1254 1030 in
1285 992 1418 1030 castris
1442 999 1566 1034 erant,

103 1059 216 1108 [¹237]
252 1061 441 1098 Caesarem
479 1059 646 1097 adeunt:
696 1058 756 1103 Et,
794 1063 803 1077 ‘
821 1057 896 1101 das
932 1057 1123 1107 inquiunt,
1155 1062 1165 1078 ‘
1187 1057 1395 1106 imperator
1424 1068 1564 1105 pugnae

105 1123 262 1172 signnm,
288 1137 333 1161 ne
354 1123 501 1167 dubita,
525 1123 711 1159 vincimus
734 1121 834 1158 haud
859 1120 977 1158 dubie
999 1122 1029 1158 si
1051 1123 1290 1171 pugnamus!
1363 1120 1566 1157 {esisteiite

105 1187 255 1225 Caesare
276 1187 520 1224 inflammatis
540 1186 737 1224 desideriis
760 1185 936 1230 militum,
960 1191 1075 1235 atque
1097 1185 1215 1221 aciem
1239 1190 1490 1227 sustentante,
1521 1196 1565 1221 ac

102 1250 343 1296 fremente‚et
363 1251 525 1289 subinde
539 1250 776 1288 exclamante
798 1262 874 1286 non
891 1249 961 1286 sibi
984 1249 1134 1299 placere
1155 1248 1357 1297 eruptione
1379 1249 1561 1298 pugnari:

105 1315 233 1354 factus
265 1316 363 1354 enim
396 1322 477 1353 erat
501 1315 584 1363 jam
619 1314 666 1351 ad
700 1314 797 1351 bella
820 1314 1058 1357 cunctaci0r‚
1079 1319 1117 1350 et
1146 1312 1292 1362 aliquid
1327 1312 1376 1350 de
1410 1312 1473 1349 illu
1501 1326 1568 1350 sua

107 1380 270 1417 naturali
291 1380 485 1417 celeritate
507 1379 721 1416 remiserat:
757 1391 832 1415 non
862 1377 965 1426 quod
987 1376 1241 1427 providentiae
1275 1376 1362 1426 plus
1385 1376 1567 1414 haberet:

108 1446 248 1483 veritus
268 1445 400 1489 credo,
423 1457 467 1481 ne
484 1443 640 1494 quando
663 1444 769 1480 illum
792 1455 859 1480 sua
879 1442 940 1479 illa
959 1442 1112 1479 fortuna
1133 1448 1191 1478 tot
1211 1447 1249 1478 et
1263 1441 1376 1478 tantis
1395 1441 1564 1478 victoriis

107 1509 263 1560 fatigata
283 1509 486 1546 desereret.
546 1509 646 1545 Dum
671 1507 724 1544 sic
753 1520 844 1556 ergo
873 1507 1057 1556 impetum
1087 1506 1225 1543 fraenat
1253 1518 1297 1542 ac
1334 1505 1567 1554 comprimit,

107 1580 277 1623 repente,
300 1573 402 1622 quod
426 1572 529 1609 nullo
551 1585 719 1622 unquam
743 1570 881 1621 proelio
901 1570 1078 1607 anditum
1109 1576 1204 1615 erat,
1234 1582 1354 1606 cornu
1376 1570 1424 1606 ab
1447 1570 1568 1606 altero

109 1636 346 1686 imperatoris
381 1636 527 1684 injussu
564 1637 766 1672 classicum
802 1634 995 1671 insonuit:
1028 1647 1106 1683 quo
1146 1634 1341 1671 universus
1380 1633 1570 1670 exercitus

108 1706 292 1743 arrectus,
314 1700 420 1749 signa
449 1699 484 1735 in
515 1698 695 1735 adversos
724 1698 818 1734 ferre
852 1704 1032 1747 emper-ut,
1059 1698 1345 1734 centurionibus
1374 1698 1501 1746 lingua
1534 1702 1571 1733 et

110 1776 225 1801 manu
247 1763 509 1813 nequidquam
539 1761 808 1800 renitentibus:
844 1762 960 1798 sensit
982 1763 1110 1798 Caesar
1130 1773 1270 1810 pugnae
1293 1761 1424 1797 horam
1457 1759 1573 1796 adxe-

110 1827 223 1872 nisse,
257 1835 294 1864 et
322 1839 504 1864 accensos
526 1826 561 1862 in
589 1838 754 1875 pugnam
776 1824 900 1861 verbis
922 1829 1101 1861 coercere
1121 1823 1261 1860 frustra
1282 1837 1385 1861 esse:
1416 1831 1453 1860 et
1489 1823 1571 1873 ipse

109 1891 222 1941 igitur
250 1890 370 1928 fraena
401 1890 556 1935 laxavit,
587 1890 759 1939 datoque
781 1889 889 1938 signo
912 1888 1117 1932 felicitatis,
1140 1901 1322 1937 equoque
1351 1889 1570 1925 calcaribus

111 1955 266 2000 adacto,
289 1955 432 2004 primns
455 1955 492 1991 in
514 1955 681 1992 hostium
701 1953 918 2003 48princeps
939 1952 1140 1990 invehitur.
1200 1953 1370 2002 Impetus
1392 1965 1413 1988 a
1429 1951 1571 1989 dextro

111 2032 231 2057 cornu
252 2020 288 2056 in
305 2019 526 2069 elephantes
548 2031 569 2055 a
596 2018 799 2068 sagittariis
821 2025 858 2055 et
879 2016 1137 2054 funditoribus
1157 2016 1295 2061 faetus,
1322 2016 1451 2052 beluas
1472 2016 1575 2052 inex-

113 2090 254 2134 pertas,
276 2091 314 2121 et
337 2090 483 2131 tantum
506 2096 527 2120 a
548 2083 640 2120 silva
662 2083 869 2127 venientes,
891 2082 1030 2119 avertit
1051 2088 1152 2118 retro
1173 2081 1209 2117 in
1231 2094 1320 2117 snos
1339 2094 1347 2117 z
1368 2086 1499 2116 secuta
1518 2085 1575 2116 est

112 2148 200 2198 fuga
236 2147 408 2197 equitum
446 2147 689 2184 Maurorum:
724 2145 938 2195 eodemque
978 2146 1126 2194 impetu
1161 2152 1396 2194 occupatum
1432 2143 1573 2180 vallum

112 2212 302 2262 Scipionis
323 2224 391 2260 per
410 2211 668 2254 Caesare-dnos,
689 2208 917 2245 custodibus
937 2208 1145 2245 interfectis
1164 2216 1227 2244 aut
1248 2207 1411 2257 fugatis:
1435 2207 1571 2255 etjam

113 2276 229 2326 copiis
261 2275 346 2324 ejus
373 2287 440 2323 per
471 2286 627 2322 campos
661 2271 792 2308 effusis
813 2285 859 2308 ac
888 2270 1052 2320 dejectis
1092 2271 1301 2321 fugamque
1339 2269 1573 2320 petentibus,

114 2341 299 2377 Caesareae
319 2339 485 2389 legiones
515 2337 701 2373 insecuta:
731 2335 824 2372 nihil
853 2334 1072 2378 laxamenti,
1104 2335 1329 2383 nullumque
1359 2333 1574 2383 respirandi

113 2403 280 2453 spatium
302 2402 396 2438 ⁴⁹llli
418 2401 489 2438 alia
510 2408 634 2437 castra
658 2406 842 2449 petentes,
864 2405 905 2435 ut
926 2398 979 2435 ibi
999 2411 1037 2435 se
1058 2398 1243 2447 reparatis
1265 2397 1399 2435 animis
1422 2405 1573 2435 tueren-

115 2475 189 2512 tur,
222 2465 491 2503 ⁵0nisinullum
521 2465 596 2502 illic
631 2463 686 2501 vel
719 2464 860 2500 ducem
893 2462 951 2499 vel
982 2461 1205 2513 praesidium
1238 2461 1429 2499 viderunt.
1486 2462 1573 2498 Jum

114 2531 347 2569 defensionis
374 2542 442 2580 spe
462 2529 612 2572 amissa,
633 2541 737 2565 arma
761 2540 895 2577 magna
915 2540 961 2564 ex
994 2533 1101 2577 parte
1136 2526 1357 2576 projiciunt,
1379 2534 1420 2563 ut
1458 2538 1574 2575 expe-

155 2676 198 2703 46
221 2669 569 2710 Lege‚niti›nini.—47
594 2667 721 2707 Snpplc
743 2676 784 2696 cx
807 2666 937 2697 Hirtio:
964 2676 1042 2695 nnnc
1057 2675 1088 2695 se
1105 2664 1337 2702 rcci1›c1·e.†-lt§
1362 2663 1465 2702 Lege,
1487 2663 1573 2701 prin-

115 2724 292 2766 cipes—49
316 2723 430 2763 Adde,
445 2722 510 2753 illis
524 2722 771 2752 dedamur-50
794 2719 941 2750 Videtur
959 2717 1140 2749 delendum
1157 2716 1228 2746 nisi.
