1850 3109
346 222 441 253 Lm.
474 221 543 251 ιιι.
576 220 684 250 οΛΡ.
714 209 815 250 100.
849 219 912 250 DE
946 220 1102 250 necno
1135 221 1306 251 civim.

83 317 183 349 vase.
204 316 321 358 Steph.
348 315 480 355 Gryph.
511 317 597 355 post.
622 314 788 356 aliisque:

86 368 157 398 sine
179 367 283 398 dubio
305 366 346 397 ab
369 365 633 405 Interpolatore‚
649 364 731 396 licet
754 370 790 396 et

87 417 124 448 C.
155 416 290 458 Sigonio
321 415 484 455 probetur
520 414 650 445 Emend
681 424 706 446 1.
735 418 788 447 31.

84 466 177 498 Jm‘s
204 466 267 504 ejus
290 469 327 494 ut
351 468 514 504 corrupta
536 473 555 494 a
582 464 744 495 Librariis
773 474 793 495 e

84 526 168 548 voce
184 516 311 548 Larissa
327 514 489 555 ejiciebat
513 515 570 546 Fr.
596 515 789 547 Robortell.

85 566 174 598 Ann.
202 574 240 596 ιι.
269 567 322 595 48.
371 565 469 604 Viris,
493 566 578 605 equis
609 565 793 596 adridebat

85 615 235 656 cujacio.
274 613 342 645 Sed
372 619 443 645 tum
471 615 583 645 malim
610 614 684 652 tiri,
710 615 790 655 equi.

83 665 177 697 Dein
202 665 359 696 larissam
388 675 479 705 usque
504 669 556 696 est
584 665 617 696 iu
638 665 737 695 Voss.
762 674 794 695 se

86 715 186 748 abest
201 726 220 747 a
232 716 315 747 Mss.
332 717 454 747 Brant.
468 716 562 746 Leid.
580 716 679 756 prim.
695 716 792 747 Voss.

86 771 123 798 et
134 767 240 798 Dorv.
255 771 292 797 ut
306 765 490 805 saepissime
504 765 537 796 in
548 765 608 796 bac
620 766 793 797 locutione

84 816 260 856 seret-{pere
275 814 516 854 animadverti,
531 815 566 846 in
582 815 664 846 Mss.
678 824 710 846 se
726 824 794 846 non

87 874 302 906 comparere.

127 919 148 948 6
173 916 244 951 Qua
261 925 293 946 re
307 914 537 955 animadversa]
554 915 639 946 Mss.
651 915 794 946 Norvic.

87 970 123 998 et
146 967 268 998 Brant.
297 970 550 1005 repraesentant
572 975 632 1005 qua
653 975 706 1005 spe
727 965 795 995 uni-

87 1017 264 1051 madrersm
301 1015 512 1055 eandemque
544 1015 726 1046 lectionem
761 1015 794 1045 in

87 1068 216 1109 optimo
249 1067 376 1099 Codice
412 1067 555 1105 invenit,
584 1072 795 1108 receptaque

84 1119 190 1149 multo
201 1117 622 1158 elegantioremjudicavit
634 1117 712 1147 Pet.
720 1117 797 1147 vic-

88 1169 192 1200 torius
214 1168 296 1199 Var.
315 1169 412 1198 Lect.
435 1175 485 1198 11.
503 1169 555 1198 24.
594 1166 650 1197 Illi
665 1167 793 1207 quippe

86 1219 223 1251 videtur
239 1228 311 1250 esse
327 1217 486 1249 ἀντίθετον
501 1217 684 1257 superioris
702 1217 794 1248 vocis

86 1271 195 1312 diffisi,
218 1270 318 1311 eique
344 1268 462 1306 verbo,
486 1277 506 1298 a
530 1267 716 1307 contrario,
744 1276 796 1297 re-

89 1320 269 1362 spondere.
299 1319 415 1350 Ducis.
442 1318 529 1350 Mss.
543 1317 710 1358 plerique,
724 1318 795 1352 Qua

89 1382 150 1413 spe
182 1371 407 1403 animadversa.
464 1370 575 1402 Quam
611 1369 796 1400 lectionem

89 1422 227 1464 probat,
268 1420 578 1460 eleganti-nemque
623 1419 796 1449 existimat

89 1471 275 1511 Victorius,
297 1475 335 1501 ut
351 1470 483 1500 scilieet
506 1468 592 1499 illud
613 1478 667 1508 spe
689 1478 796 1508 oppo-

89 1526 191 1553 natur
207 1519 416 1561 praecedenti
424 1518 529 1560 diffisi.
559 1518 627 1549 Sed
641 1522 797 1559 argutum

89 1572 154 1604 hoc
169 1571 268 1602 nimis
290 1576 326 1602 et
351 1570 544 1601 evanidam.
587 1569 660 1609 Ego
681 1569 798 1609 vulga-

90 1626 161 1652 tam
179 1621 307 1652 retineo
320 1620 515 1651 lectionem.
546 1620 657 1650 Clark.
682 1619 712 1650 E
727 1619 798 1650 solo

93 1671 229 1703 Carrar.
246 1670 440 1710 producunt
451 1679 496 1700 re.
529 1669 667 1710 Reliqui
682 1675 718 1700 et
733 1669 799 1700 mei

92 1730 209 1753 omnes
226 1721 306 1751 Mss.
318 1720 446 1751 habent
456 1729 520 1760 spe.
551 1720 678 1750 Forsan
689 1720 800 1760 specie,

92 1773 163 1804 sive
188 1771 369 1813 spectaculo.
400 1771 442 1802 Β.
465 1770 510 1802 G.
531 1779 570 1801 ιι.
591 1773 644 1801 31.
680 1771 801 1801 ‘Nova

93 1826 197 1863 atque
224 1821 385 1852 inusitata
411 1821 526 1860 specie
555 1819 736 1860 permoti:'
764 1824 800 1850 et

94 1871 334 1913 passim.epecie
350 1870 383 1901 in
409 1870 492 1901 Mss.
516 1875 694 1901 contracte
717 1870 800 1902 scri-

94 1921 187 1954 bitur
202 1931 265 1963 spe.

137 1981 263 2005 xcvur.
285 1975 304 2003 7
338 1972 556 2012 Militibusque
569 1971 750 2011 suisjussu't,
764 1981 801 2002 ne

94 2024 147 2064 qui
171 2033 274 2055 eorum
303 2022 507 2063 violarentur]
540 2021 731 2061 *Ελληνίζεμ
763 2026 802 2052 ut

94 2073 211 2106 κελεύω
233 2074 305 2115 τινὶ,
328 2084 406 2106 narn
422 2074 516 2114 J'ubeo
543 2074 636 2116 apud
659 2074 800 2105 Latinos

95 2125 225 2156 nullum
240 2134 355 2155 casum
371 2126 471 2164 regit,
485 2125 551 2156 nisi
562 2129 718 2166 cognatae
735 2124 801 2164 sig-

96 2174 300 2206 nificationis
314 2184 435 2206 nornen
449 2175 608 2214 addatur,
620 2180 657 2206 ut
670 2176 697 2207 si
708 2175 801 2206 dicas

87 2224 373 2264 jubeojmionem.
411 2223 479 2255 Sed
494 2224 529 2255 in
545 2226 612 2256 Ms.
630 2225 749 2265 Cujac.
766 2230 802 2256 et

96 2275 234 2307 Petavii
245 2276 418 2316 pro-imit,
427 2281 480 2307 est
492 2276 725 2306 commendavit.
748 2275 802 2306 An

95 2324 148 2356 ita
166 2325 283 2357 Caesar
305 2325 465 2366 scripsit?
500 2325 657 2366 profecto
683 2335 803 2356 vereor

98 2383 143 2406 ne
156 2384 276 2406 verum
296 2376 352 2407 sit.
389 2375 523 2406 Vossius.
560 2375 643 2406 Mss.
664 2375 803 2406 Norvic.

97 2424 177 2457 Pet.
196 2426 312 2467 Cujac.
328 2431 364 2456 et
379 2426 494 2457 Ursin.
517 2425 680 2457 exhibent
696 2426 804 2456 militi-

99 2473 210 2516 busque
223 2476 288 2506 suis
295 2475 528 2506 commendat-it.
554 2474 619 2506 Sed
632 2476 802 2515 vulgatam

98 2524 280 2557 lectionem
296 2536 361 2557 non
377 2526 512 2563 desero,
527 2535 604 2567 quae
623 2526 732 2566 proba
750 2531 804 2557 est

100 2578 138 2606 et
162 2575 292 2607 Latina.
346 2577 471 2616 Dictys
491 2576 664 2607 Cretensis
689 2585 729 2607 ιι.
751 2579 803 2608 35.

102 2625 113 2643 ‘
131 2625 310 2664 Militibus,
325 2634 360 2657 ιιι
381 2626 471 2666 apud
493 2637 587 2658 arma
610 2632 735 2666 essent,
745 2628 804 2668 ju-

103 2674 187 2707 bet.'
230 2676 388 2708 Ficticius
413 2677 543 2708 Abdias
565 2677 656 2708 Hist.
678 2678 803 2718 Apost.

103 2733 161 2756 111.
186 2727 240 2757 29.
283 2727 292 2743 ‘
308 2727 418 2758 jussit
443 2726 617 2766 fratribus,
641 2733 681 2758 ut
706 2737 806 2758 unus-

104 2775 247 2816 quisque
257 2780 375 2806 tenens
383 2781 564 2813 mortuum,
577 2777 691 2808 dicere
697 2782 729 2817 t,'
739 2780 805 2808 Sec.

103 2824 160 2857 Sic
176 2825 278 2857 etiam
301 2825 424 2866 passim
440 2824 608 2858 inferioris
620 2827 684 2858 aevi
699 2828 805 2868 scrip-

1437 212 1550 253 1523

844 319 950 353 tores,
975 320 1012 345 ut
1038 315 1192 354 agnoscit
1223 314 1264 345 G.
1291 314 1325 346 J.
1349 315 1486 346 Vossius
1509 318 1550 347 uo

844 365 1037 395 Construct.
1055 374 1085 395 c.
1103 366 1156 396 36.
1171 364 1229 405 qui
1248 370 1359 395 tamen
1378 364 1481 395 falsus
1500 373 1551 397 est

844 413 876 444 in
903 423 955 452 eo,
983 414 1071 456 quod
1100 414 1307 446 confirmarit
1331 425 1394 446 nec
1419 416 1554 447 Livium

844 473 908 495 nec
919 464 1009 495 illius
1022 464 1127 496 seculi
1137 475 1327 506 quenquam
1341 466 1387 496 sic
1401 466 1551 497 loc-ntum

844 524 931 547 esse.
970 516 1019 546 En
1036 516 1109 556 ipsa
1134 517 1220 547 Livii
1238 517 1342 547 verba
1360 525 1479 548 xxvii.
1497 520 1551 549 24.

844 565 853 580 ‘
872 564 957 596 Inde
975 570 1092 605 portas
1109 565 1392 606 custodire-jussit
1412 567 1553 597 tribunis

844 616 1002 654 militum,
1019 615 1260 658 praefectisque
1277 619 1404 648 socium
1423 624 1458 649 et
1476 628 1553 648 cen-

846 665 1066 703 turionibus;’
1093 667 1141 698 sic
1165 677 1280 698 omncs
1299 669 1396 706 Msti,
1425 668 1553 700 fatente

845 716 917 747 viro
945 726 1075 747 summo
1103 717 1137 749 J.
1156 717 1193 748 F.
1214 718 1398 753 Gronovi0‚
1423 719 1478 758 qui
1509 725 1556 748 ta-

846 777 923 798 men
939 768 1040 799 aliter
1054 778 1096 800 ex
1112 770 1312 810 conjectura
1328 770 1450 807 edidit,
1463 770 1554 810 quod

845 818 931 849 hanc
955 818 1161 850 locutionem
1189 821 1348 851 soloecam
1379 830 1451 851 esse
1479 831 1554 860 per-

847 877 963 907 peram
980 869 1206 910 existimaret,
1223 876 1260 902 ut
1275 870 1426 911 pluribus
1443 877 1554 901 osten-

845 919 926 950 dere
948 920 1011 951 viri
1036 921 1221 952 doctissimi
1250 924 1350 963 Casp.
1373 923 1553 963 Scioppius

846 973 882 1000 et
897 969 972 1002 Jac.
990 970 1189 1002 Perizonius
1206 971 1247 1002 ad
1265 973 1392 1004 Sanctii
1405 973 1552 1003 Minerv.

845 1019 866 1050 1.
884 1029 925 1051 ιι.
949 1030 1023 1062 cap.
1046 1024 1079 1052 4.
1112 1022 1225 1054 Ducis.
1259 1023 1475 1063 Militibus-,Ine
1488 1024 1553 1054 suis

846 1065 1111 1102 comni'endavit.
1149 1072 1206 1103 Sic
1224 1073 1307 1103 Mss.
1327 1074 1407 1113 [ἶρις.
1428 1073 1553 1103 liliens.

845 1120 969 1158 Vossii,
1001 1121 1242 1161 Carrariensis,
1273 1123 1402 1160 Ursini,
1435 1124 1555 1155 Petav.

845 1175 881 1200 et
898 1170 1038 1209 cujacii,
1054 1175 1089 1200 et
1105 1171 1198 1201 Edit.
1217 1172 1314 1202 Rom.
1334 1173 1458 1211 Yulzgg.
1476 1172 1556 1202 mili·

845 1220 984 1260 libusque
999 1220 1190 1260 suisjussit.
1229 1221 1330 1253 Quod
1349 1222 1470 1260 probat
1487 1223 1556 1252 Da·

846 1270 962 1310 visius,
983 1275 1018 1301 et
1035 1271 1147 1301 allatis
1165 1271 1267 1301 etiam
1285 1271 1447 1301 bonorum
1466 1271 1556 1301 Auc-

846 1324 960 1351 torum
985 1320 1150 1361 exemplis
1174 1320 1341 1351 defendit.
1387 1322 1453 1352 Sed
1480 1331 1558 1351 nus«

847 1380 946 1411 quam
985 1370 1065 1401 alibi
1102 1371 1150 1401 ita
1183 1371 1318 1401 locutus
1352 1376 1403 1402 est
1429 1372 1556 1402 caesar.

849 1420 957 1450 Clark.
993 1420 1227 1451 Commendatit
1243 1420 1406 1451 scribitur
1422 1431 1556 1461 quoque

847 1470 882 1500 in
912 1469 1008 1501 Leid.
1039 1480 1092 1511 pr.
1121 1475 1156 1501 et
1185 1470 1271 1501 Edd.
1300 1471 1448 1511 antiquis
1477 1476 1556 1501 ante

847 1518 986 1550 Aldum.
1044 1519 1160 1552 Quare
1199 1519 1234 1549 id
1281 1519 1434 1560 recipere
1479 1530 1557 1550 cum

849 1569 987 1601 Clarkio
998 1579 1063 1601 uon
1074 1570 1238 1601 haesitavi.
1258 1570 1428 1601 Mandavit
1444 1571 1556 1610 place·

850 1619 908 1650 bat
926 1620 1044 1651 Bruto.
1073 1620 1173 1651 subeo
1193 1620 1251 1651 tibi
1266 1630 1336 1651 non
1353 1621 1472 1651 dicunt
1494 1621 1558 1651 nisi

850 1670 1048 1710 depravatae
1059 1671 1131 1711 jam
1147 1671 1344 1702 Latinitatis
1358 1672 1555 1711 scriptores.

849 1721 935 1752 Tale
950 1720 1110 1751 mendum
1123 1730 1140 1751 e
1159 1721 1242 1751 Mss.
1257 1722 1375 1752 sustuli
1393 1722 1558 1752 Frontino

852 1780 902 1802 lv.
916 1774 946 1802 1.
970 1772 987 1811 ᾧ
1002 1774 1055 1803 43.
1079 1774 1088 1788 ⁴
1107 1771 1259 1812 legiones
1277 1771 1397 1802 eduxit
1413 1777 1558 1802 armatas

851 1826 885 1852 et
908 1822 1095 1853 consistere
1117 1821 1290 1852 ordinibus
1303 1821 1430 1861 jussit‚'
1457 1822 1558 1862 vulgo

849 1872 997 1903 omnibus.
1023 1872 1124 1903 Adde
1141 1873 1213 1903 Cel.
1240 1873 1358 1902 Burm.
1387 1872 1428 1902 ad
1454 1872 1557 1903 Ovid.

852 1924 939 1954 Met.
963 1932 1045 1954 vm.
1068 1926 1142 1954 752.
1174 1926 1210 1953 et
1235 1923 1378 1953 Suetou.
1411 1923 1558 1963 Vespa&

851 1983 880 2004 c.
900 1976 959 2004 23:
992 1974 1001 1990 ‘
1021 1973 1264 2013 legatosjussit
1283 1972 1433 2012 ponere)
1471 1973 1558 2003 Dein

851 2023 936 2055 Mss.
965 2033 1024 2054 sex
1050 2033 1087 2053 ne
1132 2023 1202 2063 quis
1237 2023 1415 2060 violaretur,
1457 2032 1560 2063 quare

850 2074 941 2105 malo
966 2083 1003 2104 ue
1026 2074 1078 2113 qui
1094 2073 1275 2107 violaretur,
1292 2080 1328 2103 ut
1348 2077 1399 2103 est
1422 2072 1455 2102 in
1483 2072 1559 2112 Cuj.

850 2124 930 2156 Pet.
955 2130 991 2155 et
1006 2125 1103 2155 Voss.
1127 2124 1191 2154 nisi
1209 2124 1297 2164 quod
1319 2125 1407 2154 male
1434 2123 1559 2153 lineam

851 2180 1080 2205 transversam
1092 2175 1240 2205 habeant
1250 2184 1352 2215 super
1364 2184 1391 2205 e.
1415 2174 1502 2204 vide
1517 2173 1560 2204 aci

851 2225 894 2256 B.
911 2225 956 2256 G.
973 2233 998 2255 1.
1013 2227 1067 2255 48.

894 2283 925 2306 e.
953 2278 969 2305 1
998 2275 1050 2305 Ad
1081 2273 1302 2313 Brundisium]
1336 2274 1440 2304 Laeva
1466 2282 1560 2303 mens

853 2325 932 2356 Pet.
957 2324 1174 2356 Ciacconium
1192 2323 1348 2364 urgebat,
1376 2333 1450 2354 cum
1475 2324 1561 2354 hanc

854 2374 1131 2416 praepositionem
1161 2375 1338 2405 delendam
1378 2384 1452 2405 esse
1484 2383 1562 2405 cen-

854 2433 945 2456 seret
961 2436 969 2462 ς
994 2435 1070 2456 nam
1085 2435 1114 2456 c.
1132 2428 1205 2455 101.
1222 2425 1346 2465 legitur
1373 2425 1499 2455 Cassius
1520 2425 1562 2455 ud

855 2477 1034 2508 Messanam
1048 2476 1176 2507 natibus
1192 2476 1359 2507 advolavit.
1399 2476 1442 2506 Et
1460 2485 1488 2506 c.
1507 2478 1559 2506 11.

851 2529 861 2545 ⁴
877 2528 938 2560 Cn.
957 2527 1138 2567 Pompeius
1154 2526 1330 2557 tilius—ad
1349 2527 1490 2557 Oricum
1505 2534 1561 2555 ve-

853 2577 926 2609 nit.’
971 2577 1078 2608 Sic-et
1095 2578 1277 2607 innumeris
1297 2579 1329 2608 in
1347 2577 1428 2606 locis
1448 2576 1561 2606 Caesar

854 2628 977 2668 aliique
1018 2627 1096 2658 boni
1136 2635 1305 2657 auctores.
1352 2625 1463 2656 Daris.
1508 2624 1561 2654 Aa

854 2687 921 2708 non
949 2682 1123 2718 comparet
1150 2683 1263 2706 tamen
1291 2677 1325 2705 in
1349 2674 1477 2712 optimo
1494 2672 1561 2702 Pe-

855 2734 925 2759 tav.
956 2737 1019 2758 nec
1050 2727 1160 2766 Bong.
1200 2735 1309 2764 neque
1341 2724 1436 2754 vix-s.
1494 2722 1560 2753 Sed

856 2777 932 2807 vide
949 2776 990 2807 ad
1008 2786 1057 2807 w.
1075 2779 1105 2806 3.
1150 2775 1280 2805 Verum
1295 2774 1328 2803 in
1347 2774 1423 2804 Pet.
1445 2781 1564 2803 exara—

856 2833 912 2858 tur
926 2827 1099 2859 Brundisio
1113 2827 1210 2857 venit.
1241 2823 1368 2856 Confer
1383 2827 1503 2855 notata
1514 2822 1559 2854 ad
