1850 3109
260 172 377 216 1626

258 277 347 310 vide
370 287 446 309 cum
474 278 567 319 alibi,
594 283 665 310 tum
690 278 732 311 ad
756 281 881 312 Lucan.
907 290 956 313 vr.

257 330 331 359 728.
363 334 399 359 ut
429 334 465 360 et
493 340 595 371 supra
621 330 663 362 ad
700 331 739 362 B.
768 332 811 362 G.
843 341 892 362 iv.
925 335 956 363 3.

257 379 266 395 ‘
285 378 364 409 Ubii
392 390 531 421 quorum
559 381 682 411 civitas
709 386 743 411 et
773 382 896 421 ampla,
923 388 959 413 et

257 429 382 468 paullo,
406 440 505 470 quam
534 436 611 461 sunt
639 431 787 470 ejusdem
806 430 958 471 generis,'

257 479 321 508 &a
347 488 407 518 pro
424 482 453 509 et
470 480 522 518 qui
538 481 650 519 paullo.

299 532 319 557 8
342 529 383 559 Sc
402 530 526 560 Nasidii
543 531 635 560 classe
648 530 785 570 capnon]
821 532 897 562 Pet.
921 537 956 563 et

257 578 363 609 Norv.
383 579 466 609 male
484 579 565 610 dant
578 581 628 610 sed
643 589 710 610 eum
727 580 852 611 Nasidii
866 583 959 612 classe

255 631 399 668 captum,-
434 639 496 660 nec
526 631 646 661 melior
676 637 729 662 est
758 632 957 672 Grypliiana

256 679 373 718 lectio,
401 690 432 711 sc
463 681 496 711 in
528 682 654 712 Nasidii
689 684 783 713 classe
823 687 956 723 captum.

257 729 346 760 Nam
390 730 551 762 Nasidius
597 738 671 763 erat
717 733 956 774 Pompeianus.

255 779 342 810 Vide
359 781 398 812 B.
421 782 466 813 G.
484 791 524 813 11.
543 786 573 813 3.
599 794 694 824 seqq.
733 784 958 815 Scribendum

254 839 334 861 vero
346 841 408 862 sea
428 833 554 863 Nasidii
574 834 670 864 classe
696 838 830 873 captum,
856 839 958 874 prout

255 887 347 912 reete
374 883 491 923 anac.
522 888 556 914 et
584 884 696 915 Ursin.
730 885 841 915 Daris.
887 895 957 916 cur.

253 940 321 963 see.
368 932 607 964 E‹ld.Vasc0s.
635 935 798 974 Stephan.
822 940 856 965 et
883 935 957 966 aliae

253 990 283 1011 sc
299 982 330 1011 in
352 983 427 1014 Nus.
451 992 631 1024 perperam
649 985 785 1015 omnino
807 990 845 1016 nt
863 991 956 1017 nota-

254 1031 302 1062 vit
322 1031 491 1063 Davisius,
537 1034 570 1064 Si
589 1035 678 1065 enim
706 1035 739 1065 in
763 1036 870 1067 classe
889 1037 957 1068 Na-

253 1080 331 1111 sidii
358 1081 488 1122 fuisset,
505 1084 585 1114 Vari
609 1094 673 1115 non
695 1086 805 1125 potuit
827 1087 956 1119 benefi-

253 1132 305 1163 cio
320 1135 466 1173 servar13
491 1135 539 1166 illi
563 1136 650 1166 enim
668 1142 763 1167 erant
779 1137 957 1177 Pompeia-

254 1183 298 1214 ni.
323 1184 411 1214 Vide
426 1185 468 1215 Β.
487 1186 558 1216 Civ.
583 1186 603 1216 Ι.
622 1194 649 1216 ιι
666 1209 672 1216 .
688 1187 783 1218 Leid.
801 1198 868 1219 sec.
892 1198 924 1219 se
938 1200 957 1220 ιι

252 1233 348 1272 ipsius
362 1234 398 1264 cl.
412 1234 507 1265 Leid.
527 1245 576 1275 pr.
592 1246 623 1266 se
636 1247 654 1266 a
672 1238 793 1268 narium
809 1239 847 1270 cl.
863 1240 957 1270 Bene

253 1283 330 1323 Cuj.
355 1289 391 1315 et
407 1284 522 1316 Ursin.
553 1296 584 1316 se
609 1297 628 1316 (ι
656 1288 782 1319 Nasidii
809 1289 847 1320 cl.
869 1290 957 1322 unde

253 1333 341 1364 Edd.
360 1334 457 1366 Rom.
477 1336 571 1367 Med.
595 1338 684 1368 Ven.
707 1340 760 1369 sed
786 1339 866 1370 Nus.
892 1341 958 1372 Re.-

253 1384 328 1423 cepi
352 1384 467 1426 itaque
492 1395 523 1417 se
549 1397 567 1417 a
599 1388 640 1418 N.
666 1390 704 1419 cl.
755 1389 914 1432 Alioquin
939 1402 959 1422 ιι

253 1439 366 1474 posset
379 1436 509 1469 abesse.
534 1439 576 1470 V.
594 1449 623 1470 c.
638 1443 692 1471 61.
710 1442 724 1481 ξ
740 1443 772 1471 4.
789 1445 895 1481 captus
907 1447 958 1474 est

249 1485 282 1516 in
299 1486 393 1518 Leid.
410 1497 476 1519 see.
493 1492 620 1530 captum
637 1491 735 1521 abest
749 1502 768 1522 a
782 1493 890 1523 Dorv.

295 1545 375 1568 va.
398 1541 417 1568 7
454 1540 578 1581 Recipit
608 1542 641 1571 in
669 1543 785 1582 castra]
832 1543 886 1575 Sic
913 1555 955 1576 ex

252 1586 346 1618 Msto
372 1589 511 1622 Norvic.
536 1593 694 1632 reposui:
722 1594 754 1624 in
779 1595 853 1626 aliis
882 1602 957 1628 erat

250 1639 364 1678 recepit
376 1640 407 1670 in
421 1644 536 1680 castra,
548 1652 621 1683 quae
640 1644 740 1674 lectio
757 1645 866 1676 minus
880 1656 956 1678 eon-

251 1688 344 1719 venit
360 1699 435 1720 eum
455 1692 565 1723 verbis
583 1694 763 1733 praesentis
782 1697 955 1737 temporis,

251 1738 450 1779 quibuscum
468 1743 699 1783 conjungitur.
732 1745 843 1778 Daris.
891 1748 956 1780 Re-

251 1790 345 1829 cepit
368 1790 399 1821 in
417 1795 530 1823 castra.
576 1794 750 1834 Davisius,
772 1806 813 1826 ex
830 1798 895 1828 Ms.
916 1800 956 1830 E-

251 1837 362 1878 liensi‚
390 1840 460 1882 (cui
489 1841 696 1883 suffragatur
722 1845 787 1875 Ms.
813 1847 955 1889 Vossii,)

255 1890 428 1929 emendat,
452 1893 573 1932 recipit.
621 1895 721 1927 Quod
749 1901 784 1927 et
809 1897 955 1939 Tempo-

251 1948 323 1969 rum
343 1941 428 1970 ratio
446 1941 579 1972 videtur
591 1944 775 1982 postulare.
824 1947 954 1979 Verun-

250 1992 363 2019 tamen
401 1990 433 2019 in
465 1991 657 2031 hujusmodi
689 1997 953 2037 construetione,

249 2037 305 2069 nbi
337 2043 495 2081 tanquam
528 2051 682 2081 praesens
714 2050 869 2076 narratur
900 2057 952 2078 res

250 2090 441 2130 praeterita,
469 2092 609 2131 perinde
625 2099 687 2124 est.
724 2096 831 2126 Clark.
880 2097 952 2128 Mo-

250 2137 358 2170 nitum
375 2140 436 2171 hoc
454 2142 647 2182 swpissime.
693 2145 763 2175 Mei
781 2146 833 2177 hie
849 2147 952 2179 etiam

249 2189 374 2229 recipit.

292 2242 332 2270 10
361 2241 464 2281 Atque
491 2242 556 2282 ipse
583 2244 732 2283 qnotidie,
749 2247 876 2277 —Iocis
890 2247 952 2277 ido-

247 2289 313 2320 aeis
325 2291 476 2331 consedit]
498 2293 553 2323 Sic
572 2294 757 2334 Mss.‘ch.
775 2300 810 2326 et
827 2297 950 2330 linens.

251 2344 287 2370 et
319 2340 411 2372 Edit.
445 2343 541 2374 Rom.
587 2344 681 2374 Editi
715 2346 951 2388 Recentiores,

247 2392 340 2429 atque
365 2389 409 2421 ibi
433 2391 509 2431 ipse,
535 2394 587 2431 ‹ts-c.
635 2394 823 2434 Perperam
839 2396 951 2427 admo-

247 2438 326 2469 dum
355 2444 389 2470 et
413 2440 565 2472 absurde.
611 2443 688 2473 Non
705 2443 794 2474 enim
812 2444 855 2475 ibi
878 2446 949 2485 ipse

247 2489 421 2527 consedit;
446 2491 517 2530 sed,
541 2493 666 2523 castris
683 2493 823 2525 duarum
849 2496 950 2535 legio-

246 2550 324 2571 num
342 2541 384 2571 ibi
407 2541 518 2579 tactis,
544 2543 607 2582 ipse
623 2544 775 2584 quotidie
793 2553 886 2576 certo
904 2549 950 2576 in-

246 2591 391 2622 tervallo
425 2592 455 2623 in
486 2593 558 2623 Iocis
589 2594 705 2624 idoneis
733 2595 949 2628 insidiaturus

246 2641 411 2672 consedit.
449 2642 549 2675 Quod
569 2643 687 2674 mirum
706 2645 863 2677 Editores
882 2657 949 2677 om-

250 2701 309 2723 nes·
338 2690 476 2733 fugisse,
499 2698 624 2734 praeter
642 2703 741 2725 unum
767 2696 864 2727 Joan.
884 2698 951 2728 Go-

246 2743 397 2784 dninum,
413 2743 497 2775 alias
511 2743 620 2775 minus
641 2744 815 2777 scientem.
842 2747 950 2778 Clark.

715 185 856 216 No'rAE
896 185 1160 218 VAmoRUM
1203 188 1255 219 IN

1007 281 1164 313 Secunda
1190 293 1255 314 vox
1283 284 1486 316 sententiam
1510 286 1638 326 turbat,
1667 297 1710 320 ea

1009 332 1112 372 igitur
1127 334 1252 373 deleta,
1277 336 1350 375 lege
1372 338 1464 375 atque
1484 336 1550 376 ipse
1565 338 1714 379 quotidie,

1008 387 1109 421 prout
1126 384 1315 415 Beroaldus
1333 385 1463 422 edidit;
1487 395 1527 417 ac
1553 386 1603 417 ita
1627 387 1712 419 dant

1010 431 1131 463 Petav.
1148 434 1278 467 Buslid.
1296 440 1331 466 et
1351 436 1489 467 Non-vic.
1535 436 1591 467 Sic
1609 437 1711 469 etiam

1010 481 1187 514 Goduinus
1215 490 1251 515 et
1277 486 1435 517 Clarkius
1461 496 1502 517 ex
1520 487 1587 518 suis
1604 487 1713 520 Codd.

1010 531 1158 563 voluere.
1193 534 1304 565 Daris.
1331 545 1401 566 cur.
1419 546 1487 568 sec.
1532 537 1710 568 Delevirb

1008 579 1064 619 ibi,
1080 591 1242 612 consensu
1260 584 1360 614 etiam
1379 586 1607 626 Leidensinm,
1622 587 1713 619 Scal.

1011 631 1118 662 Dorv.
1137 637 1172 662 et
1189 632 1277 664 Edd.
1293 633 1378 664 Ven.
1397 644 1436 665 ae
1454 636 1596 668 Mediol.

1054 684 1092 712 13
1119 682 1281 723 Consedit]
1324 684 1449 725 Scalig.
1478 690 1513 716 et
1536 687 1633 718 Leid.
1660 697 1712 728 pr.

1009 733 1165 763 considet.-
1200 738 1237 764 ut
1268 734 1403 765 scilicet
1434 736 1639 776 respondeat
1670 739 1717 776 τῷ

1001 781 1098 818 facit.
1143 783 1208 814 Sed
1234 784 1345 815 verior
1370 785 1474 816 lectio
1491 786 1625 817 videtur
1645 797 1714 818 con·

1008 832 1095 863 sidit.
1140 834 1195 864 De
1213 844 1278 875 quo
1296 835 1398 866 verbo
1413 836 1466 866 adi
1485 836 1526 866 ad
1545 845 1626 868 vin.
1638 840 1693 868 32.

1053 890 1148 912 val.
1165 886 1186 912 9
1209 883 1375 923 Suppetias
1397 887 1547 926 occurrit]
1585 887 1640 919 Sic
1666 887 1713 918 lo-

1011 931 1125 971 quitur
1150 931 1238 963 infra
1254 943 1283 963 c.
1303 936 1357 964 08.
1405 935 1492 966 Haec
1509 942 1620 967 tamen
1637 936 1714 977 φρά-

1009 991 1057 1011 σις
1079 981 1260 1013 Dodwello
1286 987 1355 1013 tam
1382 983 1554 1024 displicet,
1577 991 1615 1017 ut
1640 996 1714 1018 eam

1010 1041 1075 1063 non
1092 1032 1135 1063 ab
1153 1033 1280 1073 Hirtio,
1300 1034 1359 1066 sed
1374 1045 1393 1065 a
1409 1036 1509 1067 Celso
1531 1037 1714 1078 interpola-

1010 1088 1084 1114 tore
1102 1082 1201 1115 fuisse
1224 1087 1406 1117 censuerit.
1453 1087 1541 1118 vide
1558 1087 1652 1120 Diss.
1670 1089 1713 1120 de

1009 1133 1103 1165 Julio
1120 1135 1220 1166 Celso
1236 1136 1252 1176 ξ
1269 1139 1298 1167 8.
1343 1136 1410 1167 Sed
1436 1147 1471 1167 se
1487 1137 1584 1169 nimis
1602 1148 1712 1170 moro-

1010 1193 1082 1213 sum
1096 1193 1273 1215 censorem
1297 1187 1462 1225 praestitit
1477 1188 1528 1218 vir
1549 1189 1713 1228 eximius;

1009 1242 1086 1264 nam
1104 1243 1178 1265 cum
1194 1236 1351 1275 suppetias
1365 1246 1523 1267 occurrere
1544 1238 1588 1269 sit
1612 1238 1714 1280 idem,

1011 1283 1099 1324 quod
1111 1285 1268 1324 suppetiae
1283 1286 1316 1316 in
1334 1290 1488 1327 tempore
1503 1289 1629 1326 renim
1646 1299 1712 1322 non

1011 1339 1062 1365 est
1079 1344 1140 1365 eur
1160 1341 1312 1366 nostrum
1330 1337 1426 1368 malae
1453 1338 1648 1370 Latinitatis
1666 1341 1714 1372 in-

1011 1394 1176 1417 cusemus.
1223 1386 1291 1417 Adi
1307 1387 1339 1419 J.
1358 1388 1413 1418 Fr.
1438 1388 1646 1420 Gronovium
1668 1391 1711 1422 ad

1009 1436 1175 1468 Senecam
1193 1438 1355 1469 Controv.
1373 1446 1421 1469 xi.
1439 1448 1472 1478 p.
1490 1442 1563 1470 186.
1599 1439 1711 1473 Davis.

1010 1498 1080 1520 eur.
1096 1499 1164 1520 sec.
1208 1490 1297 1521 Vide
1315 1490 1416 1521 etiam
1434 1500 1537 1532 snpra
1551 1492 1591 1522 ad
1609 1502 1639 1523 c.
1657 1495 1711 1524 39.

1009 1548 1040 1570 c.
1057 1542 1088 1570 5.
1107 1540 1115 1555 ‘
1135 1540 1309 1580 suppetias
1328 1539 1467 1571 venire.'
1491 1551 1521 1572 c.
1538 1545 1590 1573 25.
1608 1543 1616 1558 ‘
1633 1553 1710 1584 sup-

1011 1588 1120 1628 petias
1148 1588 1342 1629 p1·ofleisci.'
1381 1600 1408 1620 e.
1435 1592 1487 1621 39.
1513 1591 1711 1632 ‘subpetias

1009 1637 1085 1668 ire.'
1111 1648 1140 1669 c.
1155 1641 1207 1669 75.
1223 1642 1232 1655 ‘
1250 1639 1427 1680 subpetias
1444 1641 1604 1672 mittere.’

1052 1692 1200 1720 va11.l
1243 1690 1395 1724 Quoniam
1413 1691 1568 1728 frumenti
1591 1693 1712 1735 inopia]

1008 1739 1075 1770 Ms.
1095 1739 1232 1771 Norvic.
1249 1741 1464 1780 quisi-umenti
1478 1743 1582 1783 inopia
1594 1754 1712 1784 preme-

1009 1789 1112 1829 batur,
1141 1794 1177 1821 et
1193 1800 1231 1821 ea
1255 1801 1335 1822 sane
1361 1793 1462 1824 lectio
1478 1803 1574 1834 mque
1597 1794 1713 1835 placet

1009 1849 1047 1871 ae
1064 1841 1212 1881 vulgata.
1237 1842 1351 1874 Daris.

1052 1894 1089 1922 ll
1117 1892 1221 1922 Pauco
1236 1893 1352 1932 tritici]
1387 1894 1532 1925 Meliore
1553 1895 1634 1935 jure
1659 1897 1711 1929 Cl.

1007 1939 1207 1971 Dodwellus
1223 1942 1285 1973 hoe
1303 1942 1443 1973 verbum
1461 1945 1710 1985 reprehendere

1007 1996 1136 2030 posset.
1174 2002 1272 2032 qnam
1310 1994 1443 2034 reliqua
1461 2005 1468 2024 :
1515 1997 1710 2037 exemplum

1006 2041 1094 2071 enim
1113 2042 1229 2072 nescio
1247 2042 1338 2082 apud
1367 2044 1460 2075 aurei
1477 2045 1539 2075 aevi
1567 2046 1712 2087 scripto-

1006 2101 1071 2127 res,
1089 2093 1145 2123 nbi
1161 2103 1280 2133 paucus
1306 2094 1338 2124 in
1362 2095 1522 2135 singulari
1540 2102 1710 2130 occurrat.

1004 2143 1070 2174 Sed
1109 2148 1144 2175 et
1177 2144 1327 2174 Hirtium
1358 2145 1407 2176 ita
1438 2146 1614 2186 scripsisse
1643 2158 1710 2180 non

1005 2193 1108 2224 credo
1123 2204 1129 2223 ε
1154 2204 1264 2233 parum
1282 2199 1333 2225 est
1348 2195 1381 2225 in
1394 2197 1502 2227 Dorv.
1548 2197 1657 2229 Immo
1673 2199 1708 2230 in

1004 2243 1132 2283 optimo
1161 2243 1255 2275 Leid.
1279 2254 1330 2284 pr.
1357 2249 1465 2276 restat
1496 2246 1582 2277 hene
1602 2257 1708 2287 parvo.

1004 2293 1072 2323 Pro
1089 2297 1226 2324 recreato
1243 2293 1407 2325 Aicardus
1422 2296 1611 2328 rescribere
1636 2302 1708 2329 ten-

1004 2342 1089 2372 tavit
1105 2347 1258 2379 recuralo,
1275 2353 1329 2374 me
1344 2353 1409 2375 non
1423 2344 1648 2378 adsentiente.

1046 2400 1178 2423 1.xvn¹.
1196 2396 1216 2423 6
1242 2394 1366 2424 ‘'astris
1381 2405 1419 2424 ex
1434 2406 1540 2436 campo
1554 2396 1588 2427 in
1602 2398 1708 2429 collem

1003 2451 1038 2471 nc
1055 2442 1170 2472 tutiora
1187 2444 1251 2472 locu
1267 2444 1438 2484 collocatis]
1476 2446 1561 2476 Cum
1590 2447 1707 2487 Lipsio

1004 2491 1236 2531 rescripserim
1249 2494 1368 2523 collutis
1380 2505 1390 2529 ;
1403 2495 1506 2534 qnod,
1523 2501 1559 2526 ut
1574 2497 1706 2536 opinor,

1003 2539 1124 2579 linguae
1143 2542 1274 2572 Latinae
1291 2543 1377 2574 ratio
1394 2545 1556 2583 postulat.
1593 2546 1705 2577 Davis.

1003 2599 1075 2620 cur.
1093 2601 1161 2622 sec.
1207 2592 1316 2623 Recte
1331 2593 1450 2623 collati-t
1459 2593 1603 2633 Lipsius.
1650 2596 1706 2628 lta

1004 2640 1035 2670 in
1053 2641 1092 2670 Β.
1110 2639 1209 2672 Alex.
1227 2652 1254 2672 c.
1278 2646 1309 2672 6.
1358 2645 1471 2675 (tustra
1486 2646 1597 2676 castris
1610 2647 1704 2678 colla·

1003 2693 1048 2730 ta,
1081 2691 1113 2721 in
1144 2692 1227 2723 Mss.
1257 2697 1308 2722 est
1339 2703 1515 2734 perperam
1544 2696 1703 2728 collocata.

1004 2742 1094 2774 Dein
1111 2743 1246 2784 reposui
1273 2745 1417 2785 oppidum
1434 2747 1556 2787 potitur
1571 2756 1633 2789 pro
1653 2757 1706 2787 op-
