1850 3109
282 193 395 234 1556

281 298 462 337 exercitus,
487 307 597 340 neque
620 298 710 329 enim
746 299 779 329 in
811 307 877 329 uno
911 298 986 329 loco

279 355 371 381 stans
409 359 529 390 agmen
565 349 864 380 vocaturz——unde
899 349 986 379 bene
1031 349 1262 389 jungebatur!

280 400 408 440 adjecit
438 401 576 439 long-um,
606 405 643 430 ut
675 399 903 430 incedentium
935 407 987 429 os·

280 450 435 482 tenderet
469 449 772 488 significationem)
827 449 914 479 Vide
949 453 985 479 et

280 501 423 532 eundem
436 500 478 530 ad
493 500 565 531 [En.
585 508 608 530 ι.
625 502 677 531 86.
703 499 812 530 Daris.
837 499 930 529 Vide
941 498 983 529 ad

280 552 321 580 B.
338 551 380 582 G.
399 558 454 581 ιιι.
471 552 522 581 24.
568 550 576 566 ‘
595 549 775 589 Inpeditos
798 549 831 580 in
848 549 982 590 agmine

280 600 430 631 adoriri)

322 658 419 681 xmv.
436 653 455 681 2
488 650 526 680 In
545 649 689 690 Illyrica]
714 650 912 681 Notandum
930 654 982 681 est

278 702 360 732 Mss.
386 701 584 739 Leidenses,
603 702 723 733 Petav.
741 703 867 733 Lovan.
887 702 981 732 Voss.

274 751 398 782 habere
423 751 596 792 Illyricam,
622 756 658 783 et
683 751 737 783 adi
758 752 797 783 B.
815 752 857 784 G.
877 761 909 782 v.
927 754 980 783 24.

275 808 282 816 ·
307 802 344 831 lu
360 801 506 833 Galliam
523 802 668 833 morari!

320 855 357 883 10
383 852 521 884 Litteras
537 853 568 884 in
590 853 741 884 Achaiam
767 855 808 883 ad
826 853 866 888 Q.
887 853 982 884 Kale-

277 913 350 933 num
369 903 470 943 misit]
500 903 662 934 Nonnulli
677 903 783 935 Codd.
807 904 928 934 litteras
942 905 981 934 ad

274 954 436 993 Achaiam,
463 954 518 984 alii
543 955 576 985 in
592 954 745 986 Achaiam
769 957 860 994 atque
885 954 981 984 Kale-

274 1014 358 1042 num,
387 1003 476 1035 unde
508 1005 708 1045 conjectura
734 1004 858 1036 ductus
884 1005 979 1036 Fulv.

273 1055 414 1086 Ursinus
440 1056 622 1088 lectionem
647 1067 666 1088 a
683 1056 822 1098 nuperis
840 1056 980 1088 editori-

274 1104 333 1134 bus
351 1109 523 1145 receptam
542 1107 731 1138 substituit.
778 1107 862 1138 Eam
875 1107 978 1138 etiam

275 1161 519 1196 repraesentant
557 1157 622 1187 Ms.
663 1158 770 1189 Norv.
809 1163 844 1188 et
878 1158 977 1189 editt.

274 1206 368 1236 Rom.
385 1206 472 1237 Ven.
490 1207 568 1238 Ber.
583 1207 701 1247 (Vasc.
729 1207 860 1248 Grypli.
886 1212 976 1248 post.

272 1256 357 1292 Str.)
371 1256 492 1286 omisso
509 1261 641 1287 tantum
659 1257 876 1297 praenomine,
889 1258 977 1299 quod

271 1317 313 1337 ex
326 1306 488 1338 Codicum
502 1317 669 1339 consensu
682 1308 847 1339 deleatur.
864 1308 977 1339 Daris.

272 1358 494 1398 Nequaquam
519 1356 699 1389 delendum
715 1363 767 1389 est
783 1367 859 1389 cum
886 1359 980 1389 Ursi-

269 1418 312 1439 no
326 1413 361 1439 et
378 1408 519 1439 Davisio
537 1418 744 1449 pra‘nomen.
780 1408 872 1440 Hinc
887 1409 976 1440 enim

268 1457 352 1488 illud
383 1461 486 1498 atque,
516 1458 606 1499 quod
642 1458 675 1489 in
707 1459 789 1489 Lov.
817 1459 917 1489 Voss.
941 1463 977 1490 et

277 1509 367 1539 Leid.
385 1518 451 1540 sec.
469 1514 587 1540 restat.
620 1507 688 1539 Sed
705 1509 744 1539 ad
762 1509 802 1543 Q.
820 1509 978 1539 Kalenum

271 1559 431 1590 exhibent
459 1560 549 1590 Scal.
581 1559 702 1590 Petav.
735 1558 829 1589 Leid.
862 1569 912 1599 pr.
943 1560 976 1589 in

275 1620 339 1649 quo
357 1614 408 1640 est
425 1611 465 1640 ad
482 1609 522 1644 Q.
542 1610 699 1640 Kalcnum
714 1609 746 1639 in
759 1609 851 1648 Am,
876 1619 914 1640 ac
936 1611 975 1641 R.

269 1661 390 1700 Steph.

317 1715 352 1741 15
389 1711 454 1742 His
481 1711 649 1752 adjunctis]
684 1711 770 1742 Ha‘c
802 1711 975 1742 ciacconii

268 1761 481 1802 conjectura,
499 1771 516 1792 a
532 1761 705 1801 Scaligero
722 1761 755 1791 in
774 1765 906 1791 textum
925 1770 976 1791 re-

268 1816 382 1852 cepta,
405 1822 504 1853 quam
529 1811 666 1843 firmant
692 1812 789 1842 editt.
815 1812 974 1843 Beroald.

267 1868 302 1894 et
317 1863 480 1902 Stephani.
513 1861 578 1892 Alii
592 1871 707 1893 omnes
726 1866 976 1903 ropraesentant

265 1913 320 1943 lua:
357 1913 529 1950 adjunctas.
564 1913 676 1943 Dacis.
718 1913 850 1944 Praeter
889 1914 975 1944 anti—

267 1963 464 2004 quissimum
493 1963 758 2002 Carrarieusem,
782 1963 838 2004 qui
862 1968 930 1994 stat
954 1974 974 1994 a

263 2023 345 2044 vera
375 2014 535 2044 lectione.
561 2013 660 2052 Idem,
684 2023 755 2044 cur.
785 2023 852 2045 sec.
888 2015 970 2045 Mss.

263 2063 418 2104 plerique
434 2068 470 2094 et
483 2064 592 2095 Editt.
607 2064 704 2095 Vett.
719 2065 773 2095 has
789 2064 972 2102 adjunctas,-

265 2114 355 2155 quod
372 2114 528 2145 Latinum
546 2124 612 2145 non
636 2120 700 2146 est.
738 2116 803 2146 Ms.
822 2116 905 2156 Reg.
940 2119 970 2146 et

260 2165 414 2202 adjunclis
442 2165 509 2195 his:
547 2175 621 2205 qua:
654 2166 756 2196 lectio
784 2165 903 2196 eadem
930 2175 969 2197 ac

263 2216 412 2255 vulgata.
458 2215 550 2248 Quid
568 2216 596 2245 si
613 2217 775 2256 legamus,
790 2218 829 2246 ad
845 2217 901 2247 has
915 2218 968 2247 ad-

252 2266 381 2304 junctis,
408 2265 485 2305 2312?
524 2266 610 2297 Nam
644 2266 678 2297 in
709 2267 864 2298 omuibus
896 2266 969 2298 fere

260 2317 345 2347 Mss.
368 2322 433 2356 est,
462 2317 538 2351 has:
575 2321 611 2348 et
638 2317 716 2348 inde
745 2327 787 2348 ex
814 2318 970 2356 adjunctis

258 2367 340 2398 fecit
359 2367 591 2398 Librariornm
605 2368 777 2408 imperitia
793 2369 968 2406 adjunctas.

260 2418 367 2448 Clark.
409 2418 449 2447 Et
481 2419 634 2456 adjunctis
660 2419 710 2449 his
739 2418 842 2450 etiam
871 2420 966 2450 Leid.

259 2477 329 2499 bec.
375 2468 440 2498 His
463 2469 616 2508 adjunctis
635 2469 815 2499 ediderunt
834 2479 966 2509 quoque

257 2518 399 2550 Vascos.
425 2523 461 2550 et
488 2519 622 2559 Grypli.
654 2523 741 2559 post.
777 2519 840 2549 Ed.
872 2519 967 2559 eujus

258 2572 341 2599 nota
363 2568 395 2599 G
423 2578 443 2599 a
472 2569 611 2600 Davisio
637 2569 724 2598 male
751 2572 895 2608 accepta
911 2573 964 2599 est

259 2628 321 2659 pro
339 2619 376 2650 C.
405 2619 519 2651 Ceteri
542 2625 636 2651 certe
661 2620 744 2651 Mss.
760 2619 825 2649 mei
842 2619 897 2649 has
911 2621 966 2650 ad-

249 2670 388 2708 junctas.
425 2670 532 2702 -Uude
548 2670 683 2701 omniuo
706 2670 819 2710 placet
836 2667 964 2701 Clarkii

258 2721 459 2761 conjectura
474 2723 514 2753 ad
530 2721 584 2752 has
599 2722 774 2760 adium-tis,-
790 2726 828 2752 ut
842 2721 964 2762 passim

258 2781 333 2802 cum
347 2772 420 2803 aliis
433 2772 613 2814 loquuntur
625 2772 752 2813 Caesar,
765 2775 801 2804 et
814 2772 963 2804 Hirtius.

752 203 891 234 NoTAE
923 202 1190 233 VARIORUM
1225 202 1274 232 IN

1037 308 1067 329 c.
1098 301 1150 329 49.
1188 299 1198 316 ‘
1215 297 1410 330 sollicitudo
1433 297 1474 329 ad
1501 296 1654 338 jacturas
1682 295 1739 328 'adss

1318 350 1363 380 Et
1390 349 1438 379 ita
1463 349 1586 387 addere,
1607 347 1743 387 adjicere

1035 400 1075 429 ad
1097 401 1229 439 aliquid:
1253 400 1293 430 de
1312 399 1432 441 quibus
1449 398 1526 429 vide
1544 398 1595 429 Cl.
1621 399 1737 430 Burm-

1035 449 1077 480 ad
1093 450 1186 480 Suet.
1205 450 1289 490 Aug.
1307 460 1335 482 c.
1353 453 1405 481 32.
1431 450 1524 481 Cort.
1539 448 1581 479 ad
1598 448 1677 480 Sall.
1694 448 1737 480 B.

1036 499 1110 530 Cat.
1129 508 1158 530 c.
1178 502 1231 530 51.

1076 552 1096 579 6
1121 548 1294 588 Militibus]
1326 549 1409 581 Mss.
1436 548 1601 586 nonnulli,
1618 547 1668 590 (in
1686 547 1738 578 his

1036 598 1130 630 Leid.
1149 599 1236 640 sec.)
1263 599 1480 639 militibusque.
1525 598 1590 630 Sed
1616 607 1739 639 perpe-

1034 660 1116 681 ram.
1161 649 1250 680 Vide
1279 659 1381 690 supra
1408 649 1450 679 ad
1480 650 1519 680 B.
1547 649 1590 680 G.
1619 657 1658 680 ιι.
1684 650 1737 679 13.

1035 702 1143 731 Clark.
1737 721 1742 726 -

1076 760 1154 781 va.
1183 753 1199 780 1
1228 750 1388 789 Octavius,
1416 759 1521 789 quum,
1551 747 1620 789 thu]
1669 748 1740 781 Mt·-

1033 801 1118 841 Reg.
1142 804 1171 832 et
1188 801 1363 840 quu111,85c.
1397 801 1445 831 Ut
1462 799 1550 831 forte
1577 799 1643 839 legi
1659 808 1740 840 pos-

1032 851 1088 889 sit,
1102 852 1129 882 is
1145 861 1248 891 quum,
1261 852 1314 889 dyc.
1358 850 1426 882 Sed
1452 854 1618 891 praestare
1644 849 1738 881 vide-

1033 907 1089 932 tur
1107 902 1243 941 vulgata
1261 901 1377 932 lectio.
1405 901 1514 931 Clark.

1075 954 1095 982 9
1132 952 1321 982 Instructam
1359 951 1643 991 propugnatoribus
1671 950 1740 982 anl⁴

1031 1011 1114 1032 mum
1136 1000 1288 1041 advertit]
1321 1001 1429 1032 Editt.
1456 1001 1641 1032 instructam
1666 1010 1741 1042 pro·

1027 1052 1254 1094 pugnatoribus
1267 1052 1510 1083 animadvertit:
1537 1051 1595 1082 sed
1620 1052 1739 1084 lectio-¹

1031 1113 1108 1134 nem
1126 1113 1144 1134 a
1161 1113 1214 1134 me
1231 1107 1403 1143 receptam
1418 1103 1654 1143 suppeditavit
1671 1103 1740 1136 ΜΒ.

1032 1153 1142 1184 Norv.
1157 1163 1231 1195 qum
1257 1154 1393 1193 vulgata
1410 1154 1523 1184 multis
1541 1153 1742 1195 parasangis

1030 1209 1082 1235 est
1097 1204 1298 1243 elegantior.
1346 1205 1435 1235 Vide
1451 1209 1559 1235 notat.
1575 1204 1616 1236 ad
1635 1205 1676 1235 B.
1690 1205 1737 1237 G.

1030 1263 1054 1286 1.
1078 1257 1132 1286 24.
1156 1255 1266 1286 Daris.
1308 1256 1383 1287 Hoc
1408 1257 1484 1287 loeo
1513 1255 1594 1286 mihi
1629 1256 1741 1297 magis

1030 1305 1165 1336 adridet
1188 1306 1290 1337 lectio
1305 1306 1382 1337 Pet.
1399 1311 1434 1337 et
1452 1306 1546 1337 Leid.
1562 1316 1615 1347 pr.
1628 1307 1735 1338 adt-er-

1029 1357 1082 1387 tit.
1105 1356 1192 1387 Vide
1207 1356 1343 1387 omnino
1362 1356 1402 1387 ad
1414 1365 1495 1388 νιιι.
1514 1359 1565 1387 16.
1587 1358 1596 1372 ‘
1609 1356 1740 1388 Partes

1028 1407 1248 1438 adverterent
1262 1407 1450 1448 equorum!
1472 1407 1637 1449 Sequenti
1655 1416 1736 1439 vero

1028 1458 1143 1498 capite
1161 1468 1178 1488 e
1194 1457 1353 1488 Leidensi
1369 1458 1478 1498 primo
1495 1458 1630 1498 reposui
1659 1467 1739 1490 con·

1029 1508 1173 1540 fidenter
1189 1509 1326 1539 animum
1341 1510 1528 1540 adverteret.

1073 1563 1112 1590 16
1146 1560 1295 1590 Par-atior
1320 1560 1456 1590 militum
1477 1560 1605 1599 animis]
1629 1561 1735 1599 Cave,

1029 1621 1105 1642 cum
1123 1611 1205 1641 viro
1222 1611 1325 1642 docto
1345 1611 1398 1641 hic
1416 1610 1642 1641 Graecismnm
1666 1619 1737 1642 sec-

1028 1662 1122 1701 teris,
1146 1662 1282 1701 legente
1296 1672 1329 1702 p.
1347 1671 1387 1692 m.
1402 1661 1514 1701 magis.
1560 1661 1734 1703 Frequens

1027 1713 1117 1743 enim
1141 1713 1175 1743 in
1202 1713 1252 1743 his
1279 1711 1528 1744 commentariis
1542 1715 1592 1742 est
1608 1711 1736 1743 locutio

1023 1768 1153 1804 paratus
1167 1764 1280 1795 animo.
1326 1764 1406 1803 Ipse
1426 1762 1518 1793 Hirt.
1534 1762 1574 1793 B.
1589 1762 1632 1793 G.
1652 1770 1734 1793 vm.

1028 1817 1077 1845 18.
1103 1817 1111 1832 ‘
1130 1814 1255 1846 Animo
1280 1818 1382 1855 atque
1409 1813 1509 1843 armis
1531 1812 1666 1852 parati?
1694 1812 1735 1845 B.

1025 1863 1101 1895 Afr.
1119 1875 1149 1895 c.
1166 1867 1196 1896 4.
1228 1865 1237 1881 ‘
1257 1869 1413 1904 paratum
1431 1864 1472 1894 ad
1499 1873 1535 1895 se
1557 1869 1652 1895 verto
1668 1863 1736 1894 ani-

1025 1926 1078 1947 mo
1095 1916 1238 1947 v‹·ni1·e.’
1264 1917 1385 1955 Veget.
1412 1925 1467 1946 ιιι.
1490 1917 1522 1947 6.
1546 1917 1555 1932 ‘
1573 1915 1627 1947 Ad
1651 1925 1734 1957 pug-

1025 1966 1174 1996 nandum
1205 1966 1317 1996 animo
1346 1966 1489 1996 veniunt
1523 1964 1733 2006 praeparati!

1024 2017 1170 2047 Consule
1187 2017 1346 2047 Ciaccon.
1371 2016 1412 2046 ad
1438 2017 1476 2047 B.
1502 2016 1575 2047 Civ.
1605 2024 1660 2046 111.
1678 2019 1731 2047 85.

1023 2067 1031 2083 ‘
1044 2065 1168 2097 Animo
1181 2067 1283 2098 simus
1294 2067 1335 2097 ad
1350 2065 1577 2096 dimicandum
1589 2066 1698 2106 parati
1711 2065 1733 2097 :’

1022 2122 1056 2148 et
1076 2118 1121 2148 ita
1136 2122 1247 2158 parato
1274 2120 1387 2149 anima.
1432 2117 1520 2148 Vide
1547 2117 1668 2148 Davis.
1687 2115 1736 2148 ad

1025 2168 1119 2199 Hirt.
1138 2169 1176 2199 B.
1194 2168 1304 2200 Afric.
1320 2179 1351 2199 c.
1365 2171 1416 2199 33.
1729 2176 1731 2178 '

1066 2226 1163 2250 xnvr.
1189 2222 1209 2249 2
1235 2219 1348 2250 Parem
1376 2228 1440 2250 esse
1457 2218 1582 2255 suturoe
1605 2217 1733 2249 dimica-

1020 2268 1274 2309 tioni,s0rtunoe]
1309 2269 1366 2300 Sic
1384 2269 1512 2309 optime
1540 2277 1731 2309 repraesen-

1022 2323 1073 2350 tat
1097 2319 1181 2350 edit.
1204 2320 1289 2351 Ven.
1320 2319 1363 2350 A.
1393 2320 1436 2350 D.
1467 2322 1560 2351 1482.
1586 2329 1662 2350 cum
1695 2319 1729 2350 in

1021 2369 1087 2400 Ms.
1106 2369 1247 2400 Non-vic.
1261 2371 1376 2410 legere
1390 2370 1431 2400 sit
1447 2379 1552 2409 parvm
1566 2379 1642 2409 esse,
1659 2369 1730 2407 sor-⁴

1019 2420 1110 2450 {uiloe
1141 2421 1360 2458 dimicationis,
1378 2420 1539 2459 sortunoe,·
1572 2421 1604 2451 iu
1628 2420 1728 2452 editt.

1020 2479 1100 2500 vero
1117 2470 1212 2500 Rom.
1231 2474 1266 2501 et
1282 2471 1440 2501 Beroald.
1455 2481 1563 2511 parem
1579 2480 1641 2501 csse
1660 2471 1730 2510 for·

1018 2521 1109 2550 tuitoe
1124 2521 1489 2558 dimicationi,s0rtunoe.
1536 2521 1620 2552 Ham:
1635 2521 1728 2562 equi-

1018 2570 1096 2601 dem
1125 2571 1228 2601 lectio
1246 2572 1282 2601 F.
1309 2572 1432 2602 Ursino
1461 2571 1612 2611 placuit:
1639 2575 1726 2602 atta-

1018 2630 1094 2651 men
1110 2625 1251 2662 recepta
1262 2621 1344 2651 nihil
1359 2621 1487 2651 melius.
1509 2621 1623 2652 Daris.
1642 2621 1727 2654 Mss.

1018 2671 1224 2712 profutura’,
1240 2672 1367 2703 habent
1385 2671 1544 2708 fhrtuitoe.
1592 2672 1637 2702 Et
1661 2671 1726 2702 Ur-

1018 2723 1079 2753 sini
1108 2723 1230 2761 codex,
1260 2733 1322 2763 pro
1349 2722 1590 2762 nmlnit,habet
1612 2721 1725 2754 noluit.

1018 2773 1116 2805 Unde
1134 2773 1199 2806 iste
1214 2774 1277 2805 Vir
1301 2775 1434 2806 Doctus
1462 2773 1642 2815 legendum
1664 2781 1723 2804 ex-
