1850 3109
474 229 581 260 cAn.
611 218 683 258 22.
721 227 815 257 mn.
850 226 911 254 DE
947 224 1101 254 nunno
1138 225 1334 254 IUSPAN.

140 329 226 360 Vide
256 328 282 358 si
314 326 362 356 vis
390 325 492 355 noct.
525 322 663 353 Arentz.
690 320 732 351 ad
755 320 838 351 Aur.

140 380 229 411 Vict.
247 378 337 417 Epit.
355 385 385 406 ι’.
402 377 454 406 23.
471 373 589 404 abscisa
607 374 714 403 Dorv.

185 438 264 460 xxi.
294 431 312 458 7
346 427 382 457 In
408 425 567 465 oppidum]
593 425 714 454 l'etav.
744 421 838 453 Leid.

141 491 192 521 pr.
208 484 241 510 et
262 477 347 508 Edd.
378 476 473 507 Rom.
499 475 639 506 Mediol.
662 474 749 504 Ven.
774 483 839 503 rer-

140 540 205 561 sum
232 528 396 569 oppidum:
434 526 522 566 quod
557 524 741 555 notandum
782 533 841 564 pro

142 581 173 610 in
190 580 331 620 oppidum
348 586 460 614 τηετις,
483 576 534 607 vel
550 584 680 606 versam.
726 574 843 604 Celsus

142 631 227 661 intra
241 629 384 670 oppidum
402 627 536 658 inclusit.
588 626 718 656 Ucubim
748 624 842 655 intel-

144 682 230 722 ligit.

188 739 280 762 xxii.
297 733 315 760 2
335 726 586 766 Barsarolenses]
608 727 716 757 Recte
734 730 846 755 emen-

146 783 226 813 dai-e
251 781 384 812 videtur
401 778 613 817 Ciacconius,
631 778 847 808 Ursaonenses.

147 833 235 865 Quia
252 830 338 862 infru
353 830 479 861 dicitur
496 827 658 869 oppidum
687 826 796 864 Ursmi,
812 828 847 854 et

153 882 389 913 Ursaonensium
421 879 540 911 civitas
580 888 608 909 c.
647 880 700 908 26.
741 875 849 906 Clark.

154 933 339 964 Ursonenses
352 930 480 971 placuit
494 929 595 959 etiam
613 928 640 959 G
650 926 827 965 landorpio
841 935 848 955 ε

151 983 230 1024 quia
251 982 359 1013 Plinio
384 990 437 1011 ιιι.
463 983 492 1010 l.
521 979 600 1010 L'rso
617 978 752 1008 dit-itur.
790 976 851 1006 Ur-

148 1043 209 1072 gao
240 1033 272 1062 in
302 1030 503 1062 'l'arrocensi
542 1034 593 1060 est
631 1028 708 1058 urbs
741 1025 852 1057 Plinio

151 1083 232 1113 ibid.
265 1087 300 1112 et
330 1082 362 1111 iu
401 1080 561 1119 Inscript.
612 1079 855 1117 Urgauonenses.

152 1133 240 1163 vide
270 1131 311 1162 ad
339 1142 367 1161 c.
396 1132 450 1160 28.
486 1129 551 1159 Hic
568 1138 647 1158 sane
667 1129 740 1157 Pet.
758 1125 853 1156 Leid.

152 1183 251 1223 prim.
271 1182 353 1211 daut
373 1181 618 1210 Bairsavonenses
646 1186 681 1208 et
700 1178 854 1207 Bursavo-

154 1232 305 1262 nensibus.
347 1230 384 1260 ln
401 1230 508 1260 Dorv.
527 1234 577 1258 est
596 1222 858 1257 Bur-saroniebtes

156 1286 192 1312 et
208 1279 516 1312 Bur-saconientibus.

199 1334 220 1362 6
242 1331 293 1362 Aa
308 1330 467 1370 oppidum]
490 1327 692 1359 Bursavolam
707 1326 776 1356 sive
798 1325 857 1355 L'r·

156 1390 289 1413 saonem.
335 1379 555 1410 Rlicllicanus
571 1387 615 1409 ex
636 1376 861 1418 praecedenti-

158 1431 218 1462 bus
248 1435 282 1461 et
311 1428 612 1469 consequentibus,
635 1430 791 1467 Ateguam
815 1427 860 1456 in-

158 1481 265 1522 telligi
282 1481 423 1519 colligit.
470 1479 687 1519 Ineptissime
713 1487 861 1519 prorsus.

159 1532 208 1563 Ut
225 1531 346 1561 mirum
363 1530 420 1568 sit,
449 1530 550 1561 etiam
568 1530 749 1561 Cellarium
766 1529 808 1559 de
827 1538 863 1559 re

160 1579 437 1612 manifestissima
453 1579 639 1610 dubitasse.
686 1580 864 1610 Venerunt

162 1631 248 1662 enini
265 1631 414 1669 Ategua;
443 1630 645 1660 &ursan-ozam
663 1629 732 1660 sive
754 1629 866 1659 L'rsao·

163 1691 233 1711 nem
263 1679 574 1720 proficiscebantur.
617 1679 725 1709 Clark.
771 1678 867 1710 Nihil

164 1739 227 1771 ego
244 1729 378 1761 definio.
417 1729 519 1763 Quum
535 1728 632 1759 abest
649 1739 667 1759 a
683 1728 766 1759 Mss.
783 1728 867 1758 ineis

165 1780 311 1811 cunctis.
336 1778 401 1810 Sed
419 1779 543 1810 rectius
560 1778 695 1809 abesset
711 1778 773 1818 qui.
800 1778 869 1807 Pro

157 1827 294 1871 fuissent
308 1840 373 1861 non
388 1830 471 1861 bene
485 1830 716 1869 Glandorpins
731 1828 871 1869 conjicit

166 1885 264 1913 eraut.
288 1881 401 1912 Aliter
417 1881 506 1911 enim
523 1881 610 1911 solet
627 1879 800 1920 ineptulus
816 1880 871 1910 hic

171 1936 302 1962 auctor.

216 1983 254 2011 13
287 1980 332 2010 Et
360 1980 562 2020 speculatores
596 1997 681 2001 —-—-
712 1978 874 2018 miserunt]

172 2025 400 2071 Glandorpius
414 2030 561 2070 reponit,
577 2030 782 2061 Lfrsaonenses
794 2038 876 2067 vero,

172 2081 376 2120 speculatores
390 2080 553 2111 miserant.
598 2080 664 2111 Sed
682 2080 762 2110 nihil
781 2089 877 2120 opus,

174 2129 381 2169 subintelligi
412 2129 502 2160 enim
533 2135 658 2170 potest,
688 2135 725 2159 ut
753 2130 787 2160 in
814 2129 877 2160 hoc

178 2177 339 2216 Auctore,
366 2179 430 2209 iste
454 2178 706 2217 Nominativus,
734 2189 776 2210 ex
796 2188 879 2219 prae-

177 2228 378 2261 cedentibus
394 2227 610 2268 colligendus.
637 2230 744 2259 Clark.
792 2229 880 2259 Haec

177 2285 213 2310 et
244 2277 420 2319 sequentia
458 2279 514 2308 vix
547 2278 690 2318 intelligi
727 2286 882 2319 possunt,

178 2330 264 2361 adeo
280 2327 418 2360 confusa
429 2333 463 2359 et
477 2328 637 2360 intricata
650 2330 719 2360 sive
737 2330 883 2360 auctoris

179 2378 263 2412 vitio
276 2380 343 2411 sive
360 2380 571 2411 librariorum
584 2378 883 2411 circumferuntur.

224 2434 263 2462 lt
280 2431 467 2469 Legatormn
482 2440 623 2470 responsa
638 2430 683 2460 ita
698 2440 759 2460 esse
781 2429 885 2470 gesta]

181 2481 281 2514 Joan.
307 2480 519 2521 Glandorp‘m
542 2480 723 2521 legendum
751 2480 886 2510 videtur

175 2533 271 2570 J'axla
287 2532 458 2570 legatorum
475 2540 617 2571 responsa
633 2531 733 2560 omrn'a
756 2530 801 2560 ita
824 2538 887 2559 esse

183 2584 293 2621 gesta:
315 2580 386 2612 Jos.
415 2585 527 2611 autem
550 2580 716 2621 Scaliger,
742 2589 887 2620 euinque

187 2635 321 2661 secutus
337 2630 436 2662 Joan.
455 2630 633 2661 Goduinus
657 2630 739 2661 duas
764 2631 889 2670 primas

188 2688 288 2710 voces
305 2689 347 2710 ex
370 2679 654 2719 interpretatione
683 2685 780 2710 natas
805 2679 890 2710 arbi-

190 2731 335 2758 trantur.
379 2728 499 2759 Potius
532 2728 746 2760 scribendum
778 2730 892 2760 existi-

191 2776 310 2808 marim
326 2778 499 2817 legatorum
515 2787 667 2819 responsa,
697 2787 772 2819 quae
797 2778 891 2809 mini-

1474 212 1587 254 1661

890 331 944 351 ma
971 325 1024 351 est
1051 320 1205 359 mutatio,
1231 329 1273 352 ex
1289 330 1329 350 ea
1347 325 1457 351 tamen
1476 330 1591 351 sensus

891 370 1086 401 commodus
1103 370 1267 410 exsurgit.
1291 370 1402 401 Ducis.
1451 370 1592 400 Locutio

891 421 1071 451 admodum
1101 422 1283 458 inusitata3
1309 430 1370 450 nec
1400 425 1525 457 tamen,
1557 426 1593 450 ut

891 471 1025 511 opinor,
1040 471 1213 502 mutanda.
1258 471 1412 510 Scaliger
1437 470 1530 500 delet
1554 471 1595 500 Ie-

891 525 1035 561 gatomm
1053 532 1205 562 responsa.
1236 522 1303 553 Sed
1319 522 1429 553 deerit
1447 522 1510 552 isto
1528 531 1597 552 nm*-

895 574 950 610 do,
979 573 1066 613 quod
1098 573 1270 604 cohaereat
1292 582 1368 603 vum
1394 580 1475 602 voce
1495 576 1597 610 gesta.

896 623 1129 663 Glandorpius
1142 623 1417 661 eniendai‚juxta
1430 623 1601 661 legatorum

895 681 1050 713 responsa,
1079 673 1190 704 onmia
1220 674 1265 703 ita
1287 683 1348 703 exse
1368 677 1467 712 gesta.
1513 673 1599 705 Qua·

897 727 949 753 est
977 731 1069 753 mens
1096 721 1232 763 quidem
1255 723 1329 762 ipsa
1353 723 1512 760 auctoris,
1540 720 1600 754 sed

897 775 1154 813 παραφραστικαῖς
1191 774 1352 804 Davisius
1386 773 1602 804 scribendum

900 824 1085 863 existimat,
1121 825 1291 862 legatarum
1322 832 1499 863 responso,
1537 825 1602 854 διο.

902 875 968 906 Sed
999 874 1137 906 aberrat
1174 879 1210 905 et
1242 883 1260 904 a
1290 873 1477 905 Latinitate
1514 878 1549 904 et
1587 883 1606 903 a

902 930 1015 956 mente
1043 925 1191 956 auctoris
1206 935 1213 954 z
1239 933 1304 955 non
1322 923 1411 954 enim
1428 923 1460 954 id
1479 923 1606 954 dicitur

902 977 1106 1016 speculatores
1134 976 1324 1015 comperisse,
1353 975 1525 1013 legatorum
1557 983 1608 1004 re-

905 1035 1040 1066 sponso,
1071 1027 1118 1056 ita
1147 1035 1210 1056 csse
1233 1028 1336 1064 gesta,
1360 1026 1609 1065 quemadmodum

904 1077 953 1107 illi
971 1077 1155 1107 retulissent.
1202 1076 1302 1108 Quod
1320 1085 1429 1116 neque.
1452 1076 1610 1106 Latinum

907 1133 970 1163 est,
987 1136 1097 1167 neque
1114 1136 1206 1156 mens
1224 1127 1380 1156 auctoris.
1411 1126 1490 1164 Sed,
1505 1135 1610 1166 specu-

909 1178 1022 1207 latores
1045 1177 1236 1216 comperisse,
1269 1187 1335 1216 quae
1365 1177 1462 1215 legati
1492 1184 1614 1216 respon-

908 1228 1031 1263 derant,
1064 1236 1099 1257 ea
1130 1227 1176 1256 ita
1199 1236 1262 1256 esse
1287 1230 1389 1265 gesta,
1419 1229 1612 1266 quemadmo-

910 1278 981 1307 dum
997 1277 1044 1306 illi
1060 1277 1245 1307 retulissent.
1299 1277 1527 1308 Quamobrem
1545 1277 1617 1307 vul-

912 1332 1024 1367 gatam
1054 1327 1238 1357 lectionem
1276 1326 1490 1357 retinendam
1528 1326 1615 1357 exis*-

913 1378 1006 1408 tinio.
1038 1378 1146 1408 Clark.
1192 1378 1279 1408 Dele
1307 1377 1350 1408 ab
1377 1388 1415 1409 ex
1445 1379 1617 1417 legatorum

912 1438 1054 1468 responso
1094 1428 1187 1468 (nam
1225 1429 1275 1459 sic
1314 1428 1368 1459 edi
1400 1427 1535 1469 debuit)
1574 1428 1617 1459 ad

913 1477 1013 1508 finem
1029 1482 1142 1515 notae;
1165 1481 1201 1508 et
1223 1478 1355 1508 illorum
1377 1478 1450 1509 loco
1466 1478 1540 1509 haec
1567 1487 1619 1509 re·

915 1537 1025 1569 pone:
1067 1527 1130 1563 Qui
1157 1538 1224 1558 cam
1257 1537 1372 1558 verum
1401 1527 1619 1567 comperissent

915 1580 1086 1617 legatorum
1103 1587 1312 1618 responsum,
1327 1581 1364 1608 et
1379 1585 1419 1608 ea
1433 1587 1495 1608 esse
1517 1581 1620 1616 gesta,

916 1628 1166 1668 quemadmodum
1203 1628 1250 1658 illi
1287 1628 1476 1658 retulissent.
1533 1628 1622 1659 Clar.

920 1679 1055 1720 quidem
1073 1678 1227 1710 Clarkius
1243 1679 1415 1719 vulgatam
1438 1679 1623 1710 lectionem

920 1734 1044 1768 tuetur,
1071 1738 1145 1769 quae
1172 1728 1252 1758 mihi
1277 1738 1394 1768 parum
1412 1728 1546 1759 videtur
1563 1729 1626 1759 La-

921 1780 1003 1810 tina.
1048 1779 1100 1810 Sit
1116 1784 1229 1809 autem
1246 1779 1379 1816 Latina,
1402 1788 1494 1809 mera
1511 1784 1624 1809 tamen

922 1835 973 1860 est
989 1828 1191 1866 ramam-yla.
1220 1829 1333 1859 Dacis.
1358 1836 1427 1859 cur.
1444 1837 1512 1859 sec.

967 1882 1007 1910 18
1024 1878 1160 1919 Perisse]
1187 1880 1319 1909 Deesse
1351 1877 1562 1915 Vociferantes
1580 1877 1627 1908 ait

925 1930 1113 1969 Glandorp.
1146 1929 1198 1959 vel
1238 1928 1346 1960 simile
1384 1927 1628 1968 participium3

925 1979 1025 2011 facile
1042 1984 1153 2010 tamen
1175 1978 1212 2008 τὸ
1239 1979 1374 2009 dicentes
1396 1977 1450 2009 hic
1467 1978 1634 2009 subintel-

926 2031 983 2070 ligi
1001 2034 1126 2070 potest.
1151 2030 1192 2061 V.
1210 2029 1251 2060 ad
1271 2030 1310 2060 B.
1328 2028 1402 2060 Civ.
1422 2038 1446 2059 ι.
1464 2031 1517 2059 69.

971 2082 1011 2110 19
1036 2080 1079 2109 Εἰ
1095 2079 1200 2110 liceret
1217 2077 1367 2118 legatum]
1393 2078 1631 2110 Nobilissimus

930 2130 1094 2161 Heinsius
1126 2139 1242 2160 rursus
1271 2128 1415 2169 margini
1452 2120 1636 2169 adscripsit

929 2181 1043 2220 legato,
1066 2180 1156 2210 inter
1185 2180 1250 2210 alia
1274 2180 1363 2218 loca,
1389 2179 1468 2209 alibi
1489 2179 1559 2220 jam
1577 2179 1636 2209 ad‘-

932 2232 1046 2268 ducta,
1063 2230 1188 2260 addens
1205 2231 1296 2261 Flor.
1323 2239 1380 2260 ιιι.
1400 2233 1451 2260 12.
1467 2233 1498 2261 6.
1514 2234 1550 2260 et
1572 2230 1636 2261 Ca-

933 2280 1007 2310 tuli.
1035 2279 1077 2309 ad
1104 2280 1294 2310 Licinium:
1329 2281 1338 2296 ‘
1357 2280 1404 2310 Ut
1427 2285 1637 2310 convenerat

935 2338 1007 2359 esse
1025 2329 1200 2367 delicatus
1215 2339 1233 2359 e
1249 2330 1330 2360 Vet.
1348 2328 1432 2360 cod.
1450 2339 1512 2369 pro
1526 2329 1639 2359 delica-

935 2384 991 2410 tos.
1037 2380 1164 2410 Contra
1192 2379 1220 2410 εἰ
1245 2380 1379 2410 exsulat
1409 2389 1428 2409 a
1458 2379 1554 2409 Leid.
1585 2388 1639 2418 pr.

936 2429 1004 2460 Adi
1033 2429 1073 2459 ad
1102 2430 1143 2460 B.
1173 2430 1245 2461 Civ.
1262 2439 1318 2462 111.
1337 2433 1366 2460 1.
1390 2431 1399 2446 ‘
1415 2430 1445 2460 ei
1460 2430 1640 2461 Consulem

937 2478 1010 2510 fieri
1027 2478 1170 2510 liceret.’
1194 2479 1317 2510 Statim
1330 2489 1385 2510 nec
1401 2479 1450 2510 cui
1470 2480 1573 2516 licere,
1588 2479 1642 2517 isc.

937 2530 997 2560 nisi
1009 2530 1211 2560 discinctum.-
1228 2530 1286 2560 ubi
1302 2529 1422 2560 Heius.
1436 2539 1511 2559 cum
1525 2528 1643 2558 Davis.

939 2585 974 2611 et
991 2580 1200 2621 Glandorpio
1217 2590 1330 2611 rursus
1345 2580 1501 2610 distincto.

982 2634 1023 2661 22
1048 2631 1087 2661 In
1102 2629 1263 2671 oppidum]
1288 2629 1354 2660 Ms.
1375 2630 1459 2668 Reg.
1474 2628 1505 2657 in
1521 2626 1645 2666 oppido.

939 2681 1027 2711 Vide
1041 2690 1145 2720 supra
1162 2680 1203 2711 ad
1221 2689 1269 2710 ιτ.
1284 2682 1336 2710 12.
1363 2678 1470 2708 Clark.

983 2733 1024 2761 24
1051 2731 1207 2770 Oppidum
1223 2730 1255 2759 in
1268 2737 1355 2759 suam
1369 2728 1554 2766 potestatem
1569 2724 1646 2755 reci-

938 2780 1003 2821 pit]
1025 2779 1079 2810 Sic
1093 2778 1228 2810 restitui
1242 2787 1284 2808 ex
1297 2777 1362 2808 Ms.
1381 2775 1485 2807 Norv.
1499 2779 1535 2806 et
1546 2773 1646 2806 editt.
