1850 3109
229 162 343 205 1692
658 175 696 205 J.
728 174 864 205 cubsr
901 174 1253 205 commN'rAnn

230 267 384 317 quantis
405 267 571 318 denique
600 270 712 307 rebus
732 270 812 307 aliis
833 283 930 319 opus
964 269 1078 307 fuisse.
1107 283 1219 320 quam
1243 268 1404 312 somnio,
1427 267 1510 318 quis
1531 281 1609 305 non
1630 262 1682 306 vi-

229 331 321 368 det?
362 332 512 369 Deliinc
542 332 663 369 aedilis
691 334 815 371 factus
836 341 912 370 est:
945 347 1021 382 qno
1043 341 1216 383 tempore
1238 335 1274 370 in
1295 333 1546 382 suspicionem
1576 345 1683 381 mag-

228 406 318 432 nam
341 396 460 433 venit:
492 410 566 432 non
590 397 702 433 semel
730 397 859 440 modo,
887 395 951 432 sed
974 397 1114 445 pluries
1144 398 1381 446 conspirasse
1403 396 1573 432 ereditur
1591 408 1681 432 cum

229 458 318 496 viris
339 460 560 507 insignibus,
585 467 623 496 ut
645 466 766 496 totum
785 465 923 495 statum
947 459 1168 508 reipublicae
1190 460 1443 508 perturbaret.
1489 458 1562 495 Sed
1580 471 1682 495 nunc

230 535 296 559 seu
318 523 554 572 poenitentia,
574 536 638 559 seu
667 530 783 562 metu.
805 536 905 559 nunc
929 530 1050 560 morte
1071 524 1378 572 conspiratorum
1400 523 1540 559 etl'ectu
1561 522 1686 558 consi-

229 585 320 622 lium
342 586 517 624 caruisse.
579 587 620 623 ln
641 600 685 624 ea
704 587 886 625 aedilitate
906 588 1025 624 multa
1043 587 1133 624 fecit
1149 601 1192 624 ac
1215 586 1419 636 magnilica
1440 586 1486 622 ad
1509 592 1683 622 ornatum

231 649 349 694 urbis,
382 664 542 699 quorum
574 651 741 688 omnium
773 653 851 702 ipse
874 650 976 688 solus
1007 652 1167 689 excluso
1200 651 1349 700 collega
1371 649 1503 699 populi
1525 649 1684 698 gratiam

230 721 475 758 consecutus,
497 727 728 764 speransque
749 716 800 751 nil
823 716 893 753 sibi
924 722 1103 764 negatum
1131 715 1186 760 iri,
1209 715 1293 764 [11]
1314 713 1475 751 tentavit
1494 720 1599 750 extra
1629 725 1686 749 or-

231 774 358 813 dinem
396 778 602 827 zEgyptum
639 779 873 827 provinciam
906 779 1083 828 adipisci,
1126 779 1230 828 quod
1271 776 1518 815 Alexandrini
1559 787 1685 826 regem

231 853 342 878 snum
362 842 457 878 solio
478 842 725 890 dejecissent:
759 844 823 881 sed
854 845 902 881 ab
940 843 1189 894 optimatibus
1216 843 1438 892 impeditus,
1461 849 1499 879 ut
1521 855 1599 892 quo
1621 855 1688 891 po-

231 910 331 942 terat
370 905 486 942 modo
525 920 564 943 sc
602 906 650 942 ‹le
686 907 755 944 illis
794 908 1021 952 vindicaret,
1062 908 1097 944 in
1132 907 1282 944 illorum
1322 913 1558 943 contemtum
1599 904 1688 942 Gaii

230 968 345 1005 Marii
372 969 460 1005 novi
494 969 657 1006 hominis
694 971 865 1020 troplraea
901 972 949 1009 de
979 972 1169 1021 Jugurtha
1203 971 1350 1008 scilicet
1382 976 1420 1007 et
1451 968 1616 1006 Cimbris
1643 980 1687 1005 ac

231 1031 461 1077 Tlieutonis,
486 1046 571 1082 qua*
593 1034 696 1070 Sulla
729 1035 856 1072 hostili
877 1036 1055 1085 superbia
1077 1035 1287 1084 dejecerat,
1309 1033 1509 1083 reparavit.
1567 1032 1689 1069 Idem—

232 1107 307 1144 que
328 1095 418 1132 dum
449 1097 697 1146 quaestionem
730 1097 777 1134 de
814 1098 956 1136 sicariis
984 1105 1191 1143 exerceret,
1216 1111 1280 1134 eos
1312 1098 1376 1147 qui
1407 1096 1687 1146 proscriptione

231 1157 386 1195 Sullana
405 1159 531 1196 relatis
553 1160 747 1209 capitibus
770 1161 909 1198 civium
928 1163 1190 1199 Rornanorum
1212 1175 1257 1198 cx
1274 1161 1407 1199 aerario
1425 1160 1604 1210 pecunias
1626 1171 1690 1196 ac-

232 1222 437 1271 cepissent,
456 1224 626 1272 quamvis
659 1224 731 1273 legi
751 1225 938 1262 Corneliae
974 1232 1066 1262 tune.
1094 1232 1279 1271 exemtus,
1301 1238 1370 1274 pro
1400 1223 1540 1261 sicariis
1561 1222 1689 1259 duxit:

233 1286 338 1334 quod
361 1293 398 1323 et
419 1287 448 1322 si
469 1287 776 1324 adversariorum
797 1288 887 1325 odio
910 1289 1065 1334 faceret,
1103 1289 1173 1325 ¹'in
1195 1302 1232 1325 se
1255 1295 1381 1325 tamen
1405 1288 1510 1336 juste
1532 1285 1688 1335 quidem

234 1355 277 1386 ut
297 1349 462 1386 arbitror
483 1350 666 1387 faciebat:
699 1364 775 1388 non
807 1352 905 1388 enim
943 1358 1069 1401 potest
1101 1359 1246 1390 natura}
1280 1352 1400 1402 legem
1434 1351 1493 1388 lex
1524 1350 1689 1387 humana

234 1413 408 1451 evellere.
465 1413 617 1452 Perdita
638 1428 705 1464 spe
727 1417 895 1467 AEgypIi,
930 1415 1198 1466 pontificatum
1228 1415 1434 1453 niaximum
1455 1414 1576 1464 petiit,
1613 1427 1689 1451 nou

233 1476 380 1527 absque
401 1476 506 1515 fluxu
529 1491 727 1515 munerum
750 1479 907 1529 ingenti.
966 1481 1024 1517 lta
1053 1480 1135 1529 jam
1170 1487 1260 1517 tunc
1282 1479 1439 1516 ambitio
1473 1480 1690 1516 Romanum

234 1540 365 1577 orbem
395 1541 604 1579 invaserat:
641 1542 725 1591 jam
759 1542 1009 1592 pontificatus
1044 1543 1209 1592 pecunia
1242 1542 1522 1586 vendebantur,
1568 1541 1691 1578 minus

234 1603 377 1641 malum
411 1605 516 1654 quod
549 1605 707 1643 deorum
742 1614 861 1644 erant.
920 1609 1007 1651 Qua
1040 1607 1077 1644 in
1112 1621 1150 1644 re
1182 1620 1258 1644 non
1291 1607 1373 1656 ipse
1395 1605 1465 1642 sibi
1488 1604 1691 1650 sufficiens,

234 1665 396 1705 alienum
419 1682 494 1706 non
517 1670 710 1707 modicum
733 1684 784 1708 aes
807 1672 1022 1708 contraxit:
1055 1672 1158 1721 quod
1188 1671 1313 1721 ipsum
1345 1682 1474 1707 secum
1494 1669 1692 1715 extimans,

233 1729 327 1767 dum
348 1731 383 1768 in
404 1745 584 1782 campum
606 1734 837 1772 candidatus
860 1748 970 1773 mane
992 1735 1256 1780 descenderet,
1277 1734 1386 1772 matri
1406 1747 1443 1771 se
1464 1733 1693 1771 deosculan-

233 1793 263 1831 ti
283 1793 455 1840 donrum,
476 1795 613 1845 inquit,
644 1798 722 1834 nisi
738 1798 918 1848 pomej'cnr
940 1812 1016 1836 non
1037 1804 1221 1837 rerer-lar.
1279 1800 1467 1835 Reversus
1488 1804 1545 1834 est
1564 1804 1691 1834 autem

235 1858 410 1906 pontifex
431 1859 585 1897 duobus
606 1861 825 1899 clarissimis
846 1864 1166 1913 competitoribus
1186 1862 1386 1912 superatis,
1408 1866 1521 1898 aetate
1542 1861 1631 1898 licet
1646 1873 1691 1897 ac

235 1919 420 1970 dignitate
441 1925 726 1971 praestantibus.
785 1925 879 1963 Inde
900 1933 1044 1976 praetor
1064 1927 1189 1965 faetus
1209 1933 1286 1964 est:
1318 1939 1396 1975 quo
1413 1933 1584 1974 tempore
1605 1936 1692 1961 curn

236 1984 412 2022 Catilina:
442 1986 658 2034 conjuratio
694 1989 895 2038 erupisset,
924 1997 962 2027 et
994 1991 1203 2040 complices
1233 1990 1418 2026 scelerum
1453 1993 1692 2031 tenerentur;

237 2047 415 2085 universo
434 2057 569 2087 senatu
603 2064 821 2100 supremum
854 2053 889 2090 in
910 2067 956 2090 eo
978 2054 1212 2104 supplicium
1241 2052 1484 2095 decernente,
1508 2051 1609 2087 solus
1635 2056 1695 2087 est

235 2123 350 2149 ausus
373 2112 531 2150 suadere
553 2127 628 2151 non
650 2123 770 2153 morte
793 2116 876 2154 illos
897 2117 995 2155 affici
1027 2117 1234 2167 expediens
1256 2130 1357 2160 esse;
1391 2115 1457 2152 sed
1487 2112 1693 2164 publicatis

238 2174 363 2220 bonis,
386 2188 454 2225 per
486 2177 681 2215 custodias
707 2180 1003 2230 municipiorum
1026 2181 1144 2218 (lividi
1166 2194 1211 2218 ae
1238 2179 1400 2216 servari:
1433 2176 1696 2228 persuasisset-

237 2251 312 2287 que
334 2239 526 2284 fortassi53
558 2248 706 2278 tantum
737 2243 916 2281 omnibus
944 2245 1096 2282 terroris
1130 2244 1356 2286 incusserat,
1386 2240 1618 2289 invidiaeque
1639 2239 1692 2276 eis

237 2301 489 2350 imposterum
510 2303 752 2349 imnrinentiS,
773 2306 802 2342 si
837 2307 929 2344 tales
961 2307 1062 2344 cives
1093 2314 1227 2345 contra
1260 2307 1380 2354 legem
1400 2303 1576 2341 Porciam
1607 2315 1695 2352 per-

236 2364 426 2409 emissent,
450 2372 491 2403 ut
507 2360 695 2404 Decimus
717 2368 894 2406 Sullanus
916 2370 1052 2407 consul
1071 2370 1290 2419 designatus
1321 2367 1544 2405 sententiam
1570 2379 1693 2412 suam,

238 2440 355 2479 quam
387 2435 532 2466 mutare
567 2431 844 2479 ¹²prol1ibebat,
868 2433 1108 2482 interpretari
1140 2446 1215 2470 non
1235 2432 1491 2475 erubesceret,
1512 2437 1628 2479 atque
1656 2429 1693 2466 in

238 2504 388 2529 sensum
406 2492 592 2529 mitiorem
607 2493 724 2530 faudo
742 2495 947 2533 reflectere.
986 2497 1162 2547 Denique
1178 2497 1240 2533 alii
1256 2503 1372 2544 atque
1390 2495 1451 2531 alii
1466 2495 1562 2531 inter
1580 2495 1695 2531 ¹³cer-

239 2563 300 2595 tos
317 2558 510 2595 Ciceronis
527 2559 696 2595 consulis
711 2559 838 2606 frater,
850 2561 1005 2611 eloquio
1021 2562 1140 2611 eapti,
1154 2562 1252 2598 illius
1267 2561 1302 2597 in
1318 2558 1542 2597 sententiam
1563 2558 1689 2596 ibant:

282 2651 317 2680 11
346 2649 460 2689 Forte,
475 2649 638 2690 ipsa—12
661 2650 775 2691 Forte,
792 2653 893 2692 pudor
909 2654 1099 2694 prohibebat.
1145 2654 1239 2685 Suet.
1258 2652 1303 2684 ait
1321 2661 1397 2692 cap.
1414 2652 1467 2682 14.
1491 2660 1558 2691 (μα’
1575 2652 1694 2682 mutare

239 2705 328 2743 but-pe
344 2704 508 2734 erat.—13
535 2703 636 2744 Lege,
661 2706 786 2735 ceteros.
