1850 3109
385 207 478 236 mn.
502 205 551 235 ιι.
584 191 779 234 cipes,
812 201 873 232 DE
906 201 1062 231 nmmo
1094 202 1265 232 οιιίιι.

148 304 188 333 10
212 301 281 333 Hoc
307 300 416 332 itinere
442 301 488 330 est
505 297 592 336 sons,
628 306 684 337 quo
712 305 796 327 mare

104 351 250 391 raecedit]
288 348 459 382 Rubenius
487 348 519 378 in
550 347 679 377 Electis
701 355 725 378 1.
748 348 800 377 35.

105 401 317 438 emendabat,
339 401 383 430 est
396 407 482 438 pons,
503 398 580 437 quod
604 406 686 427 mare
702 405 800 427 succe-

104 452 162 484 dit.
204 450 270 482 Sed
286 449 359 490 quis
377 454 474 479 autor
497 447 540 478 de
566 447 694 487 ponte?
719 456 802 488 prae-

106 500 223 533 sertim
251 508 327 530 cum
352 499 451 539 longe
474 499 611 538 lateque
636 497 728 528 locus
753 506 802 528 re-

104 555 250 590 stagnet,
272 557 448 580 necessum
464 552 516 578 est
535 547 706 587 ingentem
722 556 802 587 pon-

105 605 173 632 tem
188 597 290 630 fuisse
304 609 311 629 :
336 607 399 629 nec
414 602 566 628 veterum
585 597 670 628 ullus
686 597 799 628 memi-

104 649 165 682 nit.
208 647 391 690 Sequentia
413 646 528 685 etiam,
551 648 559 664 ‘
575 656 675 688 quem
698 647 801 687 siquis

103 700 211 731 vitare
228 698 383 736 voluerit,
405 706 443 728 vt
460 697 584 728 milium
602 697 746 728 circuitu
767 697 801 727 in

105 748 268 790 oppidum
295 747 490 789 perveniet,'
518 747 624 778 multo
656 756 801 778 commo-

104 799 177 830 dius
201 798 243 829 ad
266 796 408 836 fontem,
431 798 485 828 vel
513 796 554 828 ad
576 797 686 827 locum
716 795 802 828 refe-

104 857 178 879 ras:
203 847 230 878 si
247 856 388 888 reponas
400 855 490 887 pons,
513 846 569 877 vix
592 856 709 878 sensus
737 846 802 877 erit

105 898 202 929 ullus.
258 898 373 930 Quare
398 896 544 937 probent
571 897 802 937 conjecturam

103 948 177 989 ejus
207 948 274 988 alii,
308 957 372 979 non
403 957 477 988 ego.
528 947 661 979 Vossius.
718 948 801 978 Mss.

105 999 290 1038 ciacconii,
306 1005 342 1030 et
357 999 422 1029 mei
439 1008 554 1029 omnes
568 1004 694 1039 praeter
705 1000 802 1030 Voss.

103 1049 232 1082 habent
247 1050 351 1080 etiam
367 1049 458 1089 quod,
479 1048 499 1079 i.
517 1057 546 1079 e.
577 1048 666 1089 quia,
689 1048 716 1079 si
738 1049 806 1079 Ru-

105 1099 197 1132 benii
232 1100 479 1131 correctionem
522 1098 694 1129 admittas.
749 1098 804 1128 An

105 1149 217 1190 potius
233 1149 311 1190 quod
326 1146 540 1178 referendum
557 1152 608 1178 est
625 1147 666 1178 ad
683 1148 754 1187 iter,
767 1152 805 1178 ut

103 1199 262 1230 succedere
281 1197 335 1229 hic
351 1206 463 1228 rursus
474 1197 599 1237 jungat
614 1201 735 1237 quarto
751 1206 805 1227 ca-

105 1247 177 1279 sui:
201 1248 244 1279 de
260 1257 326 1289 quo
342 1247 470 1288 egimus
487 1246 529 1277 ad
555 1247 596 1277 B.
611 1247 699 1278 Gall.
717 1256 757 1279 11.
771 1250 803 1278 6.

106 1299 115 1315 ‘
140 1302 258 1340 portas
303 1296 510 1329 succedunt!
570 1296 658 1332 Quod
696 1297 805 1328 edidit

107 1349 209 1380 etiam
225 1348 328 1380 tacite
346 1347 522 1379 Cellarius.
562 1347 722 1378 Ceterum
735 1347 804 1377 Ru-

105 1399 226 1431 benius
257 1398 338 1429 ibid.
371 1398 442 1428 vult
471 1400 501 1428 et
532 1398 631 1436 longe.
676 1398 804 1428 Verum

105 1451 195 1490 longe
208 1450 338 1490 lateque,
354 1448 443 1490 quod
460 1448 559 1489 vulgo
575 1458 662 1479 nunc
678 1448 804 1487 editur,

107 1501 150 1532 ab
171 1500 431 1540 interpolatione
456 1504 509 1530 est
535 1499 718 1539 Scaligeri3
742 1508 805 1530 nec

107 1551 314 1589 damnarem,
337 1550 365 1580 si
397 1550 430 1579 in
461 1549 544 1579 Mss.
580 1548 804 1587 inveniretur,

107 1611 184 1632 nam
216 1601 263 1632 ita
289 1610 378 1641 saepe
406 1609 480 1631 cum
512 1599 650 1639 reliquis
680 1599 805 1630 Ca’sar.

109 1651 158 1683 At
171 1651 280 1683 Codd.
297 1660 422 1689 omnes,
445 1654 479 1680 et
500 1649 586 1680 Edd.
604 1649 699 1681 Vett.
723 1649 806 1680 dant

107 1712 139 1742 q.
156 1711 238 1732 mure
253 1701 387 1731 succedit
402 1700 542 1739 longins;
569 1701 700 1739 lateque,
717 1699 805 1740 quod

108 1750 236 1782 idcirco
263 1749 429 1781 revocavi.
487 1749 567 1780 Late
588 1749 694 1780 solum
724 1750 807 1780 satis

107 1806 205 1833 notat
221 1801 308 1839 longe
323 1801 450 1839 lateque.
496 1799 585 1829 vide
602 1808 654 1829 me
671 1798 712 1828 ad
737 1798 807 1829 Ob-

110 1863 181 1893 seq.
211 1862 240 1884 c.
272 1854 343 1882 105.
379 1851 387 1867 ⁵
407 1851 474 1881 Fax
512 1851 582 1880 late
610 1850 711 1888 visa3'
750 1850 806 1881 ubi

108 1902 194 1933 male
211 1902 260 1932 vir
273 1901 393 1932 doctus
408 1901 441 1930 in
454 1900 533 1931 Act.
549 1901 641 1940 Lips.
656 1899 696 1931 A.
711 1903 805 1931 1721.

108 1952 159 1983 Μ.
175 1951 261 1982 Maii
278 1950 411 1991 reponit
425 1951 498 1981 ulte.
544 1950 690 1981 Consule
706 1951 806 1982 etiam

109 2001 208 2033 Misc.
238 2000 319 2032 Obs.
342 2001 420 2032 Vol.
444 2003 474 2031 2.
492 2011 524 2040 p.
542 2003 595 2031 64.
619 2001 683 2032 &c.
710 2001 751 2031 B.
767 2001 806 2031 C.

109 2061 166 2085 111.
181 2054 234 2083 24.
258 2052 267 2068 ⁴
286 2055 355 2082 tam
377 2051 447 2081 late
474 2050 563 2081 tueri
588 2060 691 2090 parva
706 2060 807 2081 manu

109 2111 175 2133 non
201 2101 360 2142 poterat.’
418 2101 510 2131 Dein
542 2100 678 2140 reposui
699 2100 726 2130 εἰ
753 2101 807 2141 qui

111 2151 314 2183 auctoritate
344 2151 422 2182 Pet.
450 2156 486 2182 et
510 2152 594 2182 Lov.
649 2151 738 2182 Vide
763 2151 805 2181 ad

110 2202 153 2233 B.
168 2202 213 2233 G.
231 2211 256 2232 1.
272 2204 324 2232 48.
350 2201 403 2241 qui
430 2201 482 2231 vel
507 2201 574 2241 quis
596 2201 694 2233 deest
711 2201 806 2232 Leid.

111 2262 163 2294 pr.
179 2257 216 2283 et
230 2252 330 2283 Voss.

152 2310 238 2334 xxv.
261 2305 280 2333 3
303 2300 440 2341 Bellica]
464 2301 541 2332 Non
565 2301 727 2340 Bellicum,
749 2302 808 2332 sed

110 2352 184 2384 Beli
207 2356 339 2393 portam
366 2351 452 2382 hanc
477 2351 579 2383 fuisse
603 2352 730 2383 dictam
748 2362 807 2393 pu-

105 2407 163 2435 ,tat
179 2403 380 2434 Freinshem.
395 2403 435 2433 ad
454 2403 547 2434 Curt.
565 2411 619 2434 111.
642 2405 672 2433 3.
690 2403 705 2442 ὁ,
723 2405 775 2433 16.

152 2457 172 2485 4
198 2453 349 2493 Theatro]
373 2453 412 2484 Ιιι
438 2453 520 2483 Mss.
548 2453 630 2483 meis
657 2453 808 2484 omnibus

111 2508 162 2534 est
175 2513 195 2534 α
209 2503 339 2534 theatro.
384 2503 504 2534 Recte.
547 2504 664 2534 Aditus
686 2515 705 2535 ιι
725 2504 809 2535 thea-

111 2558 177 2586 tro:
201 2560 238 2585 ut
253 2564 354 2594 supra
376 2556 385 2570 ⁶
403 2554 513 2584 aditus
529 2564 549 2585 a
566 2554 680 2590 terra.’
718 2555 808 2586 Vide

113 2603 155 2634 ad
172 2614 201 2635 c.
217 2607 267 2636 16.
292 2606 301 2621 ⁶
320 2606 395 2637 Qua
411 2605 454 2635 sit
469 2605 580 2635 aditus
594 2605 637 2636 ab
655 2605 769 2636 terra.'

156 2655 197 2685 19
219 2654 438 2694 Pronum-iuri]
473 2654 552 2685 Non
589 2655 686 2686 male.
740 2654 809 2686 Sed

114 2703 291 2736 Petavian.
322 2704 418 2735 Leid.
460 2714 511 2744 pr.
552 2706 680 2737 Lovan.
708 2706 808 2736 Voss.

113 2754 256 2797 Dorvill.
284 2754 410 2787 habeut
436 2757 650 2796 pronunciare,
682 2756 809 2792 rectius

1437 192 1550 234 1427

854 305 873 327 e
888 295 1031 327 Caesaris
1055 295 1152 335 stylo.
1198 294 1286 325 Vide
1311 293 1353 324 ad
1384 293 1425 324 B.
1443 294 1486 326 G.
1508 304 1549 326 11.

853 349 885 377 5.
908 347 918 363 ‘
936 346 1057 377 Castra
1072 346 1203 376 munire
1214 344 1340 385 jubet!

896 403 1001 427 xxvr.
1023 398 1043 426 2
1068 395 1210 436 Recepit]
1251 396 1389 434 Repone
1420 394 1551 434 recipit:

853 445 900 476 sic
914 445 1001 476 enim
1017 450 1068 476 est
1083 446 1116 476 in
1130 445 1250 476 Petav.
1269 444 1342 475 Pal.
1359 453 1397 474 ac
1412 444 1551 476 Norvic.

853 500 887 526 et
904 496 952 527 ita
966 496 1144 537 legendum
1166 496 1339 536 postulant
1363 494 1552 534 sequentia.

853 545 906 576 Ex
923 546 1041 577 iisdem
1058 546 1157 586 paulo
1175 550 1251 586 post
1278 545 1353 582 lege
1374 546 1551 585 posteroque

851 596 912 626 die.
961 596 1072 627 Ducis.
1099 605 1170 626 cur.
1194 605 1261 627 sec.
1307 596 1419 628 Quum
1445 595 1551 626 ceteri

852 639 995 678 Codices
1010 646 1181 678 retineant
1197 646 1407 686 praeteritum
1423 647 1553 687 recepit,

851 697 898 727 nil
924 696 1150 737 innovandum
1179 702 1243 728 est.
1288 696 1481 736 Imperator
1497 696 1553 726 ad-

852 747 1011 787 pellatur,
1052 753 1230 788 postquam
1271 756 1306 778 se
1359 750 1550 787 receperat.

851 797 1073 829 Praeteritum
1112 802 1225 829 autem
1272 807 1347 828 cum
1389 796 1551 836 praesenti

853 848 1126 888 temporejungi,
1140 846 1324 888 saepissime
1342 847 1374 877 in
1390 846 1439 877 bis
1452 846 1552 878 Com-

852 899 1026 930 mentariis
1053 899 1207 930 vidimus.
1260 898 1329 929 Adi
1359 897 1402 928 ad
1437 907 1470 929 v.
1500 901 1552 929 ll.

853 958 932 980 vm.
951 952 980 980 1.
1010 951 1075 980 &c.
1114 949 1156 980 V.
1180 953 1216 980 et
1243 958 1273 979 c.
1297 951 1350 979 28.
1381 952 1415 979 et
1442 958 1471 979 c.
1499 950 1552 979 35.

853 998 956 1030 Adde
973 1000 1088 1030 Clark.
1107 999 1148 1030 ad
1164 1000 1204 1030 B.
1216 999 1288 1030 Civ.
1305 1007 1358 1030 111.
1371 1002 1424 1029 55.
1439 999 1449 1015 ‘
1463 998 1555 1029 misit

855 1053 889 1078 et
906 1047 1085 1089 adjungit.’
1129 1049 1341 1089 Quamquam
1365 1057 1427 1078 nec
1444 1049 1554 1088 recipit

855 1097 1063 1129 damnarem.
1108 1099 1296 1138 Posteroque
1312 1107 1394 1128 vero
1409 1098 1554 1138 reposui,

847 1146 1046 1186 jubentibus
1078 1147 1209 1185 iisdem,
1233 1156 1273 1177 ac
1300 1147 1428 1178 Lovan.
1458 1147 1553 1178 Leid.

855 1197 964 1237 Bong.
982 1201 1017 1227 et
1033 1198 1141 1228 Dorv.
1159 1197 1243 1227 Mss.

896 1250 914 1278 7
940 1247 1132 1287 Evestigio]
1157 1247 1212 1278 Sic
1243 1246 1380 1288 quidem
1407 1247 1555 1278 omnium

855 1297 972 1338 primae
1006 1297 1092 1328 Edd.
1132 1302 1168 1328 et
1198 1298 1400 1338 nuperrimae
1432 1296 1557 1335 Vossfi,

855 1349 1003 1387 Cellarii,
1019 1349 1164 1386 Davisii,
1183 1358 1222 1379 ac
1240 1348 1366 1379 Clarkii
1384 1347 1557 1386 exhibent,

855 1403 890 1429 et
907 1400 990 1430 trita
1005 1404 1057 1431 est
1072 1399 1217 1436 locutio;
1241 1403 1279 1429 ut
1295 1398 1408 1438 paullo
1425 1403 1502 1428 ante
1516 1408 1556 1428 esc

854 1449 995 1488 restigio.
1019 1449 1068 1480 At
1084 1459 1162 1480 vero
1178 1450 1262 1480 Mss.
1278 1448 1345 1479 mei
1362 1457 1399 1479 x.
1416 1453 1451 1478 et
1466 1447 1554 1478 Edd.

855 1499 995 1540 reliquae
1010 1507 1076 1530 non
1094 1504 1281 1539 agnoscunt
1297 1498 1360 1529 hoc
1378 1499 1450 1529 loco
1468 1508 1554 1538 prae·

854 1549 1069 1589 positionem,
1092 1559 1189 1590 quam
1206 1554 1241 1579 et
1261 1548 1341 1579 alibi
1365 1558 1433 1579 non
1453 1548 1557 1588 adpa-

855 1608 930 1630 rere
945 1599 1044 1630 docui
1060 1599 1102 1630 ad
1124 1600 1163 1630 B.
1182 1600 1270 1631 Gall.
1287 1608 1336 1630 xv.
1353 1602 1385 1630 5.
1409 1599 1418 1616 ‘
1440 1600 1467 1629 E
1483 1608 1557 1629 ves-

857 1651 937 1690 tigio
969 1650 1158 1691 poenitere.’
1215 1651 1330 1683 Quare
1358 1659 1478 1690 parum
1501 1649 1558 1680 ab·

856 1699 940 1739 fuit;
965 1701 1045 1742 quin
1063 1711 1177 1731 rursus
1194 1701 1383 1741 ejecissem.

900 1759 1017 1782 xxvn.
1045 1755 1061 1783 4
1085 1751 1267 1793 Perfer-unt]
1301 1752 1383 1782 Mss.
1410 1756 1446 1782 et
1469 1749 1558 1781 Edd.

856 1801 951 1832 Vett.
977 1803 1016 1832 ud
1045 1813 1113 1833 eum
1136 1801 1308 1842 perferunt.
1346 1801 1453 1832 Clark.
1504 1800 1557 1830 Aa

856 1862 924 1882 eum
940 1852 1093 1883 inserunt
1113 1853 1176 1883 mei
1194 1857 1324 1883 tantum
1344 1862 1410 1882 non
1432 1859 1559 1889 omnes,

857 1906 892 1932 et
919 1902 1007 1933 Edd.
1042 1903 1160 1942 primae
1192 1903 1274 1933 item
1305 1902 1408 1932 Vasc.
1437 1901 1555 1940 steph.

857 1952 989 1993 Grypb.
1020 1957 1109 1993 post.
1136 1953 1290 1994 aliaeque.
1349 1954 1466 1991 Recte,
1494 1959 1556 1991 pro

857 2001 1001 2033 Caesaris
1014 2003 1116 2043 pleno
1132 2003 1305 2033 scribendi
1317 2002 1428 2033 modo.

899 2055 918 2083 S
942 2053 981 2084 In
1008 2052 1181 2093 conspectu]
1226 2053 1283 2083 Sic
1313 2054 1398 2084 Mss.
1428 2051 1559 2092 optimi.

856 2102 944 2134 Vide
967 2113 1068 2144 supra
1095 2103 1136 2133 ad
1161 2104 1201 2134 B.
1218 2103 1260 2135 G.
1286 2113 1333 2134 lv.
1351 2106 1403 2135 12.
1447 2102 1503 2133 Al.
1526 2103 1559 2133 in

857 2157 1055 2194 conspectum.
1096 2155 1202 2185 Clark.
1255 2153 1355 2184 Adde
1388 2154 1482 2185 Cort.
1515 2151 1559 2182 ad

857 2204 937 2235 Sall.
960 2205 999 2235 Β.
1015 2205 1094 2244 Jug.
1110 2214 1138 2235 c.
1150 2209 1180 2235 5.
1215 2204 1316 2235 Certe
1332 2206 1491 2243 conspectu
1504 2202 1560 2232 hic

858 2254 1019 2285 scribitur
1049 2255 1083 2284 in
1119 2254 1242 2289 Petav.
1281 2253 1401 2293 Scalig.
1430 2253 1558 2283 Lovan.

858 2306 953 2337 Leid.
971 2316 1020 2346 pr.
1039 2315 1106 2336 sec.
1119 2306 1218 2336 Voss.
1236 2310 1271 2336 et
1293 2304 1440 2336 Dorvill.
1458 2303 1560 2334 immo

858 2356 960 2396 vulgo
984 2366 1116 2396 quoque
1148 2366 1175 2386 c.
1203 2358 1254 2386 32.
1277 2355 1390 2386 editur
1405 2353 1512 2394 quibus
1527 2353 1561 2384 ἱη.

858 2409 1017 2446 conspectu
1032 2407 1160 2441 venerit,
1178 2411 1212 2436 et
1228 2406 1384 2446 plerique
1404 2405 1488 2436 Mss.
1503 2412 1560 2435 111.

859 2460 932 2488 109.
956 2458 964 2472 ⁶
980 2457 1020 2488 In
1037 2462 1222 2496 conspectu
1238 2456 1434 2488 venissent!
1474 2454 1561 2487 Haec

857 2516 991 2547 semper
1020 2506 1142 2537 variari
1169 2516 1272 2547 supra
1298 2506 1475 2546 aliquoties
1491 2512 1561 2535 mo-

857 2557 998 2588 nuimus.

905 2615 1039 2638 xxvnr.
1064 2610 1082 2638 3
1106 2607 1314 2646 Legionesque
1329 2615 1380 2635 eas
1397 2603 1561 2633 transdux-

854 2660 927 2687 erat
946 2656 1055 2697 Curio]
1084 2658 1161 2687 Vox
1190 2655 1337 2686 Curionis
1360 2654 1394 2683 in
1424 2651 1499 2681 Pal.
1525 2655 1562 2681 ct

861 2707 972 2747 Bong.
989 2716 1056 2737 non
1073 2707 1261 2747 reperitur:
1288 2709 1324 2734 et
1350 2712 1370 2732 a
1391 2702 1457 2732 suis
1483 2710 1563 2742 quo-

863 2765 929 2797 que
953 2755 1126 2788 codicibus
1157 2753 1302 2785 abfuisse
1331 2755 1477 2783 testatur
1508 2750 1562 2782 Ci-
