1850 3109
487 214 876 257 cAP.l.1An.nz
910 222 1066 252 nunno
1099 222 1263 252 Arnu2

151 326 246 357 Lect.
276 331 332 354 111.
361 323 414 353 23.
451 320 560 350 Dacis.
607 316 738 349 Davisii
767 327 846 349 con-

143 374 282 413 jectura
298 370 475 403 admodum
491 373 543 399 est
558 368 756 399 verisimilis.
782 368 845 398 Po-

146 425 213 455 tuit
234 429 344 455 tamen
371 421 473 452 etiam
500 430 518 451 e
543 420 634 451 linea
655 419 844 460 superiore,

146 474 218 506 scil.
246 483 288 505 ex
318 470 562 513 voce-regibus,
586 470 651 502 huc
678 470 843 511 irrepere.

337 879 455 928 DE
527 881 835 930 BELLO

1481 213 1596 254 1577

902 318 1010 348 Clark.
1067 317 1165 348 Adde
1195 317 1306 348 Strab.
1335 317 1355 348 l.
1381 325 1463 348 xm.
1490 323 1524 349 et
1550 319 1598 351 ibi

899 368 1043 400 Casaub.
1073 378 1107 408 p.
1136 370 1212 398 927.
1239 366 1304 398 Ed.
1330 365 1443 398 Amst.
1470 367 1598 399 Forsan

899 418 993 459 ‘jure
1009 418 1120 460 gentis
1136 423 1169 449 et
1186 417 1316 459 legibus
1332 416 1564 457 cognationis.’

908 881 1396 930 AFRICANO

778 1031 952 1069 LIBER.

183 1176 311 1217 Pansae]
363 1177 410 1208 t⁷t
440 1187 554 1218 supra,
571 1178 667 1218 Oppii
695 1180 740 1209 rel
762 1180 841 1210 Hir-

138 1226 178 1257 tiz·
213 1226 300 1258 Edd.
330 1227 425 1257 Vett.
462 1227 600 1259 habent.
675 1230 840 1260 Nonnulli

139 1276 222 1308 Mss.
250 1278 384 1308 Coesaris
409 1288 531 1309 nornen
556 1278 755 1320 praefiguut;
782 1280 840 1310 alii

138 1327 278 1359 nullum.
322 1328 436 1359 Pansae
462 1334 556 1361 recte
583 1329 680 1361 abest
708 1341 726 1362 a
744 1330 839 1362 Leid.

138 1386 207 1408 sec.
241 1377 329 1409 Vide
345 1378 387 1410 ad
403 1379 535 1410 initium
551 1380 574 1411 l.
590 1389 670 1411 viu.
687 1381 727 1412 B.
747 1382 837 1413 Gall.

137 1431 192 1461 De
208 1430 272 1461 hoc
288 1435 400 1462 autem
418 1431 516 1471 libro,
533 1437 571 1463 ut
586 1433 695 1464 minus
713 1434 838 1465 ceteris

138 1481 357 1522 interpolato,
382 1486 417 1513 et
446 1483 584 1523 egregie
613 1484 748 1525 Latino,
783 1485 838 1516 adi

135 1531 229 1573 LiPS.
244 1532 277 1563 in
293 1533 403 1564 Elect.
418 1542 457 1563 11.
472 1536 523 1564 22.

177 1582 345 1623 Africano]
389 1583 446 1614 Ita
463 1584 595 1624 Cujacii
612 1588 646 1615 et
662 1585 757 1616 Leid.
769 1595 837 1617 sec.

137 1633 246 1664 codex
273 1639 309 1664 et
334 1633 407 1674 ipse
432 1633 568 1664 Hirtius
597 1634 694 1674 praef.
717 1635 738 1667 l.
757 1643 837 1667 vm.

134 1683 143 1699 ‘
156 1683 205 1714 Ut
221 1683 456 1714 Alexandrino
473 1688 574 1725 atque
592 1684 752 1716 Africano
768 1685 837 1715 bel·

136 1734 171 1764 lo
198 1733 419 1765 interessem!
464 1734 512 1765 At
535 1735 657 1776 Scalig.
681 1740 716 1766 et
741 1735 837 1766 Leid.

135 1794 188 1826 pr.
205 1785 327 1823 Africae
341 1785 522 1824 exhibent3
540 1786 640 1816 immo
657 1786 777 1817 Petav.
794 1785 838 1816 ad

136 1834 237 1867 finem
254 1835 353 1876 hujus
369 1835 460 1875 libri,
480 1841 515 1868 et
531 1836 620 1867 Edd.
647 1837 838 1878 antiquissi-

134 1895 211 1927 mae,
240 1886 320 1918 item
350 1887 506 1928 Gryphii,
541 1887 683 1928 aliaeque
713 1887 837 1927 Africo,

134 1945 211 1968 cum
241 1937 403 1968 Suetonio
440 1937 474 1968 in
502 1937 585 1969 Vita
621 1938 691 1970 Jul.
722 1948 752 1970 c.
781 1942 833 1969 56.

133 1986 143 2003 ‘
158 1987 247 2019 Nam
264 1986 489 2018 Alexandrini
505 1986 683 2029 Africique
699 1993 734 2020 et
757 1988 838 2020 His-

134 2037 303 2079 paniensis
318 2036 431 2079 (belli)
446 2037 597 2068 incertus
614 2043 733 2069 auctor
755 2041 835 2070 estz'

134 2087 302 2130 quomodo
318 2087 421 2118 etiam
437 2087 551 2119 Caesar
568 2089 608 2118 B.
628 2088 702 2119 Civ.
721 2098 759 2120 11.
776 2091 834 2128 32;

134 2139 217 2170 item
236 2138 362 2177 Livius,
377 2142 413 2169 et
425 2138 525 2169 Silius
539 2138 681 2170 Italicus
694 2140 835 2180 loquun-

135 2194 201 2220 tur.
223 2188 266 2219 V.
289 2187 339 2218 Cl.
354 2187 465 2218 Drak.
488 2188 531 2218 ad
557 2198 634 2219 eum
661 2198 737 2220 xvi.
763 2193 835 2221 180.

134 2240 143 2255 ‘
157 2237 272 2278 Atque
289 2237 398 2268 animo
417 2237 490 2277 jam
513 2242 584 2268 tum
609 2237 729 2269 Africa
744 2239 836 2270 bella

135 2287 308 2329 capessit?

177 2339 265 2372 CAP.
283 2348 308 2370 1.
324 2342 344 2370 2
366 2338 419 2370 Ad
435 2347 499 2369 xrv
515 2339 592 2369 Kal.
608 2339 683 2369 Jan.
701 2339 733 2370 in
749 2340 838 2381 Lily-

134 2389 232 2421 baeum
250 2388 406 2430 pen-enit]
454 2389 563 2429 Legas
591 2394 728 2429 oportet
750 2400 779 2420 α.
804 2391 835 2421 d.

134 2448 199 2472 xlv
214 2441 291 2472 Kal.
306 2441 381 2472 dan.
397 2439 570 2480 Lilybaeum
583 2440 741 2480 pertenit:
758 2450 836 2471 nam

133 2489 258 2521 Petav.
275 2490 383 2522 Norv.
399 2490 558 2521 Beroald.
581 2490 714 2531 Gryph.
729 2491 834 2532 (post.

135 2540 216 2579 Ed.)
230 2540 355 2582 aliique
371 2540 462 2580 libri,
474 2541 750 2582 praepositionem
766 2551 835 2573 non

135 2589 330 2622 admittunt.
350 2590 463 2621 Dat—is.
479 2599 552 2621 cur.
570 2600 637 2622 sec.
681 2591 722 2622 In
738 2592 837 2623 abest

136 2639 264 2671 Lovan.
289 2650 434 2681 quoque,
450 2642 538 2673 scal.
558 2642 653 2673 Leid.
671 2653 723 2683 pr.
735 2644 834 2675 Voss.

136 2688 283 2720 Dorvill.
309 2694 345 2720 et
371 2689 460 2721 Edd.
485 2691 614 2730 primis,
630 2692 768 2724 Vascos.
795 2702 834 2724 ac

138 2736 311 2778 Stephani.
355 2738 470 2770 Quare
496 2739 616 2772 abesse
631 2740 731 2781 jussi,
753 2742 836 2773 licet

139 2786 220 2820 satis
249 2786 386 2821 defendi
413 2797 514 2830 posse
542 2790 660 2824 sciam.
713 2791 836 2826 Paullo

892 1183 969 1218 post
986 1178 1072 1218 ejeci
1095 1187 1229 1218 quoque
1244 1176 1282 1208 τὸ
1296 1187 1353 1217 que
1374 1182 1452 1217 post
1468 1176 1596 1216 equites,

893 1228 1088 1260 auctoribus
1114 1227 1198 1258 Mss.
1228 1227 1351 1258 Petav.
1375 1227 1501 1266 scalig.
1519 1226 1596 1256 Lei-

893 1279 1006 1310 densis
1024 1278 1136 1319 primi,
1159 1278 1241 1308 item
1264 1286 1333 1308 sec.
1351 1281 1387 1308 et
1410 1277 1519 1307 Dorv.
1538 1274 1595 1316 qui

893 1330 959 1360 duo
976 1329 1101 1361 habent
1116 1329 1255 1368 equitum
1269 1328 1337 1359 vix.

935 1383 955 1411 6
982 1380 1108 1410 Fluctus
1132 1376 1324 1417 verberaret]
1380 1376 1595 1417 Hypaliagen

892 1431 942 1462 his
970 1431 1079 1462 inesse
1105 1429 1204 1470 fingit
1227 1428 1386 1465 Vossius
1410 1432 1447 1458 et
1472 1425 1596 1458 fluctus

892 1481 993 1513 sumit
1009 1481 1042 1511 in
1058 1479 1281 1511 Accusativo.
1325 1477 1392 1509 Sed
1408 1476 1596 1508 subintelli-

892 1532 1036 1573 gendum
1054 1532 1087 1562 id
1103 1530 1370 1562 tabernaculum.
1395 1529 1437 1559 V.
1462 1537 1538 1558 eum
1559 1531 1596 1557 et

893 1582 1064 1615 Clarkium
1081 1581 1123 1613 ad
1141 1582 1181 1612 B.
1200 1581 1244 1612 G.
1261 1590 1310 1612 xv.
1326 1583 1378 1612 25.

936 1634 1021 1668 Quid
1043 1650 1086 1655 -—
1108 1632 1284 1673 quisquam]
1327 1631 1385 1661 Sic
1413 1630 1478 1661 Ms.
1508 1629 1595 1669 Reg.

892 1682 970 1715 Ald.
987 1684 1054 1724 quis
1066 1683 1240 1723 quidquam.
1285 1681 1387 1714 Quod
1413 1681 1503 1712 idem
1528 1684 1594 1710 est.

894 1735 1000 1766 Clark.
1047 1734 1101 1764 Ex
1124 1734 1224 1764 unico
1248 1738 1283 1764 et
1311 1731 1442 1763 recenti
1467 1730 1596 1761 Codice

892 1794 974 1825 ergo
991 1794 1057 1815 non
1072 1788 1147 1815 erat
1172 1782 1383 1814 mutandum.
1431 1780 1516 1815 Quid
1543 1784 1596 1811 est

892 1845 935 1866 ex
961 1835 1043 1865 meis
1069 1835 1103 1865 in
1131 1834 1200 1865 solo
1217 1833 1313 1865 Leid.
1339 1842 1408 1864 sec.
1455 1831 1596 1862 Rectius

892 1885 1173 1924 deleremnsfore,
1187 1883 1275 1926 quod
1289 1893 1355 1914 nou
1368 1882 1597 1920 desideratur,

892 1941 927 1967 et
945 1935 1042 1966 abest
1057 1936 1098 1966 ab
1115 1935 1244 1975 optimo
1268 1933 1426 1964 Leidens.
1451 1942 1501 1972 pr.
1521 1930 1594 1969 sere

891 1985 924 2016 in
941 1984 1030 2016 Edd.
1047 1984 1148 2017 Rom.
1166 1990 1202 2016 et
1218 1983 1312 2015 Med.
1322 1982 1411 2021 ferre
1426 1983 1460 2012 iu
1480 1981 1564 2012 Ven.

933 2038 952 2066 8
975 2035 1094 2066 Incidit
1116 2045 1174 2076 per
1199 2035 1231 2065 id
1258 2032 1390 2074 tempus]
1433 2032 1468 2063 Si
1486 2032 1595 2072 proba

888 2088 963 2118 haec
978 2093 1029 2119 est
1041 2087 1155 2127 lectio,
1167 2084 1439 2118 subaudiendum
1454 2083 1519 2114 haec
1531 2092 1593 2113 res.

892 2138 1046 2179 Alioquin
1060 2139 1208 2177 maliem,
1223 2137 1250 2168 si
1274 2146 1336 2177 per
1363 2136 1443 2166 Mss.
1459 2134 1593 2172 liceret,

890 2189 1006 2219 Incidit
1019 2189 1051 2219 in
1066 2189 1098 2219 id
1111 2192 1241 2229 tempus,
1256 2197 1304 2220 sc.
1319 2187 1445 2223 Caesar,
1464 2185 1594 2217 utalibi

887 2239 1048 2280 loquitur.
1066 2241 1074 2256 ‘
1085 2239 1244 2270 Incidere
1260 2239 1295 2269 in
1310 2237 1466 2268 hiemem'
1482 2237 1593 2269 Cicer.

890 2290 954 2329 Ep.
971 2289 1014 2320 ad
1030 2290 1123 2320 Fam.
1141 2298 1195 2319 111.
1209 2292 1263 2326 7.;
1280 2293 1316 2319 et
1328 2287 1420 2319 alibi.

933 2342 973 2370 lo
999 2340 1044 2370 Et
1065 2340 1179 2370 nullam
1199 2338 1444 2379 praetermittere
1463 2337 1593 2368 occasio-

888 2399 957 2420 nem
983 2389 1200 2430 projectionis]
1261 2388 1459 2429 Legendum
1489 2387 1594 2420 credo

888 2445 922 2472 ut
959 2442 1072 2471 nullam
1109 2440 1366 2481 praetermitteret
1405 2440 1594 2470 occasionem

885 2491 1096 2532 proj‘rctz'vnis.
1144 2490 1330 2522 Confirmat
1348 2491 1434 2521 hauc
1457 2490 1593 2530 conjec-

890 2547 1001 2573 turam
1027 2542 1099 2574 Jul.
1130 2542 1263 2582 Celsus,
1290 2540 1347 2582 qui
1377 2551 1411 2581 p.
1443 2542 1518 2571 214.
1543 2538 1593 2569 sic

890 2592 954 2623 ait:
979 2594 987 2608 ⁴
1002 2593 1148 2633 remiges
1167 2596 1278 2623 tamen
1294 2591 1327 2622 in
1346 2590 1519 2631 puppibus
1536 2589 1594 2619 de-

890 2642 1036 2681 tinebat,
1061 2652 1104 2674 ne
1129 2652 1220 2673 more
1248 2652 1309 2673 suo
1333 2651 1395 2682 per
1417 2639 1593 2670 licentiam

891 2698 1106 2733 vagarentur,
1135 2692 1194 2724 sed
1230 2692 1322 2722 dicto
1357 2689 1592 2727 obaudientes,

889 2753 953 2774 nec
968 2742 1141 2784 quaerendi
1157 2750 1296 2783 usquam
1318 2738 1454 2770 essent.'
1477 2739 1590 2770 Datis.

889 2793 958 2826 Sed
975 2794 1056 2826 nihil
1071 2803 1167 2834 opus.
1211 2792 1360 2833 Vulgata
1376 2790 1466 2823 enim
1486 2790 1590 2823 lectio
