<?xml version="1.0" encoding="UTF-8"?>
<!DOCTYPE html PUBLIC "-//W3C//DTD XHTML 1.0 Transitional//EN"
    "http://www.w3.org/TR/xhtml1/DTD/xhtml1-transitional.dtd">
<html xmlns="http://www.w3.org/1999/xhtml" xml:lang="en" lang="en">
 <head>
  <title>
</title>
<meta http-equiv="Content-Type" content="text/html;charset=utf-8" />
  <meta name='ocr-system' content='tesseract 3.04.00' />
  <meta name='ocr-capabilities' content='ocr_page ocr_carea ocr_par ocr_line ocrx_word'/>
</head>
<body>
  <div class='ocr_page' id='page_1' title='image "./operaomniaexedit04caesuoft_0498.png"; bbox 0 0 1850 3109; ppageno 0'>
   <div class='ocr_carea' id='block_1_1' title="bbox 270 191 1288 235">
    <p class='ocr_par' dir='ltr' id='par_1_1' title="bbox 270 191 1288 235">
     <span class='ocr_line' id='line_1_1' title="bbox 270 191 1288 235; baseline 0.004 -4"><span class='ocrx_word' id='word_1_1' title='bbox 270 191 381 231; x_wconf 63' lang='lat'>1888</span> <span class='ocrx_word' id='word_1_2' title='bbox 699 205 733 234; x_wconf 82' lang='lat' dir='ltr'>J.</span> <span class='ocrx_word' id='word_1_3' title='bbox 767 204 902 235; x_wconf 61' lang='lat' dir='ltr'>CEtSt</span> <span class='ocrx_word' id='word_1_4' title='bbox 940 206 1288 235; x_wconf 65' lang='lat' dir='ltr'>r·ox1x11³.s&#39;rxntr</span> 
     </span>
    </p>
   </div>
   <div class='ocr_carea' id='block_1_2' title="bbox 253 303 1720 2787">
    <p class='ocr_par' dir='ltr' id='par_1_2' title="bbox 253 303 1720 2587">
     <span class='ocr_line' id='line_1_2' title="bbox 269 303 1717 356; baseline 0.003 -17"><span class='ocrx_word' id='word_1_5' title='bbox 269 303 457 349; x_wconf 78' lang='lat' dir='ltr'>omnibus,</span> <span class='ocrx_word' id='word_1_6' title='bbox 478 311 516 341; x_wconf 88' lang='lat' dir='ltr'>et</span> <span class='ocrx_word' id='word_1_7' title='bbox 548 303 749 342; x_wconf 74' lang='lat' dir='ltr'>ditioribus</span> <span class='ocrx_word' id='word_1_8' title='bbox 782 305 998 354; x_wconf 75' lang='lat' dir='ltr'>quibusque</span> <span class='ocrx_word' id='word_1_9' title='bbox 1034 306 1133 343; x_wconf 87' lang='lat' dir='ltr'>ultro</span> <span class='ocrx_word' id='word_1_10' title='bbox 1153 307 1308 356; x_wconf 85' lang='lat' dir='ltr'>inopum</span> <span class='ocrx_word' id='word_1_11' title='bbox 1330 319 1459 343; x_wconf 84' lang='lat' dir='ltr'>curam</span> <span class='ocrx_word' id='word_1_12' title='bbox 1481 307 1515 343; x_wconf 87' lang='lat' dir='ltr'>in</span> <span class='ocrx_word' id='word_1_13' title='bbox 1539 319 1576 341; x_wconf 64' lang='grc' dir='ltr'>ιο</span> <span class='ocrx_word' id='word_1_14' title='bbox 1600 313 1717 343; x_wconf 77' lang='lat' dir='ltr'>trans-</span> 
     </span>
     <span class='ocr_line' id='line_1_3' title="bbox 266 365 1719 420; baseline 0.003 -18"><span class='ocrx_word' id='word_1_15' title='bbox 266 365 489 411; x_wconf 72' lang='lat' dir='ltr'>ferentibus,</span> <span class='ocrx_word' id='word_1_16' title='bbox 509 368 716 417; x_wconf 81' lang='lat' dir='ltr'>gratuitum</span> <span class='ocrx_word' id='word_1_17' title='bbox 737 368 788 404; x_wconf 93' lang='lat' dir='ltr'>illi</span> <span class='ocrx_word' id='word_1_18' title='bbox 821 368 900 404; x_wconf 82' lang='lat' dir='ltr'>sine</span> <span class='ocrx_word' id='word_1_19' title='bbox 933 367 1125 416; x_wconf 84' lang='lat' dir='ltr'>stipendio</span> <span class='ocrx_word' id='word_1_20' title='bbox 1156 382 1200 406; x_wconf 88' lang='lat' dir='ltr'>ac</span> <span class='ocrx_word' id='word_1_21' title='bbox 1228 369 1417 408; x_wconf 79' lang='lat' dir='ltr'>frumento</span> <span class='ocrx_word' id='word_1_22' title='bbox 1447 371 1719 420; x_wconf 71' lang='lat' dir='ltr'>pollicerentur</span> 
     </span>
     <span class='ocr_line' id='line_1_4' title="bbox 268 430 1720 484; baseline 0.001 -16"><span class='ocrx_word' id='word_1_23' title='bbox 268 431 525 480; x_wconf 78' lang='lat' dir='ltr'>obsequium:</span> <span class='ocrx_word' id='word_1_24' title='bbox 555 445 677 481; x_wconf 87' lang='lat' dir='ltr'>neque</span> <span class='ocrx_word' id='word_1_25' title='bbox 698 432 735 467; x_wconf 90' lang='lat' dir='ltr'>in</span> <span class='ocrx_word' id='word_1_26' title='bbox 756 437 832 467; x_wconf 88' lang='lat' dir='ltr'>tam</span> <span class='ocrx_word' id='word_1_27' title='bbox 866 430 978 479; x_wconf 73' lang='lat' dir='ltr'>longo</span> <span class='ocrx_word' id='word_1_28' title='bbox 1010 432 1095 467; x_wconf 86' lang='lat' dir='ltr'>belli</span> <span class='ocrx_word' id='word_1_29' title='bbox 1116 433 1241 482; x_wconf 75' lang='lat' dir='ltr'>spatio</span> <span class='ocrx_word' id='word_1_30' title='bbox 1262 435 1467 484; x_wconf 76' lang='lat' dir='ltr'>quisquam</span> <span class='ocrx_word' id='word_1_31' title='bbox 1499 437 1576 472; x_wconf 76' lang='lat' dir='ltr'>fere</span> <span class='ocrx_word' id='word_1_32' title='bbox 1599 444 1720 472; x_wconf 62' lang='lat' dir='ltr'>trans-</span> 
     </span>
     <span class='ocr_line' id='line_1_5' title="bbox 265 494 1715 545; baseline 0.004 -15"><span class='ocrx_word' id='word_1_33' title='bbox 265 494 380 545; x_wconf 75' lang='lat' dir='ltr'>fugit3</span> <span class='ocrx_word' id='word_1_34' title='bbox 411 502 449 532; x_wconf 89' lang='lat' dir='ltr'>et</span> <span class='ocrx_word' id='word_1_35' title='bbox 468 496 573 544; x_wconf 86' lang='lat' dir='ltr'>eapti</span> <span class='ocrx_word' id='word_1_36' title='bbox 592 494 711 543; x_wconf 79' lang='lat' dir='ltr'>aliqui</span> <span class='ocrx_word' id='word_1_37' title='bbox 731 506 884 530; x_wconf 82' lang='lat' dir='ltr'>suorum</span> <span class='ocrx_word' id='word_1_38' title='bbox 906 494 1077 531; x_wconf 83' lang='lat' dir='ltr'>oblatam</span> <span class='ocrx_word' id='word_1_39' title='bbox 1097 496 1169 532; x_wconf 83' lang='lat' dir='ltr'>sibi</span> <span class='ocrx_word' id='word_1_40' title='bbox 1189 496 1303 533; x_wconf 85' lang='lat' dir='ltr'>vitani</span> <span class='ocrx_word' id='word_1_41' title='bbox 1324 498 1352 534; x_wconf 94' lang='lat' dir='ltr'>si</span> <span class='ocrx_word' id='word_1_42' title='bbox 1373 506 1506 535; x_wconf 77' lang='lat' dir='ltr'>eontra</span> <span class='ocrx_word' id='word_1_43' title='bbox 1526 502 1715 536; x_wconf 65' lang='lat' dir='ltr'>Caesarem</span> 
     </span>
     <span class='ocr_line' id='line_1_6' title="bbox 266 558 1718 607; baseline 0.001 -9"><span class='ocrx_word' id='word_1_44' title='bbox 266 561 469 598; x_wconf 82' lang='lat' dir='ltr'>militarent</span> <span class='ocrx_word' id='word_1_45' title='bbox 493 558 799 595; x_wconf 71' lang='lat' dir='ltr'>constantissime</span> <span class='ocrx_word' id='word_1_46' title='bbox 820 566 1062 607; x_wconf 88' lang='lat' dir='ltr'>respuerunt.</span> <span class='ocrx_word' id='word_1_47' title='bbox 1121 559 1375 598; x_wconf 80' lang='lat' dir='ltr'>Difficultates</span> <span class='ocrx_word' id='word_1_48' title='bbox 1405 574 1527 598; x_wconf 86' lang='lat' dir='ltr'>rerum</span> <span class='ocrx_word' id='word_1_49' title='bbox 1548 564 1718 599; x_wconf 71' lang='lat' dir='ltr'>(unitioni</span> 
     </span>
     <span class='ocr_line' id='line_1_7' title="bbox 266 622 1719 674; baseline 0.001 -13"><span class='ocrx_word' id='word_1_50' title='bbox 266 632 303 661; x_wconf 87' lang='lat' dir='ltr'>et</span> <span class='ocrx_word' id='word_1_51' title='bbox 324 631 493 660; x_wconf 86' lang='lat' dir='ltr'>extrema</span> <span class='ocrx_word' id='word_1_52' title='bbox 512 622 666 667; x_wconf 84' lang='lat' dir='ltr'>samem,</span> <span class='ocrx_word' id='word_1_53' title='bbox 688 623 745 659; x_wconf 81' lang='lat' dir='ltr'>vel</span> <span class='ocrx_word' id='word_1_54' title='bbox 764 622 856 660; x_wconf 91' lang='lat' dir='ltr'>dum</span> <span class='ocrx_word' id='word_1_55' title='bbox 887 623 1150 660; x_wconf 75' lang='lat' dir='ltr'>obsiderentur</span> <span class='ocrx_word' id='word_1_56' title='bbox 1169 625 1218 660; x_wconf 89' lang='lat' dir='ltr'>ab</span> <span class='ocrx_word' id='word_1_57' title='bbox 1238 625 1426 670; x_wconf 87' lang='lat' dir='ltr'>hostibus,</span> <span class='ocrx_word' id='word_1_58' title='bbox 1457 625 1514 662; x_wconf 79' lang='lat' dir='ltr'>vel</span> <span class='ocrx_word' id='word_1_59' title='bbox 1537 625 1626 662; x_wconf 90' lang='lat' dir='ltr'>dum</span> <span class='ocrx_word' id='word_1_60' title='bbox 1648 625 1719 674; x_wconf 51' lang='lat' dir='ltr'>ipe-i</span> 
     </span>
     <span class='ocr_line' id='line_1_8' title="bbox 264 685 1716 739; baseline 0.003 -16"><span class='ocrx_word' id='word_1_61' title='bbox 264 687 346 724; x_wconf 91' lang='lat' dir='ltr'>illos</span> <span class='ocrx_word' id='word_1_62' title='bbox 367 685 596 730; x_wconf 87' lang='lat' dir='ltr'>obsiderent,</span> <span class='ocrx_word' id='word_1_63' title='bbox 620 693 726 724; x_wconf 86' lang='lat' dir='ltr'>tanta</span> <span class='ocrx_word' id='word_1_64' title='bbox 758 687 948 737; x_wconf 77' lang='lat' dir='ltr'>pertulere</span> <span class='ocrx_word' id='word_1_65' title='bbox 978 688 1200 733; x_wconf 81' lang='lat' dir='ltr'>constantia,</span> <span class='ocrx_word' id='word_1_66' title='bbox 1223 696 1263 726; x_wconf 88' lang='lat' dir='ltr'>ut</span> <span class='ocrx_word' id='word_1_67' title='bbox 1292 689 1338 725; x_wconf 85' lang='lat' dir='ltr'>ad</span> <span class='ocrx_word' id='word_1_68' title='bbox 1362 689 1598 730; x_wconf 70' lang='lat' dir='ltr'>Durrachium</span> <span class='ocrx_word' id='word_1_69' title='bbox 1620 702 1716 739; x_wconf 84' lang='lat' dir='ltr'>pane</span> 
     </span>
     <span class='ocr_line' id='line_1_9' title="bbox 262 751 1717 802; baseline 0.001 -14"><span class='ocrx_word' id='word_1_70' title='bbox 262 764 309 789; x_wconf 86' lang='lat' dir='ltr'>ex</span> <span class='ocrx_word' id='word_1_71' title='bbox 331 751 457 788; x_wconf 84' lang='lat' dir='ltr'>herbis</span> <span class='ocrx_word' id='word_1_72' title='bbox 478 751 582 787; x_wconf 85' lang='lat' dir='ltr'>sacto</span> <span class='ocrx_word' id='word_1_73' title='bbox 602 752 718 789; x_wconf 89' lang='lat' dir='ltr'>vitam</span> <span class='ocrx_word' id='word_1_74' title='bbox 740 758 1012 789; x_wconf 82' lang='lat' dir='ltr'>sustentarent:</span> <span class='ocrx_word' id='word_1_75' title='bbox 1048 765 1125 800; x_wconf 89' lang='lat' dir='ltr'>qno</span> <span class='ocrx_word' id='word_1_76' title='bbox 1147 761 1357 801; x_wconf 70' lang='lat' dir='ltr'>conspecto</span> <span class='ocrx_word' id='word_1_77' title='bbox 1380 753 1587 802; x_wconf 82' lang='lat' dir='ltr'>l&#39;ompejns</span> <span class='ocrx_word' id='word_1_78' title='bbox 1619 759 1717 790; x_wconf 89' lang='lat' dir='ltr'>‘rem</span> 
     </span>
     <span class='ocr_line' id='line_1_10' title="bbox 262 816 1715 864; baseline 0 -12"><span class='ocrx_word' id='word_1_79' title='bbox 262 816 334 853; x_wconf 84' lang='lat' dir='ltr'>sibi</span> <span class='ocrx_word' id='word_1_80' title='bbox 353 829 428 852; x_wconf 93' lang='lat' dir='ltr'>non</span> <span class='ocrx_word' id='word_1_81' title='bbox 445 829 534 853; x_wconf 90' lang='lat' dir='ltr'>cum</span> <span class='ocrx_word' id='word_1_82' title='bbox 557 816 787 860; x_wconf 87' lang='lat' dir='ltr'>hominibus,</span> <span class='ocrx_word' id='word_1_83' title='bbox 809 816 874 853; x_wconf 85' lang='lat' dir='ltr'>sed</span> <span class='ocrx_word' id='word_1_84' title='bbox 896 829 983 854; x_wconf 88' lang='lat' dir='ltr'>cum</span> <span class='ocrx_word' id='word_1_85' title='bbox 1006 817 1093 853; x_wconf 82' lang='lat' dir='ltr'>feris</span> <span class='ocrx_word' id='word_1_86' title='bbox 1113 817 1371 853; x_wconf 82' lang='lat' dir='ltr'>animantibus</span> <span class='ocrx_word' id='word_1_87' title='bbox 1388 820 1492 861; x_wconf 55' lang='lat' dir='ltr'>esses</span> <span class='ocrx_word' id='word_1_88' title='bbox 1513 817 1587 860; x_wconf 84' lang='lat' dir='ltr'>ait;</span> <span class='ocrx_word' id='word_1_89' title='bbox 1619 818 1715 864; x_wconf 69' lang='lat' dir='ltr'>abji—</span> 
     </span>
     <span class='ocr_line' id='line_1_11' title="bbox 260 880 1716 930; baseline -0.001 -12"><span class='ocrx_word' id='word_1_90' title='bbox 260 880 376 930; x_wconf 79' lang='lat' dir='ltr'>&#39;cique</span> <span class='ocrx_word' id='word_1_91' title='bbox 396 893 482 918; x_wconf 89' lang='lat' dir='ltr'>eum</span> <span class='ocrx_word' id='word_1_92' title='bbox 508 881 635 930; x_wconf 89' lang='lat' dir='ltr'>jussit,</span> <span class='ocrx_word' id='word_1_93' title='bbox 667 894 712 917; x_wconf 81' lang='lat' dir='ltr'>ne</span> <span class='ocrx_word' id='word_1_94' title='bbox 733 880 834 917; x_wconf 78' lang='lat' dir='ltr'>visus</span> <span class='ocrx_word' id='word_1_95' title='bbox 867 880 1012 917; x_wconf 81' lang='lat' dir='ltr'>animos</span> <span class='ocrx_word' id='word_1_96' title='bbox 1035 893 1186 917; x_wconf 72' lang='lat' dir='ltr'>suorum</span> <span class='ocrx_word' id='word_1_97' title='bbox 1208 880 1438 925; x_wconf 83' lang='lat' dir='ltr'>debilitaret,</span> <span class='ocrx_word' id='word_1_98' title='bbox 1461 881 1716 918; x_wconf 76' lang='lat' dir='ltr'>obstinatione</span> 
     </span>
     <span class='ocr_line' id='line_1_12' title="bbox 261 944 1717 995; baseline -0.001 -13"><span class='ocrx_word' id='word_1_99' title='bbox 261 945 426 982; x_wconf 84' lang='lat' dir='ltr'>hostium</span> <span class='ocrx_word' id='word_1_100' title='bbox 448 945 659 982; x_wconf 84' lang='lat' dir='ltr'>intellecta.</span> <span class='ocrx_word' id='word_1_101' title='bbox 717 944 919 982; x_wconf 84' lang='lat' dir='ltr'>Fortitudo</span> <span class='ocrx_word' id='word_1_102' title='bbox 941 957 1098 995; x_wconf 90' lang='lat' dir='ltr'>quoque</span> <span class='ocrx_word' id='word_1_103' title='bbox 1119 957 1194 981; x_wconf 91' lang='lat' dir='ltr'>non</span> <span class='ocrx_word' id='word_1_104' title='bbox 1217 944 1368 980; x_wconf 83' lang='lat' dir='ltr'>inferior</span> <span class='ocrx_word' id='word_1_105' title='bbox 1399 957 1510 992; x_wconf 82' lang='lat' dir='ltr'>quam</span> <span class='ocrx_word' id='word_1_106' title='bbox 1533 944 1717 993; x_wconf 64' lang='lat' dir='ltr'>patientia</span> 
     </span>
     <span class='ocr_line' id='line_1_13' title="bbox 259 1008 1716 1057; baseline -0.001 -11"><span class='ocrx_word' id='word_1_107' title='bbox 259 1008 333 1046; x_wconf 77' lang='lat' dir='ltr'>illis</span> <span class='ocrx_word' id='word_1_108' title='bbox 354 1015 455 1046; x_wconf 81' lang='lat' dir='ltr'>crat:</span> <span class='ocrx_word' id='word_1_109' title='bbox 486 1008 577 1045; x_wconf 87' lang='lat' dir='ltr'>victi</span> <span class='ocrx_word' id='word_1_110' title='bbox 605 1008 721 1045; x_wconf 89' lang='lat' dir='ltr'>semel</span> <span class='ocrx_word' id='word_1_111' title='bbox 742 1008 813 1044; x_wconf 93' lang='lat' dir='ltr'>illis</span> <span class='ocrx_word' id='word_1_112' title='bbox 834 1008 869 1045; x_wconf 89' lang='lat' dir='ltr'>in</span> <span class='ocrx_word' id='word_1_113' title='bbox 893 1009 987 1046; x_wconf 88' lang='lat' dir='ltr'>locis</span> <span class='ocrx_word' id='word_1_114' title='bbox 1007 1015 1082 1046; x_wconf 84' lang='lat' dir='ltr'>tam</span> <span class='ocrx_word' id='word_1_115' title='bbox 1105 1008 1227 1045; x_wconf 83' lang='lat' dir='ltr'>moesti</span> <span class='ocrx_word' id='word_1_116' title='bbox 1249 1009 1412 1052; x_wconf 87' lang='lat' dir='ltr'>fuerunt,</span> <span class='ocrx_word' id='word_1_117' title='bbox 1436 1015 1474 1045; x_wconf 89' lang='lat' dir='ltr'>ut</span> <span class='ocrx_word' id='word_1_118' title='bbox 1495 1020 1516 1045; x_wconf 83' lang='lat' dir='ltr'>a</span> <span class='ocrx_word' id='word_1_119' title='bbox 1538 1008 1716 1057; x_wconf 82' lang='lat' dir='ltr'>semetip-</span> 
     </span>
     <span class='ocr_line' id='line_1_14' title="bbox 261 1072 1716 1122; baseline 0.001 -13"><span class='ocrx_word' id='word_1_120' title='bbox 261 1073 312 1110; x_wconf 83' lang='lat' dir='ltr'>sis</span> <span class='ocrx_word' id='word_1_121' title='bbox 334 1072 566 1122; x_wconf 89' lang='lat' dir='ltr'>supplicium</span> <span class='ocrx_word' id='word_1_122' title='bbox 585 1072 792 1122; x_wconf 77' lang='lat' dir='ltr'>exigentes,</span> <span class='ocrx_word' id='word_1_123' title='bbox 814 1073 1003 1110; x_wconf 89' lang='lat' dir='ltr'>consolari</span> <span class='ocrx_word' id='word_1_124' title='bbox 1037 1086 1102 1110; x_wconf 84' lang='lat' dir='ltr'>eos</span> <span class='ocrx_word' id='word_1_125' title='bbox 1135 1072 1216 1111; x_wconf 88' lang='lat' dir='ltr'>dux</span> <span class='ocrx_word' id='word_1_126' title='bbox 1249 1072 1437 1110; x_wconf 77' lang='lat' dir='ltr'>habuerat</span> <span class='ocrx_word' id='word_1_127' title='bbox 1471 1085 1545 1109; x_wconf 88' lang='lat' dir='ltr'>non</span> <span class='ocrx_word' id='word_1_128' title='bbox 1567 1072 1716 1122; x_wconf 84' lang='lat' dir='ltr'>punire.</span> 
     </span>
     <span class='ocr_line' id='line_1_15' title="bbox 260 1136 1717 1188; baseline 0 -14"><span class='ocrx_word' id='word_1_129' title='bbox 260 1136 354 1174; x_wconf 84' lang='lat' dir='ltr'>Aliis</span> <span class='ocrx_word' id='word_1_130' title='bbox 376 1137 552 1173; x_wconf 88' lang='lat' dir='ltr'>omnibus</span> <span class='ocrx_word' id='word_1_131' title='bbox 572 1137 608 1173; x_wconf 90' lang='lat' dir='ltr'>in</span> <span class='ocrx_word' id='word_1_132' title='bbox 629 1137 783 1186; x_wconf 85' lang='lat' dir='ltr'>proeliis,</span> <span class='ocrx_word' id='word_1_133' title='bbox 804 1137 977 1188; x_wconf 85' lang='lat' dir='ltr'>ingentes</span> <span class='ocrx_word' id='word_1_134' title='bbox 999 1137 1165 1175; x_wconf 85' lang='lat' dir='ltr'>hostium</span> <span class='ocrx_word' id='word_1_135' title='bbox 1198 1137 1388 1174; x_wconf 82' lang='lat' dir='ltr'>exercitus</span> <span class='ocrx_word' id='word_1_136' title='bbox 1422 1149 1571 1186; x_wconf 82' lang='lat' dir='ltr'>semper</span> <span class='ocrx_word' id='word_1_137' title='bbox 1603 1137 1717 1187; x_wconf 82' lang='lat' dir='ltr'>longe</span> 
     </span>
     <span class='ocr_line' id='line_1_16' title="bbox 260 1199 1715 1251; baseline -0.001 -13"><span class='ocrx_word' id='word_1_138' title='bbox 260 1213 422 1239; x_wconf 87' lang='lat' dir='ltr'>numero</span> <span class='ocrx_word' id='word_1_139' title='bbox 442 1201 642 1251; x_wconf 86' lang='lat' dir='ltr'>pauciores</span> <span class='ocrx_word' id='word_1_140' title='bbox 664 1200 842 1238; x_wconf 83' lang='lat' dir='ltr'>⁷vicerint</span> <span class='ocrx_word' id='word_1_141' title='bbox 859 1207 976 1251; x_wconf 89' lang='lat' dir='ltr'>atque</span> <span class='ocrx_word' id='word_1_142' title='bbox 995 1201 1222 1239; x_wconf 82' lang='lat' dir='ltr'>deleverint:</span> <span class='ocrx_word' id='word_1_143' title='bbox 1253 1208 1291 1238; x_wconf 86' lang='lat' dir='ltr'>et</span> <span class='ocrx_word' id='word_1_144' title='bbox 1310 1199 1452 1237; x_wconf 87' lang='lat' dir='ltr'>ibidem</span> <span class='ocrx_word' id='word_1_145' title='bbox 1475 1213 1550 1238; x_wconf 83' lang='lat' dir='ltr'>una</span> <span class='ocrx_word' id='word_1_146' title='bbox 1576 1200 1715 1240; x_wconf 78' lang='lat' dir='ltr'>cohors</span> 
     </span>
     <span class='ocr_line' id='line_1_17' title="bbox 261 1264 1718 1315; baseline -0.002 -11"><span class='ocrx_word' id='word_1_147' title='bbox 261 1266 424 1304; x_wconf 85' lang='lat' dir='ltr'>Caesaris</span> <span class='ocrx_word' id='word_1_148' title='bbox 444 1272 610 1314; x_wconf 83' lang='lat' dir='ltr'>quatuor</span> <span class='ocrx_word' id='word_1_149' title='bbox 629 1264 742 1315; x_wconf 68' lang='lat'>[265]</span> <span class='ocrx_word' id='word_1_150' title='bbox 764 1265 1021 1314; x_wconf 83' lang='lat' dir='ltr'>Pompejanas</span> <span class='ocrx_word' id='word_1_151' title='bbox 1037 1264 1205 1315; x_wconf 83' lang='lat' dir='ltr'>legiones</span> <span class='ocrx_word' id='word_1_152' title='bbox 1225 1265 1373 1314; x_wconf 85' lang='lat' dir='ltr'>aliquot</span> <span class='ocrx_word' id='word_1_153' title='bbox 1393 1265 1568 1301; x_wconf 82' lang='lat' dir='ltr'>horarum</span> <span class='ocrx_word' id='word_1_154' title='bbox 1592 1266 1718 1314; x_wconf 85' lang='lat' dir='ltr'>spatio</span> 
     </span>
     <span class='ocr_line' id='line_1_18' title="bbox 261 1328 1718 1379; baseline -0.001 -12"><span class='ocrx_word' id='word_1_155' title='bbox 261 1330 315 1367; x_wconf 78' lang='lat' dir='ltr'>sic</span> <span class='ocrx_word' id='word_1_156' title='bbox 336 1329 505 1379; x_wconf 84' lang='lat' dir='ltr'>pertulit,</span> <span class='ocrx_word' id='word_1_157' title='bbox 528 1336 570 1366; x_wconf 85' lang='lat' dir='ltr'>ut</span> <span class='ocrx_word' id='word_1_158' title='bbox 590 1342 688 1378; x_wconf 79' lang='lat' dir='ltr'>pene</span> <span class='ocrx_word' id='word_1_159' title='bbox 708 1342 839 1366; x_wconf 88' lang='lat' dir='ltr'>omnes</span> <span class='ocrx_word' id='word_1_160' title='bbox 860 1328 999 1366; x_wconf 77' lang='lat' dir='ltr'>confixi</span> <span class='ocrx_word' id='word_1_161' title='bbox 1019 1335 1135 1378; x_wconf 86' lang='lat' dir='ltr'>atque</span> <span class='ocrx_word' id='word_1_162' title='bbox 1155 1329 1283 1366; x_wconf 91' lang='lat' dir='ltr'>obruti</span> <span class='ocrx_word' id='word_1_163' title='bbox 1305 1328 1448 1378; x_wconf 81' lang='lat' dir='ltr'>sagittis</span> <span class='ocrx_word' id='word_1_164' title='bbox 1468 1337 1603 1374; x_wconf 85' lang='lat' dir='ltr'>essent,</span> <span class='ocrx_word' id='word_1_165' title='bbox 1625 1342 1718 1379; x_wconf 85' lang='lat' dir='ltr'>qua-</span> 
     </span>
     <span class='ocr_line' id='line_1_19' title="bbox 260 1392 1713 1443; baseline 0 -14"><span class='ocrx_word' id='word_1_166' title='bbox 260 1404 340 1430; x_wconf 83' lang='lat' dir='ltr'>rum</span> <span class='ocrx_word' id='word_1_167' title='bbox 364 1403 504 1433; x_wconf 79' lang='lat' dir='ltr'><strong>cxxx.</strong></span> <span class='ocrx_word' id='word_1_168' title='bbox 527 1393 642 1429; x_wconf 77' lang='lat' dir='ltr'>⁸intra</span> <span class='ocrx_word' id='word_1_169' title='bbox 677 1392 815 1430; x_wconf 79' lang='lat' dir='ltr'>vallum</span> <span class='ocrx_word' id='word_1_170' title='bbox 845 1399 995 1443; x_wconf 85' lang='lat' dir='ltr'>reperta</span> <span class='ocrx_word' id='word_1_171' title='bbox 1019 1398 1137 1441; x_wconf 87' lang='lat' dir='ltr'>atque</span> <span class='ocrx_word' id='word_1_172' title='bbox 1171 1392 1218 1429; x_wconf 83' lang='lat' dir='ltr'>ad</span> <span class='ocrx_word' id='word_1_173' title='bbox 1252 1393 1441 1429; x_wconf 83' lang='lat' dir='ltr'>Caesarem</span> <span class='ocrx_word' id='word_1_174' title='bbox 1464 1399 1551 1429; x_wconf 85' lang='lat' dir='ltr'>sunt</span> <span class='ocrx_word' id='word_1_175' title='bbox 1583 1393 1713 1430; x_wconf 81' lang='lat' dir='ltr'>relata.</span> 
     </span>
     <span class='ocr_line' id='line_1_20' title="bbox 262 1456 1714 1507; baseline 0 -13"><span class='ocrx_word' id='word_1_176' title='bbox 262 1458 310 1495; x_wconf 76' lang='lat' dir='ltr'>Et</span> <span class='ocrx_word' id='word_1_177' title='bbox 332 1457 369 1494; x_wconf 91' lang='lat' dir='ltr'>hi</span> <span class='ocrx_word' id='word_1_178' title='bbox 388 1470 533 1503; x_wconf 89' lang='lat' dir='ltr'>omnes,</span> <span class='ocrx_word' id='word_1_179' title='bbox 551 1464 617 1494; x_wconf 87' lang='lat' dir='ltr'>aut</span> <span class='ocrx_word' id='word_1_180' title='bbox 636 1457 746 1494; x_wconf 89' lang='lat' dir='ltr'>multi</span> <span class='ocrx_word' id='word_1_181' title='bbox 768 1457 938 1507; x_wconf 88' lang='lat' dir='ltr'>quidem.</span> <span class='ocrx_word' id='word_1_182' title='bbox 996 1457 1099 1501; x_wconf 88' lang='lat' dir='ltr'>Quid</span> <span class='ocrx_word' id='word_1_183' title='bbox 1121 1457 1169 1494; x_wconf 87' lang='lat' dir='ltr'>de</span> <span class='ocrx_word' id='word_1_184' title='bbox 1189 1456 1346 1506; x_wconf 85' lang='lat' dir='ltr'>singulis</span> <span class='ocrx_word' id='word_1_185' title='bbox 1366 1456 1526 1506; x_wconf 66' lang='lat' dir='ltr'>loquar?</span> <span class='ocrx_word' id='word_1_186' title='bbox 1547 1463 1637 1494; x_wconf 83' lang='lat' dir='ltr'>uota</span> <span class='ocrx_word' id='word_1_187' title='bbox 1657 1464 1714 1494; x_wconf 89' lang='lat' dir='ltr'>est</span> 
     </span>
     <span class='ocr_line' id='line_1_21' title="bbox 262 1520 1715 1571; baseline -0.001 -13"><span class='ocrx_word' id='word_1_188' title='bbox 262 1522 397 1559; x_wconf 82' lang='lat' dir='ltr'>Scevae</span> <span class='ocrx_word' id='word_1_189' title='bbox 428 1521 675 1565; x_wconf 82' lang='lat' dir='ltr'>centurionis,</span> <span class='ocrx_word' id='word_1_190' title='bbox 694 1528 734 1558; x_wconf 86' lang='lat' dir='ltr'>et</span> <span class='ocrx_word' id='word_1_191' title='bbox 753 1521 789 1558; x_wconf 93' lang='lat' dir='ltr'>in</span> <span class='ocrx_word' id='word_1_192' title='bbox 812 1521 1007 1558; x_wconf 83' lang='lat' dir='ltr'>Britannia</span> <span class='ocrx_word' id='word_1_193' title='bbox 1027 1527 1064 1558; x_wconf 87' lang='lat' dir='ltr'>et</span> <span class='ocrx_word' id='word_1_194' title='bbox 1083 1520 1131 1558; x_wconf 82' lang='lat' dir='ltr'>ad</span> <span class='ocrx_word' id='word_1_195' title='bbox 1158 1521 1398 1558; x_wconf 86' lang='lat' dir='ltr'>Duraehium</span> <span class='ocrx_word' id='word_1_196' title='bbox 1421 1521 1550 1565; x_wconf 80' lang='lat' dir='ltr'>virtus,</span> <span class='ocrx_word' id='word_1_197' title='bbox 1571 1521 1618 1558; x_wconf 91' lang='lat' dir='ltr'>de</span> <span class='ocrx_word' id='word_1_198' title='bbox 1639 1534 1715 1571; x_wconf 83' lang='lat' dir='ltr'>qua</span> 
     </span>
     <span class='ocr_line' id='line_1_22' title="bbox 261 1584 1712 1636; baseline 0 -14"><span class='ocrx_word' id='word_1_199' title='bbox 261 1585 428 1623; x_wconf 86' lang='lat' dir='ltr'>diximus</span> <span class='ocrx_word' id='word_1_200' title='bbox 450 1599 520 1623; x_wconf 91' lang='lat' dir='ltr'>suo</span> <span class='ocrx_word' id='word_1_201' title='bbox 540 1586 652 1622; x_wconf 90' lang='lat' dir='ltr'>loco:</span> <span class='ocrx_word' id='word_1_202' title='bbox 682 1592 721 1622; x_wconf 85' lang='lat' dir='ltr'>et</span> <span class='ocrx_word' id='word_1_203' title='bbox 740 1587 844 1636; x_wconf 91' lang='lat' dir='ltr'>quod</span> <span class='ocrx_word' id='word_1_204' title='bbox 865 1584 1020 1623; x_wconf 89' lang='lat' dir='ltr'>dicendi</span> <span class='ocrx_word' id='word_1_205' title='bbox 1040 1585 1148 1623; x_wconf 88' lang='lat' dir='ltr'>locus</span> <span class='ocrx_word' id='word_1_206' title='bbox 1168 1585 1303 1630; x_wconf 81' lang='lat' dir='ltr'>defuit,</span> <span class='ocrx_word' id='word_1_207' title='bbox 1335 1585 1474 1622; x_wconf 80' lang='lat' dir='ltr'>⁹Actili</span> <span class='ocrx_word' id='word_1_208' title='bbox 1509 1585 1636 1622; x_wconf 87' lang='lat' dir='ltr'>militis</span> <span class='ocrx_word' id='word_1_209' title='bbox 1664 1586 1712 1622; x_wconf 82' lang='lat' dir='ltr'>ad</span> 
     </span>
     <span class='ocr_line' id='line_1_23' title="bbox 263 1647 1718 1700; baseline 0 -14"><span class='ocrx_word' id='word_1_210' title='bbox 263 1650 487 1695; x_wconf 77' lang='lat' dir='ltr'>Massiliam,</span> <span class='ocrx_word' id='word_1_211' title='bbox 516 1650 580 1700; x_wconf 89' lang='lat' dir='ltr'>qui</span> <span class='ocrx_word' id='word_1_212' title='bbox 601 1663 688 1687; x_wconf 88' lang='lat' dir='ltr'>cum</span> <span class='ocrx_word' id='word_1_213' title='bbox 709 1649 844 1700; x_wconf 86' lang='lat' dir='ltr'>proelio</span> <span class='ocrx_word' id='word_1_214' title='bbox 863 1649 987 1686; x_wconf 88' lang='lat' dir='ltr'>navali</span> <span class='ocrx_word' id='word_1_215' title='bbox 1009 1648 1184 1686; x_wconf 89' lang='lat' dir='ltr'>hostilem</span> <span class='ocrx_word' id='word_1_216' title='bbox 1207 1649 1242 1685; x_wconf 90' lang='lat' dir='ltr'>in</span> <span class='ocrx_word' id='word_1_217' title='bbox 1264 1648 1425 1698; x_wconf 83' lang='lat' dir='ltr'>puppim</span> <span class='ocrx_word' id='word_1_218' title='bbox 1447 1647 1642 1686; x_wconf 82' lang='lat' dir='ltr'>dexteram</span> <span class='ocrx_word' id='word_1_219' title='bbox 1664 1649 1718 1686; x_wconf 90' lang='lat' dir='ltr'>in—</span> 
     </span>
     <span class='ocr_line' id='line_1_24' title="bbox 259 1713 1714 1765; baseline 0 -15"><span class='ocrx_word' id='word_1_220' title='bbox 259 1713 427 1763; x_wconf 85' lang='lat' dir='ltr'>jecisset,</span> <span class='ocrx_word' id='word_1_221' title='bbox 448 1714 512 1752; x_wconf 84' lang='lat' dir='ltr'>itta</span> <span class='ocrx_word' id='word_1_222' title='bbox 541 1720 755 1765; x_wconf 86' lang='lat' dir='ltr'>amputata,</span> <span class='ocrx_word' id='word_1_223' title='bbox 775 1714 886 1751; x_wconf 88' lang='lat' dir='ltr'>nixus</span> <span class='ocrx_word' id='word_1_224' title='bbox 918 1713 1049 1757; x_wconf 83' lang='lat' dir='ltr'>altera,</span> <span class='ocrx_word' id='word_1_225' title='bbox 1073 1713 1275 1762; x_wconf 77' lang='lat' dir='ltr'>navimque</span> <span class='ocrx_word' id='word_1_226' title='bbox 1305 1713 1580 1757; x_wconf 84' lang='lat' dir='ltr'>conscendens,</span> <span class='ocrx_word' id='word_1_227' title='bbox 1603 1720 1714 1750; x_wconf 85' lang='lat' dir='ltr'>scuto</span> 
     </span>
     <span class='ocr_line' id='line_1_25' title="bbox 261 1777 1715 1829; baseline 0 -15"><span class='ocrx_word' id='word_1_228' title='bbox 261 1778 297 1815; x_wconf 93' lang='lat' dir='ltr'>in</span> <span class='ocrx_word' id='word_1_229' title='bbox 319 1778 498 1816; x_wconf 87' lang='lat' dir='ltr'>adversos</span> <span class='ocrx_word' id='word_1_230' title='bbox 516 1779 702 1829; x_wconf 86' lang='lat' dir='ltr'>impetum</span> <span class='ocrx_word' id='word_1_231' title='bbox 722 1778 834 1816; x_wconf 87' lang='lat' dir='ltr'>fecit:</span> <span class='ocrx_word' id='word_1_232' title='bbox 855 1778 1025 1828; x_wconf 80' lang='lat' dir='ltr'>aequavit</span> <span class='ocrx_word' id='word_1_233' title='bbox 1046 1778 1258 1828; x_wconf 78' lang='lat' dir='ltr'>¹0Cymgeri</span> <span class='ocrx_word' id='word_1_234' title='bbox 1275 1777 1433 1822; x_wconf 84' lang='lat' dir='ltr'>sactum,</span> <span class='ocrx_word' id='word_1_235' title='bbox 1456 1777 1561 1827; x_wconf 83' lang='lat' dir='ltr'>quod</span> <span class='ocrx_word' id='word_1_236' title='bbox 1583 1777 1715 1827; x_wconf 87' lang='lat' dir='ltr'>loqua-</span> 
     </span>
     <span class='ocr_line' id='line_1_26' title="bbox 258 1842 1716 1893; baseline -0.001 -13"><span class='ocrx_word' id='word_1_237' title='bbox 258 1843 422 1880; x_wconf 79' lang='lat' dir='ltr'>cissima:</span> <span class='ocrx_word' id='word_1_238' title='bbox 451 1844 617 1893; x_wconf 70' lang='lat' dir='ltr'>“gratiae</span> <span class='ocrx_word' id='word_1_239' title='bbox 638 1843 815 1881; x_wconf 80' lang='lat' dir='ltr'>laudibus</span> <span class='ocrx_word' id='word_1_240' title='bbox 847 1843 885 1880; x_wconf 88' lang='lat' dir='ltr'>in</span> <span class='ocrx_word' id='word_1_241' title='bbox 913 1843 1053 1880; x_wconf 89' lang='lat' dir='ltr'>coelnm</span> <span class='ocrx_word' id='word_1_242' title='bbox 1087 1856 1207 1893; x_wconf 87' lang='lat' dir='ltr'>usque</span> <span class='ocrx_word' id='word_1_243' title='bbox 1227 1842 1418 1879; x_wconf 87' lang='lat' dir='ltr'>sublatum</span> <span class='ocrx_word' id='word_1_244' title='bbox 1440 1849 1508 1886; x_wconf 88' lang='lat' dir='ltr'>est,</span> <span class='ocrx_word' id='word_1_245' title='bbox 1529 1855 1616 1879; x_wconf 86' lang='lat' dir='ltr'>cum</span> <span class='ocrx_word' id='word_1_246' title='bbox 1646 1854 1716 1891; x_wconf 88' lang='lat' dir='ltr'>par</span> 
     </span>
     <span class='ocr_line' id='line_1_27' title="bbox 259 1905 1716 1957; baseline -0.001 -14"><span class='ocrx_word' id='word_1_247' title='bbox 259 1906 377 1944; x_wconf 81' lang='lat' dir='ltr'>virtus</span> <span class='ocrx_word' id='word_1_248' title='bbox 400 1907 562 1944; x_wconf 77' lang='lat' dir='ltr'>Romani</span> <span class='ocrx_word' id='word_1_249' title='bbox 582 1907 710 1944; x_wconf 85' lang='lat' dir='ltr'>militis</span> <span class='ocrx_word' id='word_1_250' title='bbox 731 1918 830 1957; x_wconf 87' lang='lat' dir='ltr'>pene</span> <span class='ocrx_word' id='word_1_251' title='bbox 851 1907 900 1944; x_wconf 88' lang='lat' dir='ltr'>sit</span> <span class='ocrx_word' id='word_1_252' title='bbox 918 1908 1096 1944; x_wconf 85' lang='lat' dir='ltr'>damnata</span> <span class='ocrx_word' id='word_1_253' title='bbox 1116 1906 1276 1943; x_wconf 83' lang='lat' dir='ltr'>silentio.</span> <span class='ocrx_word' id='word_1_254' title='bbox 1333 1906 1397 1943; x_wconf 78' lang='lat' dir='ltr'>Sic</span> <span class='ocrx_word' id='word_1_255' title='bbox 1427 1906 1629 1943; x_wconf 78' lang='lat' dir='ltr'>verborum</span> <span class='ocrx_word' id='word_1_256' title='bbox 1650 1905 1716 1950; x_wconf 88' lang='lat' dir='ltr'>illi,</span> 
     </span>
     <span class='ocr_line' id='line_1_28' title="bbox 255 1969 1714 2009; baseline 0 -2"><span class='ocrx_word' id='word_1_257' title='bbox 255 1970 320 2007; x_wconf 80' lang='lat' dir='ltr'>isti</span> <span class='ocrx_word' id='word_1_258' title='bbox 340 1979 468 2008; x_wconf 85' lang='lat' dir='ltr'>autem</span> <span class='ocrx_word' id='word_1_259' title='bbox 487 1981 611 2009; x_wconf 82' lang='lat' dir='ltr'>rerum</span> <span class='ocrx_word' id='word_1_260' title='bbox 635 1971 763 2009; x_wconf 85' lang='lat' dir='ltr'>studio</span> <span class='ocrx_word' id='word_1_261' title='bbox 785 1971 907 2008; x_wconf 86' lang='lat' dir='ltr'>dediti</span> <span class='ocrx_word' id='word_1_262' title='bbox 926 1977 1053 2008; x_wconf 87' lang='lat' dir='ltr'>erant:</span> <span class='ocrx_word' id='word_1_263' title='bbox 1084 1970 1310 2007; x_wconf 85' lang='lat' dir='ltr'>seditionem</span> <span class='ocrx_word' id='word_1_264' title='bbox 1333 1970 1532 2007; x_wconf 86' lang='lat' dir='ltr'>militarem</span> <span class='ocrx_word' id='word_1_265' title='bbox 1554 1969 1714 2007; x_wconf 74' lang='lat' dir='ltr'>Gallicis</span> 
     </span>
     <span class='ocr_line' id='line_1_29' title="bbox 259 2031 1711 2084; baseline 0 -14"><span class='ocrx_word' id='word_1_266' title='bbox 259 2034 436 2072; x_wconf 87' lang='lat' dir='ltr'>om&#39;nibus</span> <span class='ocrx_word' id='word_1_267' title='bbox 453 2041 568 2084; x_wconf 83' lang='lat' dir='ltr'>atque</span> <span class='ocrx_word' id='word_1_268' title='bbox 589 2035 832 2072; x_wconf 87' lang='lat' dir='ltr'>Germanicis</span> <span class='ocrx_word' id='word_1_269' title='bbox 852 2043 970 2084; x_wconf 82' lang='lat' dir='ltr'>atque</span> <span class='ocrx_word' id='word_1_270' title='bbox 992 2034 1223 2072; x_wconf 83' lang='lat' dir='ltr'>Britannicis</span> <span class='ocrx_word' id='word_1_271' title='bbox 1248 2034 1357 2071; x_wconf 86' lang='lat' dir='ltr'>bellis</span> <span class='ocrx_word' id='word_1_272' title='bbox 1373 2033 1513 2071; x_wconf 88' lang='lat' dir='ltr'>nullam</span> <span class='ocrx_word' id='word_1_273' title='bbox 1535 2031 1711 2082; x_wconf 88' lang='lat' dir='ltr'>pertulit:</span> 
     </span>
     <span class='ocr_line' id='line_1_30' title="bbox 254 2095 1712 2148; baseline -0.002 -13"><span class='ocrx_word' id='word_1_274' title='bbox 254 2099 434 2136; x_wconf 77' lang='lat' dir='ltr'>existimo</span> <span class='ocrx_word' id='word_1_275' title='bbox 455 2099 561 2148; x_wconf 89' lang='lat' dir='ltr'>quod</span> <span class='ocrx_word' id='word_1_276' title='bbox 590 2099 694 2147; x_wconf 85' lang='lat' dir='ltr'>justa</span> <span class='ocrx_word' id='word_1_277' title='bbox 726 2098 830 2135; x_wconf 85' lang='lat' dir='ltr'>bella</span> <span class='ocrx_word' id='word_1_278' title='bbox 863 2098 998 2134; x_wconf 89' lang='lat' dir='ltr'>milites</span> <span class='ocrx_word' id='word_1_279' title='bbox 1017 2111 1126 2146; x_wconf 83' lang='lat' dir='ltr'>agere</span> <span class='ocrx_word' id='word_1_280' title='bbox 1147 2097 1218 2133; x_wconf 83' lang='lat' dir='ltr'>sibi</span> <span class='ocrx_word' id='word_1_281' title='bbox 1241 2096 1471 2140; x_wconf 78' lang='lat' dir='ltr'>viderentur,</span> <span class='ocrx_word' id='word_1_282' title='bbox 1494 2096 1584 2132; x_wconf 93' lang='lat' dir='ltr'>nihil</span> <span class='ocrx_word' id='word_1_283' title='bbox 1606 2095 1712 2132; x_wconf 91' lang='lat' dir='ltr'>aliud</span> 
     </span>
     <span class='ocr_line' id='line_1_31' title="bbox 259 2159 1715 2213; baseline -0.003 -13"><span class='ocrx_word' id='word_1_284' title='bbox 259 2176 372 2213; x_wconf 85' lang='lat' dir='ltr'>quam</span> <span class='ocrx_word' id='word_1_285' title='bbox 396 2176 565 2213; x_wconf 76' lang='lat' dir='ltr'>pugnant</span> <span class='ocrx_word' id='word_1_286' title='bbox 601 2169 637 2200; x_wconf 88' lang='lat' dir='ltr'>et</span> <span class='ocrx_word' id='word_1_287' title='bbox 670 2162 929 2200; x_wconf 82' lang='lat' dir='ltr'>obedientiam</span> <span class='ocrx_word' id='word_1_288' title='bbox 965 2162 1199 2210; x_wconf 82' lang='lat' dir='ltr'>cogitarent:</span> <span class='ocrx_word' id='word_1_289' title='bbox 1230 2174 1275 2197; x_wconf 85' lang='lat' dir='ltr'>ac</span> <span class='ocrx_word' id='word_1_290' title='bbox 1311 2160 1420 2197; x_wconf 81' lang='lat' dir='ltr'>bellis</span> <span class='ocrx_word' id='word_1_291' title='bbox 1455 2159 1630 2196; x_wconf 84' lang='lat' dir='ltr'>civilibus</span> <span class='ocrx_word' id='word_1_292' title='bbox 1648 2159 1715 2196; x_wconf 90' lang='lat' dir='ltr'>ali-</span> 
     </span>
     <span class='ocr_line' id='line_1_32' title="bbox 259 2224 1714 2278; baseline -0.003 -13"><span class='ocrx_word' id='word_1_293' title='bbox 259 2234 374 2278; x_wconf 85' lang='lat' dir='ltr'>quot;</span> <span class='ocrx_word' id='word_1_294' title='bbox 408 2229 473 2265; x_wconf 88' lang='lat' dir='ltr'>sed</span> <span class='ocrx_word' id='word_1_295' title='bbox 510 2240 604 2277; x_wconf 85' lang='lat' dir='ltr'>quas</span> <span class='ocrx_word' id='word_1_296' title='bbox 643 2227 721 2264; x_wconf 88' lang='lat' dir='ltr'>cito</span> <span class='ocrx_word' id='word_1_297' title='bbox 753 2239 829 2263; x_wconf 89' lang='lat' dir='ltr'>non</span> <span class='ocrx_word' id='word_1_298' title='bbox 866 2226 1050 2262; x_wconf 78' lang='lat' dir='ltr'>facilitate</span> <span class='ocrx_word' id='word_1_299' title='bbox 1084 2226 1149 2262; x_wconf 84' lang='lat' dir='ltr'>sed</span> <span class='ocrx_word' id='word_1_300' title='bbox 1183 2224 1384 2262; x_wconf 81' lang='lat' dir='ltr'>severitate</span> <span class='ocrx_word' id='word_1_301' title='bbox 1417 2231 1454 2260; x_wconf 85' lang='lat' dir='ltr'>et</span> <span class='ocrx_word' id='word_1_302' title='bbox 1483 2224 1714 2261; x_wconf 84' lang='lat' dir='ltr'>auctoritate</span> 
     </span>
     <span class='ocr_line' id='line_1_33' title="bbox 260 2287 1712 2341; baseline -0.003 -13"><span class='ocrx_word' id='word_1_303' title='bbox 260 2293 580 2341; x_wconf 83' lang='lat' dir='ltr'>¹²compeseerat;</span> <span class='ocrx_word' id='word_1_304' title='bbox 614 2291 734 2340; x_wconf 84' lang='lat' dir='ltr'>qualis</span> <span class='ocrx_word' id='word_1_305' title='bbox 755 2290 827 2327; x_wconf 84' lang='lat' dir='ltr'>fuit</span> <span class='ocrx_word' id='word_1_306' title='bbox 847 2291 908 2327; x_wconf 80' lang='lat' dir='ltr'>illa</span> <span class='ocrx_word' id='word_1_307' title='bbox 942 2289 1022 2327; x_wconf 81' lang='lat' dir='ltr'>¹³ad</span> <span class='ocrx_word' id='word_1_308' title='bbox 1061 2289 1309 2334; x_wconf 85' lang='lat' dir='ltr'>Placentiam,</span> <span class='ocrx_word' id='word_1_309' title='bbox 1329 2288 1418 2325; x_wconf 91' lang='lat' dir='ltr'>dum</span> <span class='ocrx_word' id='word_1_310' title='bbox 1453 2288 1591 2337; x_wconf 68' lang='lat' dir='ltr'>14prior</span> <span class='ocrx_word' id='word_1_311' title='bbox 1613 2287 1712 2324; x_wconf 87' lang='lat' dir='ltr'>bello</span> 
     </span>
     <span class='ocr_line' id='line_1_34' title="bbox 253 2351 1713 2404; baseline -0.002 -13"><span class='ocrx_word' id='word_1_312' title='bbox 253 2360 301 2392; x_wconf 84' lang='lat' dir='ltr'>&#39;ex</span> <span class='ocrx_word' id='word_1_313' title='bbox 324 2355 511 2404; x_wconf 84' lang='lat' dir='ltr'>Hispania</span> <span class='ocrx_word' id='word_1_314' title='bbox 531 2362 726 2399; x_wconf 83' lang='lat' dir='ltr'>remearet,</span> <span class='ocrx_word' id='word_1_315' title='bbox 748 2355 796 2391; x_wconf 88' lang='lat' dir='ltr'>de</span> <span class='ocrx_word' id='word_1_316' title='bbox 816 2367 890 2404; x_wconf 80' lang='lat' dir='ltr'>qua</span> <span class='ocrx_word' id='word_1_317' title='bbox 910 2354 1057 2391; x_wconf 84' lang='lat' dir='ltr'>dietum</span> <span class='ocrx_word' id='word_1_318' title='bbox 1079 2360 1157 2390; x_wconf 86' lang='lat' dir='ltr'>est:</span> <span class='ocrx_word' id='word_1_319' title='bbox 1188 2360 1224 2389; x_wconf 86' lang='lat' dir='ltr'>et</span> <span class='ocrx_word' id='word_1_320' title='bbox 1245 2355 1360 2389; x_wconf 82' lang='lat' dir='ltr'>altera</span> <span class='ocrx_word' id='word_1_321' title='bbox 1381 2353 1525 2393; x_wconf 70' lang='lat' dir='ltr'>Romw,</span> <span class='ocrx_word' id='word_1_322' title='bbox 1547 2351 1713 2388; x_wconf 83' lang='lat' dir='ltr'>decima-</span> 
     </span>
     <span class='ocr_line' id='line_1_35' title="bbox 257 2414 1709 2468; baseline -0.001 -14"><span class='ocrx_word' id='word_1_323' title='bbox 257 2419 314 2455; x_wconf 89' lang='lat' dir='ltr'>nis</span> <span class='ocrx_word' id='word_1_324' title='bbox 331 2419 547 2455; x_wconf 83' lang='lat' dir='ltr'>missionem</span> <span class='ocrx_word' id='word_1_325' title='bbox 566 2425 602 2456; x_wconf 90' lang='lat' dir='ltr'>et</span> <span class='ocrx_word' id='word_1_326' title='bbox 618 2418 773 2468; x_wconf 85' lang='lat' dir='ltr'>praemia</span> <span class='ocrx_word' id='word_1_327' title='bbox 789 2417 1130 2455; x_wconf 62' lang='lat' dir='ltr'>tumultuosissime!</span> <span class='ocrx_word' id='word_1_328' title='bbox 1146 2416 1425 2465; x_wconf 84' lang='lat' dir='ltr'>conspiratione</span> <span class='ocrx_word' id='word_1_329' title='bbox 1441 2414 1709 2463; x_wconf 82' lang='lat' dir='ltr'>poscentibus:</span> 
     </span>
     <span class='ocr_line' id='line_1_36' title="bbox 259 2478 1711 2533; baseline -0.003 -15"><span class='ocrx_word' id='word_1_330' title='bbox 259 2495 357 2533; x_wconf 89' lang='lat' dir='ltr'>quos</span> <span class='ocrx_word' id='word_1_331' title='bbox 391 2483 571 2532; x_wconf 87' lang='lat' dir='ltr'>quoniam</span> <span class='ocrx_word' id='word_1_332' title='bbox 606 2489 685 2519; x_wconf 89' lang='lat' dir='ltr'>tum</span> <span class='ocrx_word' id='word_1_333' title='bbox 720 2483 883 2519; x_wconf 83' lang='lat' dir='ltr'>maxime</span> <span class='ocrx_word' id='word_1_334' title='bbox 917 2482 1040 2518; x_wconf 75' lang='lat' dir='ltr'>¹⁵belti</span> <span class='ocrx_word' id='word_1_335' title='bbox 1073 2481 1110 2518; x_wconf 93' lang='lat' dir='ltr'>in</span> <span class='ocrx_word' id='word_1_336' title='bbox 1143 2481 1273 2518; x_wconf 75' lang='lat' dir='ltr'>Africa</span> <span class='ocrx_word' id='word_1_337' title='bbox 1301 2479 1557 2529; x_wconf 82' lang='lat' dir='ltr'>repullularet,</span> <span class='ocrx_word' id='word_1_338' title='bbox 1578 2478 1711 2516; x_wconf 83' lang='lat' dir='ltr'>amicis</span> 
     </span>
     <span class='ocr_line' id='line_1_37' title="bbox 1033 2564 1070 2587; baseline 0 -10"><span class='ocrx_word' id='word_1_339' title='bbox 1033 2564 1070 2587; x_wconf 52' lang='grc' dir='ltr'><em>μ</em></span> 
     </span>
    </p>

    <p class='ocr_par' dir='ltr' id='par_1_3' title="bbox 258 2634 1710 2787">
     <span class='ocr_line' id='line_1_38' title="bbox 299 2634 1710 2679; baseline -0.004 -10"><span class='ocrx_word' id='word_1_340' title='bbox 299 2641 317 2669; x_wconf 70' lang='grc' dir='ltr'>’ἶ</span> <span class='ocrx_word' id='word_1_341' title='bbox 345 2639 448 2679; x_wconf 82' lang='lat' dir='ltr'>Lege,</span> <span class='ocrx_word' id='word_1_342' title='bbox 478 2638 615 2669; x_wconf 63' lang='lat' dir='ltr'>vicerunt</span> <span class='ocrx_word' id='word_1_343' title='bbox 643 2641 732 2677; x_wconf 77' lang='lat' dir='ltr'>atque</span> <span class='ocrx_word' id='word_1_344' title='bbox 759 2638 1011 2667; x_wconf 31' lang='lat' dir='ltr'>delei-cruntfrss</span> <span class='ocrx_word' id='word_1_345' title='bbox 1035 2636 1147 2675; x_wconf 82' lang='lat' dir='ltr'>Adde,</span> <span class='ocrx_word' id='word_1_346' title='bbox 1175 2637 1348 2667; x_wconf 42' lang='lat' dir='ltr'>millia.»o</span> <span class='ocrx_word' id='word_1_347' title='bbox 1382 2637 1486 2675; x_wconf 75' lang='lat' dir='ltr'>Lege,</span> <span class='ocrx_word' id='word_1_348' title='bbox 1516 2634 1710 2665; x_wconf 75' lang='lat' dir='ltr'>Acilii.—1o</span> 
     </span>
     <span class='ocr_line' id='line_1_39' title="bbox 258 2688 1710 2733; baseline -0.003 -10"><span class='ocrx_word' id='word_1_349' title='bbox 258 2693 363 2733; x_wconf 82' lang='lat' dir='ltr'>Lege,</span> <span class='ocrx_word' id='word_1_350' title='bbox 379 2692 624 2732; x_wconf 76' lang='lat' dir='ltr'>Cynegiri.-11</span> <span class='ocrx_word' id='word_1_351' title='bbox 652 2692 767 2730; x_wconf 80' lang='lat' dir='ltr'>Forte,</span> <span class='ocrx_word' id='word_1_352' title='bbox 792 2690 1025 2721; x_wconf 54' lang='lat' dir='ltr'>Gratiam-vlit</span> <span class='ocrx_word' id='word_1_353' title='bbox 1049 2691 1153 2730; x_wconf 68' lang='lat' dir='ltr'>Lege,</span> <span class='ocrx_word' id='word_1_354' title='bbox 1174 2689 1474 2731; x_wconf 55' lang='lat' dir='ltr'>componebam—13</span> <span class='ocrx_word' id='word_1_355' title='bbox 1499 2688 1602 2729; x_wconf 77' lang='lat' dir='ltr'>Lege,</span> <span class='ocrx_word' id='word_1_356' title='bbox 1622 2690 1710 2719; x_wconf 75' lang='lat' dir='ltr'>at.—</span> 
     </span>
     <span class='ocr_line' id='line_1_40' title="bbox 258 2743 1141 2787; baseline -0.002 -10"><span class='ocrx_word' id='word_1_357' title='bbox 258 2748 296 2778; x_wconf 70' lang='lat' dir='ltr'>ld</span> <span class='ocrx_word' id='word_1_358' title='bbox 323 2746 425 2787; x_wconf 81' lang='lat' dir='ltr'>Lege,</span> <span class='ocrx_word' id='word_1_359' title='bbox 434 2746 536 2786; x_wconf 77' lang='lat' dir='ltr'>priori</span> <span class='ocrx_word' id='word_1_360' title='bbox 551 2745 626 2776; x_wconf 78' lang='lat' dir='ltr'>bello</span> <span class='ocrx_word' id='word_1_361' title='bbox 641 2743 872 2782; x_wconf 62' lang='lat' dir='ltr'>coruscam—15</span> <span class='ocrx_word' id='word_1_362' title='bbox 899 2743 1006 2783; x_wconf 79' lang='lat' dir='ltr'>Lege,</span> <span class='ocrx_word' id='word_1_363' title='bbox 1021 2743 1141 2775; x_wconf 78' lang='lat' dir='ltr'>bellum.</span> 
     </span>
    </p>
   </div>
  </div>
 </body>
</html>
