1850 3109
242 143 354 184 1528

240 258 434 289 sensu,non
461 253 646 289 agnoscunt
670 250 946 291 praepositionem

240 299 286 339 ὶῃ.
346 298 447 332 Quod
477 309 690 341 nequaquam
720 301 946 341 spernendum

242 354 306 382 est.
352 350 497 381 Consule
514 355 675 389 congesta
703 350 745 380 ad
772 351 812 382 B.
829 350 872 381 G.
890 359 946 381 ιιι.

240 401 274 431 7.
297 400 306 416 ‘
326 399 367 430 In
384 399 560 439 Illyricum
579 398 756 439 profectus
774 399 849 429 est.'

285 453 303 480 ὅ
329 450 357 480 Α
386 449 492 490 Fufio]
526 449 608 480 Mss.
634 455 669 480 et
698 449 784 480 Edd.
812 449 947 490 quidam

240 508 357 531 rursus
376 499 480 530 Fusio.
535 499 601 529 Sed
621 508 814 539 praenomen
833 500 872 535 Q.
890 500 947 531 ad-

241 549 328 580 dunt
344 549 540 587 Leidenws,
553 549 675 589 Scalig.
692 550 803 581 Palat.
818 550 946 582 Lovan.

241 600 409 639 Bongars.
443 600 591 631 Dorvill.
624 605 659 631 et
689 601 778 632 Edd.
806 602 946 634 Vascos.

241 651 359 691 Stepli.
389 650 518 691 Gryph.
547 654 634 691 post.
659 650 773 682 Strad.
831 653 945 684 Quare

239 699 275 730 id
294 701 438 741 reposui.
492 700 532 731 In
550 701 672 731 Petav.
691 706 726 732 et
740 702 840 733 Voss.
864 703 945 733 scri-

240 749 334 780 bitur
349 753 439 790 atque
464 749 502 781 F.
521 748 610 781 forte
628 749 665 780 ab
693 750 732 785 Q.
750 750 788 781 F.
832 751 888 783 De
905 761 945 782 eo

239 800 319 832 vide
335 800 376 832 ad
394 801 433 831 B.
451 800 526 831 Civ.
545 801 567 832 Ι.
586 810 610 832 ι.
627 801 660 831 in
676 800 699 832 f.
723 802 732 818 ‘
751 802 794 834 Q.
813 801 945 833 Fufium

240 849 411 882 Kalenum
427 850 598 890 legatum!

282 903 302 931 8
326 900 365 931 In
380 899 427 930 his
442 903 530 930 eram
547 900 717 939 legionibus
728 900 882 930 hominum
898 909 943 931 ιιι

238 950 353 990 millia]
383 949 476 980 Malo
494 949 619 988 legere,
634 949 666 980 in
682 950 732 979 liis
746 953 834 981 erant
851 950 945 989 legio-

237 1001 395 1030 nar-iorum
420 1008 464 1030 ιιι
491 1000 603 1030 millia.
650 998 759 1031 Quam
774 1008 893 1030 vocem
910 1000 945 1031 in

238 1051 349 1082 Palat.
377 1055 413 1081 et
436 1050 545 1090 Rong.
562 1049 712 1089 invenio,
735 1050 792 1091 qui
815 1050 944 1082 habent

237 1100 477 1139 legionariorum
493 1100 657 1131 hominum.
704 1099 771 1131 Sed
800 1105 884 1140 puto
909 1101 946 1131 il-

239 1150 295 1180 lud
312 1150 469 1181 hominum
484 1149 692 1181 eradendum
707 1160 715 1180 ε
749 1159 792 1182 ex
809 1151 942 1190 legiona-

237 1200 368 1238 riorum,
393 1200 483 1241 quod
514 1200 622 1240 primo
653 1205 726 1231 erat
749 1199 877 1232 factum
901 1202 942 1232 le-

233 1251 322 1287 gion.
342 1250 512 1281 hominum.
551 1250 684 1282 Vossius.
741 1250 942 1290 Legionious,

236 1301 402 1340 hominum,
429 1301 481 1339 &aa
536 1300 680 1332 Codices
709 1301 872 1340 nonnulli,
901 1303 942 1332 le-

232 1351 446 1387 gionariorum
469 1350 635 1382 hominum.
690 1351 792 1384 Quod
819 1352 943 1393 probat

236 1401 397 1439 Vossius3
435 1401 498 1432 nisi
522 1401 611 1442 quod
640 1411 760 1433 vocem
785 1401 942 1433 hominum

234 1451 415 1483 delendam
458 1452 642 1484 existimet.
710 1453 788 1485 Quo
825 1456 941 1484 tamen

233 1501 329 1533 sacto
353 1502 400 1533 nil
427 1511 521 1542 opus.
568 1502 656 1534 Nam
673 1506 708 1533 et
723 1501 803 1533 alibi
831 1502 943 1543 phrasi

237 1553 351 1592 simili,
377 1553 512 1585 militum
540 1554 791 1593 legionariorum,
819 1556 942 1596 saepius

234 1603 344 1634 utitur
374 1604 499 1636 Caesar.
559 1604 681 1645 Neque
710 1614 792 1636 vero
827 1615 941 1646 repre-

235 1653 339 1685 hendi
370 1658 486 1695 potest
521 1655 625 1686 etiam
656 1655 760 1686 lectio
791 1655 940 1695 vulgata.

239 1705 347 1736 Clark.
390 1705 615 1746 Legimmrium
640 1706 670 1737 h.
701 1710 754 1738 est
781 1706 940 1738 inPalat.

235 1755 331 1787 Leid.
356 1766 426 1788 sec.
448 1766 488 1788 ac
512 1757 659 1788 Dorvill.
683 1762 719 1788 et
741 1757 941 1797 Legionam'o-

232 1817 305 1837 rum
332 1807 488 1838 hominum
506 1808 577 1848 jam
605 1807 831 1839 exhibuerunt
856 1808 940 1839 Vas-

235 1867 304 1888 cos,
341 1858 459 1898 Steph.
499 1859 633 1899 Gryph.
673 1863 761 1899 post.
802 1859 938 1890 Strada.

232 1908 417 1947 Legionarii
432 1908 568 1939 homines
595 1909 630 1939 in
653 1913 769 1940 nostro
793 1909 842 1940 ita
857 1918 938 1940 nuu-

233 1959 550 1999 quamjunguntur,
567 1958 627 1990 sed
645 1958 781 1999 quidem
804 1960 864 1998 leg.
882 1959 937 1990 mi-

232 2009 313 2040 lite&
358 2008 520 2041 Quamvis
536 2008 616 2040 alibi
633 2009 769 2041 homines
785 2009 826 2040 de
845 2010 937 2050 pedi-

231 2058 324 2089 tibus
339 2058 442 2090 dicat.
486 2058 575 2090 Vide
601 2059 643 2090 ad
669 2059 709 2090 B.
725 2059 798 2091 Civ.
825 2069 865 2091 ιι.
883 2063 936 2091 32.

234 2109 368 2150 Optimi
384 2109 487 2140 etiam
508 2109 617 2150 quivis
644 2109 720 2139 libri
746 2109 873 2141 habeut
895 2112 936 2141 le-

230 2159 374 2197 gionibus
389 2169 400 2190 :
444 2159 534 2200 quod
572 2164 700 2190 temere
737 2160 936 2192 mutandum

232 2219 298 2241 nou
324 2219 398 2241 esse
425 2211 557 2252 opinor.
611 2211 651 2242 ln
678 2210 866 2250 legionibus
893 2221 935 2242 an

233 2261 287 2290 alii
319 2265 397 2292 sunt
427 2261 563 2299 militm,
602 2271 701 2302 quam
732 2261 934 2301 legionarii?

232 2311 274 2341 ll.
289 2310 387 2343 Alex.
403 2320 434 2343 c.
449 2314 503 2342 69.
524 2311 534 2327 ‘
552 2315 590 2342 ut
605 2311 714 2341 minus
729 2311 820 2342 mille
835 2312 936 2343 homi-

231 2359 328 2390 nibus
344 2360 378 2390 in
394 2370 434 2391 ea
449 2361 583 2401 legione
598 2361 713 2392 esset?

274 2418 377 2441 cvm.
396 2413 411 2441 l
438 2411 571 2450 Propter
584 2414 709 2441 aetatem
724 2411 827 2452 pueri]
850 2411 934 2443 Erat

231 2464 364 2491 tantum
395 2469 496 2490 annos
532 2460 694 2491 tredecim
725 2466 835 2498 natus,
870 2466 933 2493 tes-

232 2514 328 2540 tante
356 2509 515 2551 Appiano
547 2511 588 2541 B.
616 2511 654 2542 C.
687 2511 710 2542 l.
736 2520 775 2542 ιι.
807 2521 840 2552 p.
857 2514 931 2543 480.

230 2560 341 2591 Dat-is.

280 2612 292 2640 1
328 2609 493 2648 Adiutores
525 2612 667 2652 quosdam
704 2613 835 2644 conscios
868 2611 932 2652 sui]

231 2661 297 2692 Qui
314 2660 410 2692 simul
425 2671 502 2692 cum
518 2671 557 2692 eo
573 2662 698 2693 conscii
721 2667 818 2694 eraut
833 2663 930 2703 hujus

231 2710 370 2742 consilii.
415 2711 552 2744 sallust.
569 2712 669 2744 Catil.
687 2722 718 2743 c.
735 2715 787 2743 22.
810 2714 819 2729 ⁴
837 2713 930 2744 Alius

714 155 855 186 NOTAE
892 155 1155 187 vAmoRUM
1190 156 1240 186 IN

999 251 1054 282 alii
1073 256 1157 282 tant.
1186 250 1344 282 facinoris
1370 250 1520 283 conscii!
1563 250 1703 284 Rectius

998 310 1078 340 ergo
1095 301 1231 332 videtur
1245 301 1328 337 sibi;
1357 302 1412 332 vel
1435 301 1555 332 consilii
1577 301 1705 335 adesse.

1000 351 1104 381 Certe
1133 351 1302 382 Aicardus
1332 358 1366 382 et
1393 352 1528 392 Lipsius
1556 352 1707 394 adscrip-

997 409 1073 430 sere
1097 401 1251 439 adjutores
1267 413 1295 442 q.
1311 403 1431 433 consilii
1454 403 1525 433 sui.-
1560 412 1702 443 quorum

998 450 1136 482 ultimus
1163 451 1362 484 Lovaniensi
1390 453 1516 485 Codice
1547 454 1704 486 inductus

997 499 1156 537 videtur;
1205 501 1238 531 in
1270 512 1336 542 quo
1367 504 1494 534 consciis
1524 504 1599 535 suis.
1660 504 1702 536 In

996 548 1092 579 Leid.
1108 558 1160 590 pr.
1175 551 1286 581 conscii
1301 553 1360 583 sui.
1406 553 1446 584 In
1462 554 1558 585 Voss.
1578 555 1705 586 Conscia

995 599 1056 632 eui.

1039 652 1058 679 6
1083 649 1182 689 Regis
1197 650 1318 691 amicis]
1363 651 1418 683 Sic
1443 652 1528 684 Mss.
1556 654 1639 693 Rog.
1667 659 1704 687 et

998 699 1154 731 Eliensis.
1187 702 1280 732 Editi
1300 702 1408 741 regiis.
1448 703 1555 735 Clark.
1603 705 1702 744 Regis

996 752 1129 791 reposui
1166 761 1297 792 quoque
1337 753 1540 784 auctoritate
1577 754 1698 786 Petav.

996 801 1094 832 Leid.
1110 810 1161 842 pr.
1179 802 1306 834 Lovan.
1324 809 1358 834 et
1375 807 1393 834 4
1411 803 1563 836 aliorum.
1601 805 1704 846 Regio

994 851 1114 881 nunciis
1136 853 1262 882 Lovan.
1283 854 1389 884 Dorv.
1407 859 1442 884 et
1461 853 1570 886 Pal-at.

1039 905 1079 932 10
1113 902 1167 932 Ex
1204 903 1338 942 ditemus]
1384 903 1492 935 Addit
1528 904 1699 936 Librarius

996 949 1093 981 Leid.
1126 950 1224 990 primi
1240 951 1382 992 filiabus.
1445 954 1553 985 Quam
1583 964 1703 985 vocem

995 1007 1061 1029 non
1079 1007 1179 1030 nemo
1202 1000 1256 1030 hic
1285 1001 1441 1032 omissam
1472 1002 1702 1035 existimabat.

994 1047 1152 1090 Sedfiliis
1168 1049 1366 1090 profiliabus
1379 1051 1480 1082 etiam
1498 1051 1578 1090 dici,
1595 1053 1701 1084 notis-

994 1098 1114 1130 simum
1146 1105 1208 1131 est.
1254 1099 1322 1131 Adi
1346 1106 1442 1132 notas
1474 1102 1517 1132 ad
1546 1103 1701 1135 Frontin.

995 1156 1045 1180 lv.
1059 1152 1089 1180 3.
1105 1153 1136 1181 5.
1155 1150 1376 1181 Proestieerunt
1389 1151 1474 1192 filiis
1491 1161 1551 1192 pro
1568 1152 1703 1193 filiabus

993 1199 1165 1231 Aristidis.-
1188 1205 1223 1232 et
1240 1201 1408 1232 Priscian.
1425 1203 1448 1232 l.
1466 1211 1530 1232 vn.
1555 1203 1638 1243 Cap.
1657 1203 1700 1234 de

994 1249 1078 1280 Dat.
1093 1255 1129 1280 et
1145 1249 1226 1281 Abl-
1246 1251 1340 1282 Plur.
1360 1254 1387 1282 1.
1415 1252 1552 1283 Declin.
1570 1253 1700 1285 Eadem

995 1299 1149 1331 confusio
1168 1299 1259 1332 iufra
1276 1302 1315 1332 B.
1333 1301 1434 1332 Alex.
1451 1312 1480 1333 c.
1499 1305 1551 1333 33.
1565 1305 1573 1320 ‘
1591 1304 1699 1345 Majo—

993 1350 1088 1391 rique
1105 1360 1147 1381 ex
1164 1359 1204 1381 11.
1222 1350 1299 1382 filiis
1317 1351 1536 1392 Cleopatrae?

1038 1404 1077 1432 14
1102 1402 1232 1433 Romam
1259 1402 1388 1442 mllulae]
1409 1403 1532 1435 Petav.
1546 1404 1696 1436 Palattn.

994 1451 1191 1491 Leidenses,
1205 1453 1331 1484 Lovan.
1352 1454 1448 1484 Voss.
1462 1454 1611 1484 Dorvill.
1627 1463 1698 1485 rur-

993 1511 1049 1533 sus
1077 1502 1160 1534 dant
1192 1503 1312 1534 Romoe.
1368 1504 1456 1535 vide
1481 1504 1523 1535 ad
1553 1505 1594 1536 B.
1620 1506 1694 1537 Clv.

992 1561 1032 1583 ιι.
1051 1556 1102 1584 19.
1126 1554 1135 1570 ⁴
1150 1554 1319 1585 Cordubae
1335 1554 1516 1586 mitteret!

1039 1603 1082 1634 Ut
1113 1604 1145 1634 in
1168 1605 1280 1635 (ενοι-ἑο
1305 1603 1508 1644 ponerentur]
1533 1604 1632 1638 Quod
1661 1606 1696 1636 in

993 1653 1066 1684 aede
1081 1654 1229 1686 Saturni.
1274 1654 1403 1685 Notum
1426 1660 1479 1685 est
1494 1654 1612 1685 solitos
1629 1655 1695 1686 Ro.

991 1713 1120 1743 manos,
1133 1703 1275 1741 foedera,
1288 1704 1476 1744 pactiones,
1489 1709 1696 1737 testamenta

991 1753 1024 1784 in
1048 1754 1184 1794 templis
1208 1763 1389 1795 reponere,
1406 1759 1568 1796 tanquam
1584 1761 1697 1787 custo-

994 1803 1051 1834 dia
1081 1803 1262 1835 tutissima.
1311 1806 1437 1836 Forsan
1461 1811 1497 1836 et
1521 1806 1608 1846 quod
1634 1806 1697 1838 hac

991 1863 1027 1884 re
1044 1859 1222 1894 pactorum
1239 1860 1297 1886 aut
1325 1864 1491 1895 supremae
1511 1856 1695 1887 voluntatis

988 1904 1210 1935 violatoribus
1227 1905 1497 1945 imprecarentur
1521 1905 1603 1936 iram
1622 1906 1694 1938 Do—

988 1964 1096 1986 orum.
1140 1955 1196 1986 Sic
1223 1957 1312 1996 apud
1334 1956 1488 1987 Tacitum
1516 1965 1539 1987 1.
1569 1956 1693 1988 Anual.

987 2005 1154 2046 ‘Augusti
1179 2011 1419 2038 testamentum
1457 2007 1599 2038 inlatum
1632 2017 1694 2048 per

988 2055 1136 2096 virgines
1163 2057 1310 2088 Vestae:'
1343 2057 1461 2098 quibus
1490 2067 1581 2098 saepe
1611 2058 1695 2089 talia

987 2106 1154 2137 committi
1171 2106 1281 2138 solita.
1329 2107 1469 2137 Memini
1494 2116 1627 2148 quoque
1656 2107 1690 2138 in

986 2155 1145 2186 Sallustio
1162 2157 1274 2195 legere
1292 2164 1357 2194 me,
1374 2157 1406 2187 iu
1421 2156 1498 2188 fano
1524 2158 1690 2198 repositas

986 2203 1090 2236 fuisse
1108 2206 1239 2236 tabulas
1263 2205 1413 2238 foederis.
1458 2208 1504 2238 Et
1533 2209 1691 2249 exempla

985 2256 1050 2286 alia
1063 2257 1237 2296 congessit
1254 2257 1398 2298 LipsiuS.
1429 2258 1560 2290 Vossius.

1029 2317 1101 2339 cix.
1129 2312 1168 2340 16
1191 2309 1282 2340 Alter
1307 2313 1430 2349 accepto
1456 2311 1579 2342 vulnere
1598 2321 1684 2343 occu-

982 2361 1088 2401 patus]
1119 2360 1247 2391 Ultima
1264 2369 1326 2390 vox
1343 2360 1406 2391 huc
1424 2370 1489 2391 nou
1513 2362 1684 2402 convenit,

985 2419 1060 2440 cum
1089 2410 1160 2449 ipsa
1187 2410 1289 2440 etiam
1313 2410 1511 2448 interfectum
1534 2411 1689 2443 denotet.

983 2458 1133 2489 Velleius
1143 2458 1347 2489 Paterculus
1360 2467 1399 2489 ιι.
1417 2462 1469 2491 57.
1488 2460 1543 2491 nbi
1559 2460 1600 2491 de
1618 2462 1690 2492 cae-

984 2509 1068 2539 saris
1084 2512 1191 2539 morte
1216 2508 1383 2549 loquitur:
1408 2510 1416 2525 ‘
1431 2510 1523 2541 Dum
1537 2510 1685 2542 clemen-

983 2557 1078 2596 tiam,
1112 2567 1211 2598 quam
1244 2559 1467 2598 praestiterat,
1490 2565 1684 2600 exspectat,

983 2608 1137 2639 incautus
1162 2609 1203 2639 ab
1230 2610 1370 2649 ingratis
1398 2616 1584 2651 occupatus
1609 2613 1687 2646 est:

982 2659 1135 2690 Justinus
1150 2663 1259 2691 vrb-1.
1273 2662 1281 2677 ‘
1299 2660 1434 2691 Insidiis
1450 2666 1564 2693 autem
1579 2663 1686 2704 Eury-

983 2708 1075 2740 dices
1101 2710 1309 2740 uxoris—
1326 2717 1513 2752 occupatus
1541 2711 1686 2754 fuisset:
