1850 3109
359 227 453 256 ωε.
486 223 560 255 111.
591 223 698 253 cAP.
728 211 799 252 31.
834 221 896 252 DE
929 221 1086 252 nunno
1118 223 1286 254 olvun.

96 320 167 359 αξη
189 320 199 338 ‘
213 321 295 351 Tum
323 319 455 351 demum
484 317 718 358 irrumpendas
742 325 793 347 re-

100 371 243 402 bellibus
253 370 436 402 Gallicanis
448 372 564 410 portas
573 368 796 410 reliquerunt,

99 431 199 462 quum
215 420 289 451 fessi
304 420 463 451 observare
477 429 536 450 non
553 417 713 459 possent!
738 417 794 449 Sic

99 476 135 502 et
156 472 165 488 ‘
179 471 359 502 observare
382 469 523 501 ostium’
547 469 634 500 dixit
650 467 794 500 Plautus

98 521 173 552 Mil.
190 520 285 551 Glor.
303 519 382 550 Act.
399 528 439 550 11.
466 518 520 550 So.
539 521 571 550 3.
599 521 651 550 81.
697 517 795 549 1)αυὶ-

96 572 168 602 sius.
215 569 425 601 Obserrabant
452 569 550 600 etiam
576 568 795 600 confirmatur

97 630 116 651 a
142 619 261 651 Leidd.
288 620 384 650 voss.
415 619 523 658 Bong.
551 622 586 650 et
612 618 674 649 Ed.
698 617 794 648 Med.

96 668 156 700 sed
172 678 236 710 ego
252 669 297 699 nil
318 673 442 699 mutem
461 673 600 699 temere.
642 667 729 698 Vide
747 668 794 697 lo-

95 729 137 752 co
152 719 288 751 laudato
304 729 326 751 1.
344 723 396 751 ll.
439 719 448 737 ‘
467 720 586 750 Muros
611 723 793 760 portasque

92 770 335 802 adservarem!

139 828 242 851 xxix.
259 824 277 850 6
304 821 467 860 Expositis
480 820 590 861 copiis]
620 820 676 851 Ita
696 820 794 851 resti-

96 870 258 901 tuendum
286 871 371 902 vidit
397 871 558 902 Fam-nim.
602 871 667 901 Vel
695 870 795 910 forte,

97 921 260 961 Expositis
281 921 434 952 omnibus
454 921 572 962 copiis,·
594 926 632 952 ut
648 921 795 962 conjecit

95 972 307 1002 Ciacconius.
354 972 455 1004 Quod
485 972 613 1003 habent
643 972 728 1003 Mss.
759 975 795 1003 et

97 1021 187 1053 Editi
214 1032 341 1062 omnes,
364 1023 415 1053 Ex
431 1023 569 1053 omnibus
584 1023 700 1064 copiis‚·
722 1032 795 1053 sen-

94 1072 205 1103 tentia
231 1073 332 1113 plane
361 1077 411 1103 est
437 1073 540 1103 nulla.
587 1074 694 1104 Clark.
742 1073 796 1103 Ex

94 1121 263 1152 mordicus
294 1122 442 1152 retinent
474 1123 545 1152 sine
575 1131 673 1152 sensu
710 1123 794 1152 Mss.

93 1180 220 1202 omnes.
263 1170 378 1203 Quare
402 1180 479 1201 cum
496 1171 632 1202 Clarkio
649 1171 794 1202 alterum

94 1229 260 1260 reponere
276 1229 343 1251 non
360 1229 459 1251 ausus
476 1218 537 1252 fui.
568 1220 689 1252 Potuit
704 1221 794 1252 enim

95 1269 184 1300 aliud
202 1269 283 1310 quid
299 1270 474 1301 excidisse.

136 1322 158 1350 6
185 1320 421 1359 Veteranorum]
458 1320 578 1352 Petav.
611 1321 705 1353 Leid.
741 1331 793 1362 pr.

94 1378 164 1401 sec.
195 1370 320 1401 Lovan.
352 1370 464 1401 Palat.
502 1371 608 1402 Dorv.
639 1371 794 1403 Vossian.

94 1419 178 1450 dant
199 1419 430 1451 Veteranarum.
476 1420 532 1451 De
560 1430 625 1462 qna
647 1421 795 1453 lectione

93 1478 161 1500 non
178 1473 230 1501 est
246 1468 488 1512 dubitandum&
500 1471 584 1511 Cap.
599 1481 700 1512 praec.
715 1472 724 1488 ‘
742 1472 795 1502 Ex

93 1519 226 1560 legione
242 1520 388 1551 tironum
403 1525 438 1551 et
453 1531 495 1551 ex
519 1521 721 1560 veterana;'
755 1531 795 1552 ac

93 1570 103 1589 ‘
118 1573 290 1601 veteranae
315 1570 480 1610 legionis!
510 1582 540 1603 c.
556 1575 609 1603 61.
627 1572 668 1603 Β.
695 1572 795 1604 Alex.

93 1619 103 1636 ⁴
122 1619 270 1650 habebat
307 1625 484 1653 veteranas
522 1622 696 1663 legiones.'
753 1623 797 1654 Et

93 1670 174 1701 alibi
199 1671 333 1711 passim,
360 1672 449 1703 unde
465 1677 501 1704 et
518 1683 609 1714 saepe
630 1675 798 1706 Veteranus

93 1720 258 1752 exercitus.
281 1721 370 1752 Vide
386 1727 421 1753 et
436 1722 479 1753 ad
491 1732 572 1754 vni.
587 1727 618 1755 8.
635 1725 644 1741 ‘
657 1726 797 1756 Vetera-

96 1780 154 1801 nas
171 1770 345 1810 legiones.’

136 1824 157 1851 9
181 1821 345 1861 Pontoues,
372 1824 450 1862 quod
479 1826 525 1854 est
548 1834 646 1862 genus
673 1824 796 1855 navium

95 1871 304 1911 Gallicorum]
335 1873 406 1903 Nos
431 1874 600 1915 hodieque
623 1879 659 1906 et
675 1884 796 1906 nomen

94 1927 130 1953 et
154 1931 260 1962 genus
287 1923 506 1962 agnoscimus.
551 1926 710 1956 Meminit
738 1925 797 1956 Isi-

93 1971 207 2011 dorus,
238 1972 469 2004 emendandus
500 1975 606 2014 nobis,
634 1984 740 2007 xvnr.
766 1978 795 2006 l.

92 2021 102 2038 ‘
119 2021 322 2053 Pontonium
338 2022 510 2062 navigium
536 2022 707 2055 fluminale
730 2029 796 2055 tar-

93 2069 173 2101 dum
190 2075 226 2102 et
243 2080 358 2112 grave,
384 2073 474 2113 quod
490 2083 556 2105 non
574 2074 636 2104 nisi
653 2074 796 2114 remigio

93 2119 255 2161 progredi
287 2121 425 2160 potest)
479 2123 520 2153 In
551 2134 585 2154 v.
618 2135 648 2156 c.
680 2129 796 2156 nostro

96 2169 311 2209 perantiquo,
342 2174 395 2201 est
425 2171 512 2202 Poto.
558 2173 650 2214 Lego
685 2174 795 2205 Ponto.

95 2218 208 2250 Etiam
225 2219 312 2259 apud
331 2219 480 2251 Gellium
506 2230 540 2252 x.
561 2225 613 2254 25.
637 2229 690 2255 est
714 2225 796 2255 Pon-

92 2271 191 2300 tanes.
241 2269 370 2301 Vossius.

138 2322 179 2351 10
199 2319 284 2350 Lissi
310 2320 468 2363 relinquit]
490 2322 546 2353 Sic
568 2323 728 2364 rescripsi
754 2334 796 2355 ex

94 2369 176 2401 Mss.
207 2370 347 2401 Norvic.
378 2376 414 2401 et
443 2372 601 2403 Ciaccon.
629 2383 668 2404 ac
695 2374 794 2405 editt.

95 2418 192 2450 Rom.
219 2420 302 2451 Ven.
334 2421 493 2453 Beroald.
518 2423 562 2454 ob
586 2424 688 2454 verba
711 2434 797 2464 prae-

95 2469 201 2500 sentis
227 2471 402 2510 temporis,
429 2482 503 2512 quae
528 2474 737 2505 antecedunt
762 2479 797 2506 et·

95 2525 295 2560 sequuntur.
356 2521 396 2552 Iu
433 2523 594 2562 nuperius
625 2525 797 2564 impressis

95 2574 172 2601 erat
194 2571 330 2611 reliquit.
376 2574 485 2604 Ducis.
533 2575 704 2615 Relinquit.
744 2576 798 2607 lta

97 2619 250 2659 reposuit
279 2621 435 2653 Davisius
463 2627 554 2663 (cum
583 2625 614 2655 in
642 2627 798 2667 Vulgatis

98 2668 144 2699 sit
166 2669 316 2711 reliquit,)
342 2682 385 2702 ex
404 2673 470 2705 Ms.
489 2674 613 2706 Ellens.
635 2681 671 2707 et
688 2677 797 2708 Editt.

96 2718 192 2750 vett.
209 2720 420 2753 Quibuscum
443 2723 575 2756 faciunt
600 2727 684 2758 Mss.
711 2728 796 2768 Reg.

98 2774 134 2801 et
148 2768 268 2802 Vossii.
305 2772 406 2804 Quod
423 2778 460 2805 et
475 2776 645 2818 postulare
662 2777 798 2809 videtur

1430 215 1544 258 1475

844 319 1034 356 temporum
1057 315 1157 355 ratio,
1183 321 1328 358 propter
1350 317 1545 358 praeceden-

845 369 914 396 tem
943 366 1090 405 remittit,
1127 371 1162 398 et
1200 372 1398 408 sequentem
1432 368 1545 400 mittit.

843 415 884 447 In
901 415 1019 447 eadem
1036 421 1149 448 tamen
1175 417 1316 457 periodo
1338 423 1544 459 usurpantur

843 466 1048 506 trans-iecisset
1066 472 1101 498 et
1123 467 1257 508 haberet,
1280 479 1354 510 qnae
1372 468 1473 500 scribi
1489 479 1547 509 po—

844 516 987 547 tuissent
1016 517 1210 556 transjecerit
1241 524 1276 550 et
1302 519 1432 550 habeat.-
1468 528 1544 560 quae

843 566 1051 606 Temporum
1068 569 1211 599 mutatio
1228 570 1352 600 exinde
1369 574 1434 609 est,
1456 570 1545 610 quod

845 620 1003 657 tanquam
1026 627 1175 658 pr‘aesens
1202 625 1359 650 narretur
1382 630 1437 651 res
1460 629 1546 660 prae-

845 666 958 697 terita.
1007 667 1113 699 Clark.
1151 669 1311 710 Relinquit
1329 670 1453 701 retinui
1470 680 1546 701 cum

845 715 928 747 Mss.
946 717 1099 748 omnibus
1115 722 1150 749 et
1166 719 1255 750 Edd.
1279 721 1407 760 primis.
1430 719 1545 752 Aldin.

846 766 978 807 Gryph.
995 767 1121 808 Scalig.
1138 770 1278 810 reliquit.

889 825 950 848 xx.
968 820 987 848 4
1014 818 1082 852 Quo
1109 822 1206 850 essent
1233 829 1277 850 eoe
1301 820 1427 860 delatoe]
1451 820 1545 852 Edit.

845 868 932 900 Ven.
957 873 993 900 et
1019 870 1161 901 Mediol.
1185 882 1242 911 quo
1257 876 1357 903 essent
1379 882 1422 903 eae
1445 872 1548 913 quad-

845 918 1010 959 ringentae
1048 921 1182 951 delatae:
1236 921 1334 953 Rom.
1386 922 1547 953 Beroald.

845 979 901 1009 quo
937 974 1034 1001 essent
1072 981 1115 1001 eoe
1152 976 1429 1012 quattuorcentae
1467 973 1549 1004 dela-

845 1022 907 1050 tae:
944 1030 1019 1061 quae
1057 1021 1193 1062 quidem
1241 1032 1304 1053 vox
1351 1029 1405 1054 est
1443 1024 1548 1063 nihili,

846 1070 905 1101 sed
954 1075 1068 1102 tamen
1112 1073 1240 1104 veteris
1278 1073 1434 1105 lectionis
1484 1074 1548 1105 nisi

845 1118 957 1159 fallor,
981 1121 1126 1160 vestigia
1148 1123 1286 1153 retinet.
1334 1123 1499 1154 Rescribo
1517 1125 1548 1154 vi

844 1170 939 1200 venti.
984 1170 1040 1200 Sic
1067 1180 1168 1211 snpra
1197 1181 1227 1202 c.
1252 1175 1305 1203 26.
1327 1173 1369 1203 de
1393 1173 1442 1203 his
1466 1173 1547 1212 ipsis

844 1218 933 1250 dixit
980 1223 1256 1262 praetervectosque
1313 1222 1548 1262 Dyrrhachium

843 1278 958 1308 magna
983 1270 1015 1300 vi
1033 1271 1125 1301 venti
1148 1272 1244 1303 nihilo
1270 1273 1367 1303 secius
1389 1273 1550 1313 sequeban-

843 1320 906 1349 tur.
950 1318 1066 1350 Primo
1083 1320 1243 1361 scriptum
1262 1320 1330 1352 fuit
1345 1331 1395 1352 vr.
1418 1328 1549 1363 postea,

843 1368 968 1399 litteris
987 1371 1213 1411 transpositis,
1230 1381 1278 1402 iv.
1296 1382 1371 1413 quae
1388 1381 1464 1411 vox,
1485 1382 1548 1412 pro

844 1424 926 1450 nota
940 1421 1102 1451 numerali
1115 1421 1244 1460 habita,
1259 1422 1399 1462 integris
1413 1423 1548 1453 taudem

845 1469 971 1500 litteris
999 1470 1169 1511 descripta
1196 1471 1274 1511 fuit,
1301 1473 1390 1504 unde
1419 1472 1549 1504 factum

845 1522 989 1560 quatuor,
1005 1527 1169 1562 sequente
1186 1522 1291 1553 etiam
1309 1523 1352 1554 ob
1369 1523 1453 1554 lianc
1475 1533 1552 1554 cau-

847 1579 917 1600 sam
948 1571 1113 1602 vocabulo
1143 1577 1286 1612 mutato,
1315 1574 1392 1614 quia
1422 1573 1550 1604 librarii

846 1630 908 1660 pro
934 1621 1072 1661 egregia
1095 1631 1154 1653 sua
1180 1623 1303 1663 peritia
1317 1627 1551 1663 quatuorcentos

845 1670 936 1702 idem
965 1681 1005 1703 ac
1027 1673 1268 1713 quadringentos
1287 1679 1364 1704 sunt
1380 1673 1551 1705 arbitrati.

847 1721 957 1752 Davis.
1008 1721 1048 1752 Vi
1072 1724 1156 1752 renti
1186 1723 1453 1762 ingeniosissime
1482 1725 1552 1754 Da-

847 1771 950 1802 visius
963 1772 1216 1804 rescribendum
1229 1773 1408 1804 existimat.
1439 1774 1548 1805 Clark.

889 1824 907 1852 7
927 1822 971 1852 Et
983 1821 1025 1861 si]
1040 1821 1184 1854 Codices
1197 1824 1347 1854 nonnulli
1364 1827 1395 1854 et
1409 1823 1474 1861 sic;
1490 1823 1548 1854 sed

846 1871 959 1902 verior
986 1876 1038 1903 est
1066 1873 1170 1904 lectio
1193 1877 1223 1903 et
1245 1874 1294 1909 si,-
1321 1873 1483 1913 cujusvis
1511 1883 1550 1904 ea

846 1927 911 1962 est,
941 1932 981 1954 ac
1008 1923 1162 1962 dixisset,
1176 1922 1216 1964 set
1244 1928 1278 1954 ut
1303 1924 1421 1954 'rideret
1436 1927 1551 1963 utrum,

845 1973 896 2011 &a
938 1974 1046 2004 Clark.
1085 1974 1392 2015 Beroald.Gryph.
1425 1974 1549 2015 aliique

844 2023 995 2054 nonnulli
1025 2026 1055 2054 et
1084 2024 1128 2054 sic
1157 2025 1376 2064 imprudentes.
1429 2025 1550 2056 Potius

845 2073 1005 2113 legerem,
1042 2078 1215 2115 opponeret,
1251 2076 1279 2105 si
1317 2076 1549 2114 imprudentes:

847 2123 935 2164 quod
952 2129 986 2154 et
1003 2124 1137 2164 Lipsius
1152 2135 1212 2156 suo
1227 2125 1347 2157 Codici
1360 2126 1548 2157 adleverat.

847 2173 1052 2214 Conjunctio
1068 2176 1232 2216 copulans
1249 2186 1291 2206 ex
1309 2177 1429 2207 ultima
1450 2176 1550 2216 sylla-

846 2224 889 2255 ba
917 2225 1007 2255 vocis
1038 2226 1266 2265 praecedentis
1295 2227 1431 2257 videtur
1458 2232 1550 2257 nata.

846 2274 957 2305 Dacis.
985 2285 1057 2306 cur.
1080 2285 1149 2307 sec.
1196 2277 1241 2307 Et
1265 2277 1412 2308 retinent
1436 2286 1550 2308 omnes

847 2324 934 2355 libri.
981 2325 1034 2356 Sic
1064 2331 1117 2357 est
1147 2327 1180 2356 in
1212 2328 1321 2367 Bong.
1351 2328 1446 2358 Leid.
1480 2337 1548 2359 sec.

847 2376 944 2407 Voss.
971 2376 1077 2407 Dorv.
1102 2377 1189 2407 Edd.
1213 2377 1311 2408 Rom.
1336 2378 1428 2409 Med.
1448 2377 1549 2409 Vasc.

845 2426 963 2466 Steph.
980 2426 1104 2457 Posses
1127 2428 1309 2468 conjicere,
1330 2428 1437 2459 sicubi.
1482 2427 1550 2459 Sed

846 2475 873 2505 si
889 2479 941 2506 est
957 2476 1170 2507 servandum.
1195 2478 1282 2509 Vide
1299 2479 1340 2509 ad
1358 2480 1398 2509 B.
1416 2479 1507 2510 Gall.
1524 2487 1548 2509 1.

847 2530 877 2557 8.
901 2526 910 2543 ‘
923 2527 951 2557 si
968 2537 1187 2568 perrumpere
1204 2534 1341 2568 possent
1357 2529 1494 2560 conati.'

890 2585 997 2607 xxxl.
1012 2580 1027 2608 1
1043 2577 1148 2617 Scipio
1162 2580 1358 2610 detrimentis
1370 2579 1550 2619 quibusdam

845 2627 929 2657 circu
958 2632 1089 2659 nwntem
1114 2629 1270 2660 Amanum
1307 2631 1451 2670 acceptis,
1487 2638 1550 2659 sese

847 2678 1062 2717 imperatorem
1098 2680 1317 2721 appellat-erut]
1365 2680 1395 2709 T
1399 2683 1551 2709 cstantur

848 2728 983 2767 nummi,
1007 2729 1127 2768 quibus
1142 2730 1355 2768 inscriptum.
1401 2729 1443 2760 Q.
1469 2729 1550 2759 ME-

846 2778 1001 2810 TELVS.
1018 2778 1136 2809 PIVS.
1153 2778 1324 2810 SCIPIO.
1342 2778 1444 2810 ῙΜΡ.
1483 2777 1549 2810 Sed
