1850 3109
366 154 793 198 1ΛΒ.Π1.οΑΡ.39.
839 164 901 194 nn
935 164 1090 194 nunno
1124 165 1294 196 CHHLL

151 269 309 293 xxxvm.
333 263 355 292 6
384 261 478 291 Levis
503 258 685 297 armatur-ce]
720 258 801 288 Lec-

106 313 232 345 tionem
245 314 330 344 hanc
346 320 556 352 nequaquam
572 309 705 340 damno.
730 308 802 339 Sci-

107 363 229 395 endum
247 368 369 401 tamen‚
383 362 441 391 has
457 369 555 391 voces
576 369 640 390 non
658 359 801 399 reperiri

106 415 139 446 in
171 416 289 446 Petav.
321 412 437 444 Leidd.
463 412 539 444 Pal.
571 412 678 451 Bong.
705 411 801 443 Voss.

106 466 258 506 adeoque
273 465 306 495 in
323 464 433 502 nullis,
448 472 523 494 narn
547 463 580 493 in
597 463 722 493 Lovan.
741 471 801 502 pro

104 517 144 547 iis
160 521 211 547 est
225 515 377 546 exercitus
392 514 413 545 i.
431 523 461 544 e..
475 513 647 555 peditum;
664 517 702 544 ut
717 522 802 553 prae-

105 566 196 598 cedit
222 575 337 596 omnem
367 565 536 596 exercitum
565 564 802 604 equitatumque.

105 617 210 647 Plura
238 615 280 646 de
305 625 345 647 eo
369 615 447 646 vide
471 614 512 645 ad
540 615 580 646 B.
607 614 650 645 G.
670 616 802 644 ν11.61.

104 667 113 682 ‘
133 666 315 698 Exercitus
337 666 575 706 equitatusque
604 663 803 694 transmitti-

105 715 184 747 tur!

106 788 110 790 ἡ
147 770 169 798 9
191 766 298 798 Inlata
325 766 508 808 suspicione]
537 766 650 798 Quum
677 764 710 795 in
743 765 804 795 Lo-

104 825 181 847 van.
210 815 292 847 eod.
319 820 481 847 exaretur
509 815 543 846 in
571 824 668 854 cassa,
694 813 804 845 facilis

104 867 255 898 nascitur
290 867 491 906 conjectura
527 867 669 897 incussa.-
713 864 803 906 quod

48 953 57 958 „
103 918 245 949 verbum
262 918 397 959 Lipsius
414 923 449 949 et
462 917 662 949 Perizonius
679 917 732 947 hic
748 917 804 947 ad-

105 968 325 1009 scripserunt,
352 969 418 999 imo
435 968 578 999 Ursinus
602 968 636 998 in
665 977 724 998 suo
741 968 804 999 Co-

105 1018 184 1050 dice
201 1019 304 1050 scribi
321 1023 478 1050 testatur.
517 1018 603 1049 Mihi
621 1027 699 1049 vero
713 1019 805 1049 vide-

105 1073 162 1099 tur
187 1079 250 1100 vox
266 1070 497 1100 vehementior
512 1069 574 1100 hoc
589 1069 682 1099 loco:
708 1075 744 1100 et
760 1069 806 1099 in-

96 1118 185 1156 ferre
205 1129 301 1159 spem,
327 1123 452 1159 metum,
469 1125 504 1150 et
529 1119 661 1158 similia,
686 1119 805 1150 crebro

105 1170 242 1201 adhibet
280 1175 408 1201 noster.
487 1169 633 1212 Adi-ad
680 1178 720 1200 11.
751 1172 804 1201 25.

104 1222 113 1238 ‘
130 1221 324 1262 Speiulata
340 1220 524 1252 militibus!
570 1221 640 1252 Per
654 1231 741 1261 equos
758 1221 805 1252 in-

105 1273 220 1314 tellige
237 1282 312 1303 suos
334 1273 494 1312 ipsorum.

148 1326 187 1354 11
213 1323 325 1354 Nostri
354 1323 487 1362 cognitis
511 1322 643 1353 hostium
667 1322 806 1362 insidiis]

106 1372 163 1404 Sic
191 1373 317 1413 primus
343 1373 496 1412 Scaliger
513 1382 554 1403 ex
569 1382 600 1403 v.
618 1382 646 1403 c.
671 1372 804 1403 edidit:

106 1423 148 1454 de
172 1423 286 1454 verbis
317 1423 475 1463 Caesaris,
501 1422 592 1464 quod
628 1421 806 1463 fugitivam

105 1482 224 1505 vocem
247 1473 408 1513 restituit,
423 1472 524 1511 bene,
548 1472 640 1513 (nam
664 1472 698 1503 in
720 1472 807 1512 prio-

105 1523 196 1554 ribus
211 1523 417 1554 editionibus
433 1533 500 1554 vox
523 1523 657 1554 hostium
680 1522 808 1554 deside-

107 1572 258 1615 rabatur)
275 1573 317 1604 de
338 1583 437 1605 sensu
454 1573 599 1614 pessime
613 1584 620 1603 :
645 1583 722 1604 nam
737 1574 807 1604 Do-

106 1623 219 1654 mitius
243 1628 404 1664 posuerat
434 1623 586 1654 insidias.
638 1624 808 1664 Scipionis

107 1673 203 1703 miles
215 1673 378 1712 advertit,
394 1679 430 1704 et
444 1674 499 1704 vix
513 1672 647 1713 effugit:
672 1683 808 1714 quomo-

108 1723 153 1754 do
180 1733 262 1764 ergo
289 1733 378 1762 suos,
411 1724 481 1754 sive
507 1723 734 1762 Domitianos,
763 1724 811 1754 ait

109 1774 225 1805 Caesar
250 1775 387 1806 insidias
417 1775 562 1806 hostium
593 1775 811 1815 cognovisse?

109 1825 205 1856 Nihil
217 1825 270 1856 1110.
287 1825 428 1866 congrui
441 1830 612 1866 sensus,et
629 1829 742 1855 tamen
760 1824 808 1855 sic

109 1885 246 1917 quoque
274 1875 396 1916 legitur
427 1875 460 1906 iu
489 1875 569 1906 Pet.
601 1874 748 1906 Palatin.
774 1878 810 1905 et

108 1926 218 1967 Bong.
234 1925 365 1957 codice.
412 1926 528 1958 Quare
543 1925 704 1956 emendo:
731 1925 811 1955 Nos-

106 1976 163 2016 tri,
176 1977 310 2016 cognitis
331 1976 412 2007 hosti
426 1976 561 2015 insidiis,
578 1985 615 2006 ne
622 1975 749 2014 frustra
763 1985 809 2006 re·

107 2024 204 2066 liquos
230 2029 455 2068 exspectarent,
481 2028 558 2057 duas
584 2029 703 2057 turmas
726 2036 811 2057 εει-οε-

105 2079 231 2115 pei-unt.
278 2077 373 2108 Nihil
399 2075 540 2116 certius,
566 2076 646 2107 nihil
674 2076 809 2108 clarius.

112 2127 321 2167 corruperat
345 2127 452 2158 verba
475 2127 618 2158 Caesaris
644 2126 812 2167 librarius,

112 2175 192 2206 dum
213 2176 294 2207 hosti
309 2176 431 2207 insidiis
446 2176 607 2216 scriptum
624 2177 812 2216 inveniens,

111 2225 195 2257 illud
221 2226 255 2257 in
268 2226 345 2258 voci
367 2225 447 2257 hosti
472 2226 660 2267 conjungit,
681 2236 720 2258 ac
746 2227 813 2257 hos-

110 2277 190 2308 tium
218 2275 312 2308 facit.
356 2277 477 2308 Paullo
504 2283 582 2317 post
607 2277 641 2307 111
667 2278 814 2318 vulgatis

110 2328 234 2369 legitur
249 2329 325 2359 duas
338 2329 471 2359 hostium
487 2332 605 2359 turmas
619 2331 814 2368 exceperunt.

112 2379 181 2411 Ubi
196 2379 316 2410 omitte
333 2389 448 2412 vocem
464 2380 611 2418 hostium,
628 2390 702 2421 quae
720 2385 815 2411 recte

115 2429 210 2462 abest
241 2440 260 2461 a
285 2440 316 2461 v.
344 2440 374 2462 c.
400 2435 518 2462 nostro
551 2436 587 2462 et
614 2431 814 2463 Petaviano.

118 2479 252 2512 Vossius.
275 2480 344 2511 Ms.
372 2481 508 2512 Nervic.
535 2486 571 2512 et
587 2481 685 2512 editt.
715 2481 813 2513 Rom.

114 2530 200 2561 Ven.
218 2531 378 2562 Beroald.
395 2531 569 2571 exhibent,
586 2532 696 2563 Nostri
711 2533 815 2572 cogni-

116 2579 158 2610 tis
171 2581 303 2612 hostium
317 2582 576 2622 insidiis,—duas
596 2583 681 2612 nacti
698 2585 816 2613 turmas

119 2635 317 2671 exceperunt,-
341 2642 406 2663 nec
431 2633 492 2664 ulli
509 2633 593 2664 Cod.
609 2642 727 2664 vocem
748 2633 816 2663 hos-

119 2679 198 2710 tium
231 2680 284 2713 bis
320 2687 580 2724 repraesentant,
613 2683 714 2724 uude,
751 2683 817 2714 uisi

1441 155 1551 197 1481

851 257 1061 298 praeplaceat
1077 258 1185 289 Vossii
1209 259 1421 299 conjectura,
1438 261 1555 291 rescri-

852 308 966 339 berem
994 309 1116 349 Nostri,
1142 309 1277 348 cognitis
1302 309 1428 343 insidiis
1451 310 1552 351 (quas

852 356 915 398 ipsi
942 357 1092 388 hostibus
1118 358 1449 399 struxerant)—duas
1470 361 1554 391 nacti

851 408 986 440 hostium
1013 412 1144 448 turmas,
1171 409 1256 440 adeo
1280 413 1317 440 ut
1342 409 1426 440 Mes.
1451 415 1487 441 et
1504 419 1558 441 v&

853 463 940 490 teres
957 460 1040 491 editi
1055 461 1086 491 in
1103 470 1143 491 eo
1161 460 1232 491 solo
1248 459 1375 490 fucrint
1390 462 1557 501 corrupti,

853 510 943 551 quod
962 511 1191 542 Librariornm
1207 510 1336 541 incuria
1351 519 1469 541 vocem
1486 510 1555 543 hos—

853 561 929 591 tium
947 572 988 592 ex
1004 561 1165 593 inferiore
1182 571 1279 592 versu
1293 561 1326 592 in
1352 562 1558 602 superiorem

853 612 1090 643 transtulerat.
1114 612 1224 644 Dat-is.
1250 612 1408 644 Absurde
1422 622 1558 653 prorsus

855 662 1008 703 Scaliger
1032 667 1068 694 et
1096 663 1320 694 Recentiores
1360 663 1556 703 ediderunt,

853 714 986 752 cognitis
1002 721 1162 745 nosram
1179 713 1314 744 insidiis.
1361 713 1439 744 Non
1467 714 1558 745 enim

854 764 988 795 hostium
1018 769 1118 796 erant
1141 765 1285 804 insidiae,
1324 764 1384 795 sed
1420 766 1558 796 Caesare·

854 824 992 846 onor-um.
1038 815 1185 847 Omnino
1214 816 1328 856 igitur,
1345 820 1402 846 aut
1418 824 1494 846 cum
1513 816 1559 847 D.

854 866 974 897 Vossio
992 865 1187 907 legendum,
1218 866 1352 905 cognitis
1384 865 1470 896 hosti
1488 865 1563 896 insi-

854 915 916 946 diis
926 916 1058 953 ;-duus
1073 915 1157 946 nocti
1178 918 1310 953 turmas,
1328 917 1380 954 δῖε.
1407 919 1466 946 3111
1482 924 1559 946 011111

855 966 1007 1006 Davisio,
1019 966 1154 1005 cognitis
1168 965 1294 996 insidiis
1318 965 1416 1006 (quas
1435 974 1562 997 Nos‘rm

856 1017 987 1048 scilicet
1010 1015 1374 1057 collocarant;)—dnas
1396 1018 1480 1047 nacti
1495 1017 1563 1047 lios-

855 1067 934 1097 tium
949 1071 1078 1106 turmas,
1089 1070 1142 1107 isc.
1167 1067 1215 1098 Ut
1231 1067 1317 1098 adeo
1334 1076 1399 1098 vox
1416 1067 1561 1107 hostium,

855 1117 961 1157 (quod
978 1122 1031 1148 est
1051 1117 1084 1147 in
1102 1117 1187 1148 Mss.
1205 1118 1340 1156 cognitis
1354 1118 1498 1149 hostium
1516 1119 1563 1149 in—

854 1165 974 1204 sidiis‚)
996 1170 1054 1196 aut
1081 1170 1242 1206 corrupta
1264 1167 1307 1197 sit
1330 1168 1563 1199 Librariorum

854 1215 988 1246 inscitia
1016 1225 1059 1246 ex
1086 1216 1188 1253 hosli;
1223 1220 1283 1247 aut
1310 1226 1353 1247 ex
1377 1217 1563 1257 posteriori

855 1271 954 1307 parte
983 1267 1166 1298 sententiae
1195 1267 1384 1307 irrepserit,
1411 1272 1564 1309 transpo-

856 1317 922 1347 sita
945 1317 978 1347 in
1005 1317 1163 1357 priorem.
1192 1317 1301 1348 Clark.
1340 1318 1424 1349 Mss.
1449 1318 1565 1349 cuncti

857 1373 894 1399 et
924 1368 1010 1399 Edd.
1043 1369 1162 1409 primae
1189 1370 1365 1409 exhibent,
1402 1370 1443 1401 N.
1473 1380 1563 1410 cogn.

856 1419 989 1450 hostium
1002 1419 1137 1458 insidiis,
1152 1430 1183 1451 n.
1203 1419 1235 1458 f.
1252 1430 1279 1450 r.
1296 1430 1323 1451 e.
1342 1422 1373 1451 d.
1400 1421 1483 1451 nacti
1500 1425 1566 1451 tur-

856 1480 922 1501 mas
951 1480 1055 1510 excep.
1101 1470 1201 1501 Unde
1227 1481 1294 1502 non
1326 1471 1457 1510 dubito,
1484 1471 1565 1512 quin

857 1521 989 1552 hostium
1005 1526 1084 1552 ante
1101 1521 1225 1552 insidiis
1240 1522 1348 1553 deleri
1364 1522 1502 1562 debeat,
1527 1526 1566 1553 ut

857 1570 943 1602 bene
957 1571 1188 1603 exhibuerunt
1200 1572 1344 1603 Vascos.
1358 1571 1437 1603 Ald.
1448 1572 1566 1612 Steph.

859 1621 992 1661 Gryph.
1016 1622 1152 1663 aliique,
1179 1626 1213 1653 et
1240 1622 1320 1663 poni
1341 1627 1422 1652 ante
1436 1625 1567 1661 turmas,

858 1672 923 1703 nisi
950 1678 984 1703 et
1007 1672 1054 1703 ibi
1077 1672 1374 1704 exterminandum
1401 1681 1565 1703 censeas:

859 1722 940 1753 hosti
966 1723 1147 1763 adscripsit
1175 1722 1278 1753 etiam
1303 1722 1452 1762 Lipsius.
1497 1721 1566 1752 Sed

859 1773 995 1811 cognitis
1022 1773 1146 1803 insidiis
1167 1773 1254 1803 bene
1281 1772 1408 1803 dicitur
1432 1771 1568 1803 scilicet

857 1823 931 1854 suis.
1134 1828 1137 1830 “

903 1882 1033 1904 xxxix.
1053 1877 1069 1904 1
1098 1874 1260 1912 Caesur‚ut
1272 1882 1365 1912 supra
1380 1873 1568 1903 demonstras

859 1927 926 1954 ium
957 1927 1014 1961 est,
1046 1932 1090 1954 111
1119 1923 1258 1953 cohortes
1290 1921 1568 1965 Orici—reliquit]

860 1973 992 2004 Nullibi
1009 1973 1072 2004 hoc
1091 1982 1194 2013 supra
1217 1977 1269 2004 est
1282 1972 1568 2011 demonstratum,

860 2024 920 2054 sed
938 2027 1055 2054 narrat
1072 2024 1189 2055 Caesar
1211 2033 1243 2054 c.
1260 2026 1311 2054 34.
1356 2024 1365 2039 ‘
1385 2022 1491 2053 Orico
1509 2022 1568 2053 de-

860 2074 997 2105 ductam
1005 2073 1109 2112 fnisse
1124 2074 1304 2114 legionem,
1317 2082 1415 2113 quam
1430 2072 1568 2103 tuendae

861 2134 930 2156 orae
939 2125 1119 2156 maritimae
1128 2134 1245 2156 caussa
1255 2128 1413 2165 posuerat
1422 2123 1441 2162 ;’
1455 2134 1569 2165 quam-

862 2175 990 2215 obrem,
1019 2184 1101 2206 voce
1127 2175 1348 2214 transposita,
1370 2174 1429 2206 hie
1454 2175 1570 2214 legen-

863 2225 941 2256 dum
972 2225 1107 2256 videtur
1136 2226 1276 2256 deductis
1303 2234 1366 2256 oroe
1402 2225 1570 2255 maritimae

858 2275 1030 2315 proesidiis,
1055 2279 1089 2306 ut
1119 2285 1212 2315 supra
1240 2276 1482 2306 demonstratum
1513 2278 1572 2315 est,

866 2326 971 2356 Caesar
997 2334 1041 2356 111
1067 2325 1216 2366 cohortes,
1237 2327 1290 2365 ᾅτ.
1336 2325 1436 2356 Hanc
1457 2334 1570 2356 emen·

865 2377 1035 2408 dationem
1066 2387 1120 2408 res
1152 2377 1227 2418 ipsa
1257 2377 1420 2416 postulat.
1454 2377 1569 2408 Dat-is.

866 2427 1017 2459 Deductis
1041 2437 1104 2458 oroe
1128 2427 1297 2458 maritimae
1323 2426 1438 2457 Caesar
1461 2425 1572 2466 proesi·

865 2479 937 2519 diis,
951 2481 983 2509 1ιί
1000 2488 1092 2519 supra
1109 2479 1353 2509 demonstratum
1368 2481 1424 2508 est.
1456 2477 1510 2507 Ita
1526 2486 1569 2506 ex

867 2531 933 2561 Ms.
951 2530 1037 2570 Reg.
1060 2529 1213 2560 restitui:
1239 2528 1305 2570 (sic
1339 2528 1441 2559 etiam
1458 2527 1572 2565 Voss.)

867 2581 924 2622 qui
943 2586 979 2612 et
1003 2580 1190 2612 concinnus
1205 2584 1256 2610 est
1278 2578 1457 2610 verborum
1474 2576 1570 2614 ordo,

867 2631 959 2673 (vide
985 2641 1087 2673 supra
1111 2631 1154 2662 ad
1180 2631 1223 2661 B.
1241 2630 1283 2661 G.
1300 2638 1334 2661 v.
1351 2627 1420 2668 49.)
1436 2632 1471 2658 et
1497 2637 1571 2657 sen-

870 2683 976 2714 tentia
991 2683 1062 2713 sine
1090 2681 1181 2713 omni
1205 2679 1427 2720 ambiguitate
1443 2678 1572 2719 perspi-
