1850 3109
258 133 372 176 1582

250 240 255 249 ’·
303 238 421 279 Movit]
442 238 619 270 Interdum
631 239 826 279 fit,uthanc
840 251 957 274 vocem

260 289 413 320 absolute
446 297 573 330 ponant
601 290 676 321 boui
706 297 876 330 auctores,
898 303 958 333 pro

259 349 300 371 eo
331 340 420 381 quod
452 346 515 378 est,
554 345 656 372 castra
696 342 799 371 morit.
858 342 958 372 Silius

259 390 402 421 Italicus
428 399 493 420 vu.
526 394 594 422 121.
641 392 790 422 ‘Irritus
818 391 960 431 incoepti

259 446 374 471 movet
388 440 476 479 inde,
495 447 597 482 atque
624 441 763 482 Appula
784 442 881 472 tardo
899 442 960 473 Ar-

260 500 303 520 va
320 490 419 530 Libys
437 501 535 530 passu
549 491 655 531 legit!
701 492 756 522 Sic
773 498 807 523 et
821 494 829 509 ‘
845 492 960 523 audito

261 540 404 571 Darium
420 542 561 571 movisse
578 542 618 571 ab
644 542 839 573 Ecbatanis'
873 543 961 574 dixit

261 590 400 621 Curtius
417 600 450 621 v.
471 593 519 621 13.
538 595 568 622 l.
594 592 704 623 Datis.
750 593 838 624 Vide
858 595 898 624 B.
917 594 959 625 G.

260 648 286 671 1.
304 643 336 671 4.
361 642 370 658 ‘
389 641 509 672 Castra
525 643 718 673 moturum!

304 694 341 722 11
368 692 610 733 Equitatumque
630 693 662 723 in
691 694 819 724 nat-ibus
844 705 962 726 omnem

259 743 637 784 contineri‚—aquamque
676 746 709 775 in
750 756 840 776 nares
872 747 961 784 jubet

259 794 460 834 comportari]
497 795 553 825 Sic
582 796 648 826 Ms.
681 797 765 835 Reg.
797 798 882 829 Quae
912 802 962 827 est

260 845 472 876 constructio
497 846 545 876 sui
579 846 694 876 similis
724 852 759 877 et
787 857 863 877 una.
909 847 962 878 At.

258 895 436 925 continere.-
479 906 591 935 aquam
618 897 815 936 comportari.
876 898 961 929 Qua*

259 950 309 975 est
343 945 488 976 variatio
516 947 624 977 minus
655 949 804 987 elegans.
854 948 962 980 Clark.

259 994 351 1024 Illud
369 995 519 1025 contineri
536 1002 570 1026 et
587 1007 766 1037 aquamque,
781 998 869 1038 quod
889 999 962 1038 jam

258 1044 422 1075 exhibent
433 1045 571 1076 Vascos.
584 1047 714 1086 Grypli.
727 1053 812 1087 post.
827 1053 860 1077 et
871 1048 964 1078 Stra-

258 1093 315 1132 da,
341 1100 394 1125 est
416 1095 458 1125 ab
487 1097 678 1127 recentiore
709 1097 962 1138 interpolatore.

260 1143 300 1173 In
317 1144 399 1174 meis
425 1145 578 1176 omnibus
602 1151 655 1177 est
670 1148 837 1185 continere,
854 1153 890 1177 ut
907 1147 963 1177 de-

263 1193 340 1223 bet:
366 1203 431 1223 non
449 1194 535 1224 enim
552 1195 615 1225 hoc
628 1196 769 1225 verbnm
791 1196 963 1236 dependet

260 1254 277 1274 a
304 1246 348 1283 τῷ
365 1245 470 1284 jubet,
496 1246 556 1276 sed
585 1246 626 1276 ab
654 1248 831 1278 intellecto
855 1249 964 1287 erepit:

259 1295 329 1326 sive
356 1305 417 1335 pro
440 1296 627 1333 continebat,
652 1297 771 1327 eodem
798 1298 898 1328 modo
925 1308 963 1328 ac

259 1346 382 1383 digredi
400 1351 435 1376 et
451 1349 572 1386 pctere:
607 1346 683 1377 ideo
712 1347 814 1378 etiam
841 1358 959 1387 aquam-

260 1405 318 1435 que
334 1405 399 1426 uon
418 1398 541 1436 placet,
562 1397 643 1428 licet
671 1407 805 1438 quoque
831 1398 965 1428 invene-

260 1446 321 1476 rim
346 1446 379 1476 in
408 1448 515 1477 Dorv.
547 1453 582 1478 et
609 1447 706 1478 Leid.
735 1458 800 1479 sec.
829 1449 965 1479 novitiis

261 1496 457 1534 Codicibns,
489 1497 538 1527 uti
566 1502 600 1528 et
627 1497 690 1528 Ed.
719 1497 762 1529 R.
790 1498 963 1538 Stephani.

260 1546 348 1577 Vide
364 1548 500 1577 omnino
517 1547 558 1578 ad
573 1559 600 1578 c.
617 1551 670 1580 25.

304 1600 344 1627 lo
370 1598 413 1627 Et
429 1598 528 1627 subito
545 1598 715 1638 exsistunt]
743 1599 850 1630 Editt.
869 1600 963 1629 Rom.

261 1647 382 1678 Venet.
415 1648 575 1678 Beroald.
618 1651 649 1678 et
689 1649 788 1679 subito
829 1653 966 1685 exeunt;

260 1696 439 1729 mendose:
480 1707 592 1728 veram
630 1703 744 1730 autem
785 1699 966 1729 lectionem

260 1753 385 1787 servat,
416 1752 454 1778 ut
485 1748 618 1788 opinor,
650 1749 716 1779 Ms.
745 1749 907 1779 Noi·vic.:
939 1749 966 1779 is

261 1798 349 1828 enim
365 1798 468 1829 habet
479 1802 506 1829 et
524 1799 624 1829 subito
637 1799 783 1837 exiliunt,
799 1799 965 1830 vocabulo

261 1848 400 1889 quidem
431 1849 472 1879 ad
505 1849 714 1880 celeritatem
747 1849 963 1880 indicandam

261 1899 407 1928 maxime
424 1899 591 1938 apposito.
617 1899 778 1930 Manilius
800 1900 820 1931 l.
839 1909 862 1930 1.
884 1910 916 1940 p.
934 1906 964 1932 ϋ.

261 1951 469 1982 ‘Emersere
501 1951 597 1982 fretis
636 1957 768 1983 montes
806 1953 964 1993 orbisque

261 2010 325 2041 per
341 2001 458 2032 undas.
510 2002 640 2039 Ea-iliit,
658 2007 752 2033 vasto
766 2003 898 2033 clausus
916 2009 964 2034 ta-

262 2059 338 2081 men
358 2050 507 2092 undique
526 2055 650 2091 ponto!
707 2052 851 2083 Ovidius
886 2052 962 2083 Art.

262 2100 378 2132 Amat.
410 2111 434 2132 1.
466 2105 535 2132 115.
595 2102 783 2132 ‘Protinus
825 2103 970 2141 exiliunt,

263 2151 411 2182 animum
442 2153 589 2182 clamore
607 2150 778 2182 fatentes.’
801 2152 969 2182 Minutius

263 2202 357 2233 Felix
376 2201 457 2232 Oet.
475 2212 508 2242 p.
525 2204 578 2232 23.
603 2202 656 2232 ed.
675 2202 787 2232 Oxon.
840 2202 894 2232 Vel
911 2211 968 2232 ex-

261 2252 361 2283 iliunt
377 2253 493 2283 statim.
538 2252 660 2292 Siquis
683 2257 794 2282 tamen
819 2252 964 2291 vulgatae

261 2305 402 2336 lectioni
418 2305 661 2345 patrocinatur,
681 2303 810 2335 favebit
827 2304 964 2336 Curtius

263 2363 328 2386 vn.
347 2358 398 2386 10.
418 2358 468 2386 14.
494 2356 603 2386 Davis.
640 2355 800 2386 Eri-ilium.
823 2355 880 2385 Sic
898 2355 963 2386 ΜΒ.

261 2404 429 2442 Eliensis3
469 2406 656 2445 probatque
684 2405 856 2436 Davisius.
881 2406 964 2436 Mss.

261 2454 414 2495 plerique
433 2460 466 2485 ct
483 2455 589 2485 Editt.
617 2455 709 2486 Vett.
734 2459 858 2486 exeunt.
884 2456 964 2486 Sca-

261 2505 344 2545 liger
361 2511 396 2536 et
425 2505 657 2540 Recentiores‚
681 2505 830 2535 existant.
878 2505 962 2537 Qum

263 2561 297 2586 et
315 2555 389 2595 ipsa
405 2555 508 2586 lectio
536 2564 602 2584 non
630 2555 731 2584 mala.
791 2555 846 2585 Sic
875 2555 962 2586 euim

263 2603 362 2644 infra,
377 2615 407 2635 c.
424 2608 476 2635 69.
494 2608 587 2644 atque
601 2614 640 2635 ea·
651 2605 775 2635 canibus
784 2605 894 2645 primis
907 2615 963 2635 ex-

262 2655 382 2686 istunt.
424 2655 533 2686 Clark.
592 2655 684 2685 Male
725 2655 885 2686 Davisius
927 2661 962 2686 et

263 2704 421 2737 Clarkius
438 2704 583 2736 exsiliunt
600 2704 787 2745 praet'erunt
808 2707 852 2746 τῷ
867 2707 963 2737 essis-

736 147 878 179 No'rAE
908 149 1171 182 VARIORUM
1203 151 1254 182 ΙΝ

1010 247 1091 281 eunt,
1109 244 1197 285 qnod
1217 244 1301 274 bene
1318 243 1461 274 Ursinus
1478 253 1496 275 e
1512 253 1572 276 sno
1585 245 1710 277 Codice

1013 296 1168 335 protulit,
1186 302 1217 325 et
1236 295 1366 335 recepit
1377 295 1541 334 Scaliger,
1554 295 1711 337 quodque

1012 345 1230 376 confirmatur
1261 346 1398 386 optimis
1424 346 1608 377 Codicibus
1634 347 1712 388 Cuj.

1014 395 1133 427 Petav.
1151 396 1246 428 Leid.
1264 406 1313 436 pr.
1332 402 1367 427 et
1389 397 1486 427 Voss.
1508 401 1543 426 et
1559 397 1713 437 pluribus

1013 446 1178 486 exemplis
1196 448 1426 486 probaverunt
1451 447 1578 478 Gland.
1604 457 1633 478 e.
1659 450 1713 478 09.

1014 496 1086 526 Cel.
1115 496 1327 527 Burmannus
1349 498 1390 528 ad
1419 497 1522 528 Ovid.
1541 507 1579 528 ac
1596 498 1716 529 Wasse

1013 546 1055 575 ad
1085 546 1165 576 Sall.
1194 547 1235 576 B.
1261 547 1340 587 Jug.
1365 557 1394 578 c.
1421 550 1475 578 53.
1504 558 1535 588 p.
1553 550 1627 579 370.
1673 547 1714 579 In

1013 597 1087 627 aliis
1115 597 1295 628 Codicibus
1319 603 1354 628 et
1370 598 1457 629 Edd.
1481 599 1577 630 Vett.
1596 604 1647 630 est
1661 608 1715 630 ex-

1012 651 1094 678 eunt.
1123 648 1226 679 Plura
1243 648 1320 679 vide
1337 648 1378 678 ad
1396 657 1460 678 vu.
1478 651 1531 679 35.
1571 649 1580 666 ‘
1599 649 1712 681 Quum

1013 703 1158 739 uterque
1185 699 1319 739 utrique
1345 698 1472 729 exisset
1498 698 1531 728 in
1554 707 1718 738 conspec-

1014 754 1050 779 tu
1066 749 1085 779 ε’
1123 749 1180 780 ubi
1198 749 1353 789 legebam
1377 759 1510 789 quoque
1531 748 1715 778 exstitisset.

1014 798 1121 830 Immo
1138 799 1209 840 ipse
1238 800 1401 830 Davisius
1427 799 1629 830 senteutiam
1647 807 1716 828 mn-

1015 849 1099 879 tavit
1127 850 1168 879 ad
1198 850 1307 880 Cicer.
1334 849 1375 879 de
1405 849 1522 879 Diviu.
1540 857 1562 878 ι.
1578 851 1631 879 28.
1653 848 1663 864 ‘
1681 852 1716 879 te

1015 900 1130 930 subito
1144 901 1258 930 lartum
1277 899 1470 930 exstitisse)

1057 959 1136 980 viii.
1161 953 1180 980 6
1198 951 1330 980 Interim
1347 960 1414 980 cum
1432 958 1453 979 x
1470 949 1600 980 naribus
1617 950 1719 990 long-is

1013 999 1137 1037 —jubet
1152 999 1320 1041 proficisci]
1344 999 1385 1030 Iu
1403 1001 1512 1040 prima
1526 1009 1607 1030 voce
1619 1000 1718 1039 latet,

1014 1055 1052 1080 nt
1069 1050 1200 1090 opinor,
1216 1049 1357 1080 hominis
1381 1058 1515 1087 nomen,
1529 1059 1627 1090 quem
1644 1058 1720 1089 pro·

1014 1098 1118 1129 ficisci
1144 1099 1246 1139 jussit
1276 1100 1401 1130 Car-sar.
1448 1100 1575 1130 Forsan
1607 1099 1719 1139 legen-

1013 1149 1093 1179 dum
1130 1150 1286 1179 Vatinium
1324 1159 1391 1179 cum
1418 1158 1440 1179 x
1465 1149 1595 1180 naribus
1619 1150 1720 1189 longis

1013 1198 1138 1236 -jubet
1152 1197 1327 1239 proficisci:
1346 1198 1389 1228 de
1407 1198 1479 1237 ejus
1498 1200 1596 1228 rebus
1615 1199 1719 1239 gestis

1013 1247 1090 1277 vide
1109 1248 1148 1278 B.
1165 1247 1264 1278 Alex.
1281 1257 1310 1278 c.
1324 1251 1375 1278 44.
1391 1257 1486 1288 seqq.
1510 1248 1622 1279 Datis.
1646 1258 1719 1280 cur.

1015 1307 1083 1328 sec.
1132 1297 1275 1328 Interim
1302 1305 1409 1327 cumx
1429 1297 1567 1329 nat-ibus.
1603 1297 1718 1339 Siquis

1015 1348 1086 1378 liaec
1108 1347 1271 1378 attentius
1302 1347 1534 1387 perpenderit,
1565 1348 1716 1388 suspica-

1017 1398 1109 1428 bitur
1136 1398 1288 1438 (opinor)
1317 1404 1376 1428 aut
1404 1398 1569 1429 excidisse
1592 1398 1655 1430 hoc
1683 1399 1718 1431 in

1016 1448 1100 1487 loco,
1126 1454 1183 1478 aut
1214 1447 1302 1478 forte
1333 1448 1367 1477 in
1394 1448 1467 1488 ipsa
1484 1457 1568 1479 voce
1585 1448 1719 1479 Interim

1015 1503 1212 1538 corruptum
1242 1499 1349 1529 latere
1374 1498 1548 1538 proprium
1577 1499 1719 1530 hominis

1015 1549 1159 1588 alicujus
1188 1558 1308 1580 nomeu
1324 1560 1332 1587 ;
1385 1548 1472 1589 quod
1507 1550 1720 1588 praecedenti

1018 1600 1152 1631 Rabiria
1169 1601 1330 1638 Postumo,
1346 1605 1381 1631 et
1398 1601 1556 1640 sequenti
1573 1600 1722 1632 Sallustio

1019 1652 1148 1690 Crispo,
1165 1651 1379 1690 respondeat.
1406 1650 1514 1681 Clark.

1062 1705 1101 1732 12
1126 1702 1205 1732 Hac
1222 1704 1267 1732 ita
1280 1702 1462 1743 imperabat,
1478 1702 1581 1743 itaque
1602 1702 1721 1733 unicui-

1015 1762 1071 1793 que
1092 1754 1310 1794 111·(ecipiel;at]
1362 1753 1448 1785 Edd.
1481 1755 1612 1794 primae,
1639 1755 1720 1785 item

1017 1805 1117 1834 Vasc.
1131 1805 1249 1844 Stepli.
1267 1811 1300 1834 et
1317 1804 1390 1834 aliae
1406 1803 1533 1835 habent
1549 1803 1594 1835 ΙΙ.
1606 1803 1627 1833 ἰ.
1645 1804 1720 1844 imp.

1016 1855 1181 1895 unicuique
1222 1855 1504 1896 praecipiebatque;
1554 1856 1721 1895 quomodo

1017 1909 1126 1935 restat
1143 1906 1245 1935 etiam
1260 1905 1293 1934 in
1311 1904 1407 1935 Leid.
1425 1914 1493 1935 sec.
1533 1904 1644 1944 Itaque
1660 1905 1720 1935 eti-

1017 1964 1068 1984 am
1085 1955 1182 1986 abest
1200 1965 1218 1985 a
1240 1956 1337 1985 Voss.
1377 1954 1419 1984 In
1448 1955 1555 1984 Dorv.
1583 1959 1636 1984 est
1652 1954 1721 1984 uni-

1015 2006 1136 2044 cuique,
1167 2006 1213 2035 ita
1243 2005 1515 2045 praecipiebatque.
1574 2005 1718 2044 Optime

1017 2054 1112 2085 Leid.
1130 2064 1182 2095 pr.
1201 2060 1235 2085 et
1251 2056 1332 2085 Lov.
1372 2054 1452 2084 Hoec
1474 2054 1519 2084 ita
1538 2054 1720 2094 imperabat,

1016 2105 1061 2135 ita
1077 2105 1237 2144 unicuique
1253 2105 1323 2145 (vel
1340 2105 1420 2135 unic.
1436 2104 1719 2145 ita)proeci1›iebat.

1017 2154 1114 2186 Quod
1127 2164 1224 2185 nemo
1235 2164 1300 2184 non
1313 2154 1406 2184 videt
1419 2163 1491 2184 esse
1505 2155 1697 2195 elegantius
1709 2166 1717 2187 2

1016 2214 1120 2245 quare
1138 2205 1170 2235 id
1190 2205 1307 2235 Hirtio
1325 2203 1472 2234 reddidi.

1064 2255 1204 2295 Ut‚fieri
1217 2258 1330 2294 posset,
1350 2264 1404 2284 nec
1425 2264 1475 2293 ne,
1491 2255 1589 2284 locum
1602 2256 1722 2286 nullum

1015 2305 1173 2336 excusatio
1187 2304 1325 2344 haberet]
1350 2304 1447 2334 Dura
1462 2313 1542 2334 sane
1557 2304 1721 2336 conditio.

1016 2355 1085 2385 ms.
1109 2355 1248 2386 Norvic.
1270 2357 1304 2384 ut
1310 2353 1389 2394 fieri
1399 2357 1512 2393 posset,
1527 2364 1600 2385 neve
1622 2355 1721 2386 locum

1015 2405 1171 2435 escumatio
1190 2406 1287 2435 ultum
1310 2403 1445 2434 haberet.
1485 2404 1596 2435 Editt.
1620 2405 1720 2437 Rom.

1015 2455 1101 2485 Ven.
1120 2454 1280 2485 Beroald.
1296 2458 1343 2492 ut,
1359 2454 1470 2495 sificri
1482 2458 1594 2493 possit,
1610 2464 1663 2485 nec
1678 2456 1720 2486 lo-

1014 2515 1081 2535 cum
1106 2506 1199 2535 ullum
1221 2505 1379 2535 excusatio
1403 2504 1538 2541 hahet-st,
1553 2505 1721 2544 quomodo

1016 2555 1196 2595 legendum
1213 2555 1372 2585 arbitror.
1400 2555 1508 2584 Daris.
1541 2555 1596 2591 Ut,
1610 2554 1724 2595 sifieri

1011 2609 1124 2646 posset,
1143 2615 1183 2636 ue
1206 2606 1303 2636 locum
1327 2605 1443 2644 ullum,
1463 2607 1526 2635 occ.
1568 2605 1655 2636 Haee
1677 2615 1720 2636 ex

1015 2657 1123 2688 Editt.
1142 2657 1236 2687 Vett.
1256 2657 1302 2687 ita
1321 2655 1529 2686 restituenda
1545 2655 1633 2686 vidit
1648 2656 1719 2686 Da-

1014 2707 1128 2738 visius.
1168 2706 1283 2749 Atque
1301 2707 1349 2738 ita
1366 2707 1466 2747 plane
1481 2705 1647 2747 scriptum
1666 2710 1720 2738 est
