1850 3109
254 198 366 239 1708
675 207 712 236 J.
747 205 884 235 cust
918 204 1268 234 coMMEN‘rARu

251 306 386 345 oculos
421 305 574 350 babere,
609 317 835 354 semperque
875 304 1086 340 cervicibus
1120 302 1405 353 impendentem
1439 301 1617 339 credere:
1647 299 1700 338 ob

252 382 416 419 eamque
449 381 549 406 nunc
583 381 739 405 causam
777 368 926 403 cunctis
962 367 1258 404 lamentantibus
1297 367 1398 403 solos
1437 364 1702 402 obmutuisse!

252 431 457 469 Miseratus
479 432 606 468 Caesar
625 430 853 466 miserrimos
870 430 1081 466 Galliarum
1104 437 1242 466 stratos
1263 429 1405 465 animos
1426 428 1557 465 leviter
1576 425 1702 475 erigit,

252 496 475 544 promittens
497 508 534 530 se
555 494 603 529 (le
624 493 773 528 illorum
795 492 1072 528 calamitatibus
1092 499 1330 528 curaturum:
1363 498 1401 527 et
1421 503 1570 540 sperare
1592 489 1704 526 Ario-

252 558 402 602 vistum,
425 559 511 594 hinc
533 555 693 593 Romani
715 555 875 591 nominis
909 555 1123 603 majestate,
1154 554 1240 591 binc
1274 554 1427 603 privatis
1460 553 1535 589 suis
1557 553 1593 588 in
1614 565 1702 588 eum

255 620 396 656 meritis
417 626 552 669 sponte
575 624 874 668 temperaturum
896 618 945 654 ab
962 617 1121 666 injuriis.
1165 618 1300 654 Soluto
1320 615 1498 659 concilio,
1516 622 1552 652 et
1573 615 1704 664 legatis

253 682 412 718 reversis
433 681 481 718 ad
516 682 684 730 propria,
714 682 904 718 Caesarem
937 694 1052 730 super
1085 681 1224 717 auditis
1255 680 1437 717 attentius
1456 678 1703 728 cogitantem,

252 745 371 783 multa
387 745 542 795 quidem
558 746 604 782 ad
624 744 911 793 suscipiendum
929 745 1150 781 miserorum
1168 744 1420 794 patrocinium
1438 742 1703 791 impellebant:

254 809 319 846 sed
359 808 528 858 inprimis
563 807 820 845 consideratio
856 806 1065 850 Eduormu,
1088 820 1183 856 quos
1203 820 1280 843 uon
1301 807 1445 843 amicos
1475 804 1606 848 modo,
1637 803 1704 840 sed

254 872 556 923 consanguineos
589 879 627 909 et
662 871 795 908 fratres
824 884 845 907 a
875 876 1006 907 senatu
1039 869 1174 906 totiens
1208 870 1417 919 appellatos
1449 869 1519 905 sub
1554 867 1705 904 servitio

254 937 539 974 Germanorum
560 948 713 973 cernere
734 942 771 972 et
791 934 860 971 sibi
890 941 928 971 ct
948 933 1092 983 populo
1113 934 1289 970 Romano
1309 931 1707 981 ignominiosissimum

253 999 476 1036 extimabat.
533 998 758 1036 Accedebat
778 998 839 1035 illa
860 1010 1015 1047 quoque
1037 997 1233 1046 cogitatio,
1252 997 1356 1045 quod
1379 998 1593 1033 Germanos
1621 1006 1708 1043 pas-

256 1062 325 1099 sim
346 1075 389 1100 ac
407 1068 548 1099 temere
569 1062 606 1098 in
624 1062 770 1099 Gallias
787 1061 947 1107 effundi,
971 1074 1047 1098 nou
1069 1061 1186 1098 modo
1204 1074 1291 1098 cum
1309 1060 1509 1097 Gallorum
1526 1057 1709 1108 pernicie,

256 1125 419 1162 sednon
452 1126 532 1163 sine
565 1125 735 1175 periculo
759 1126 921 1162 Romani
956 1124 1101 1174 imperii
1124 1124 1346 1161 videbatur:
1379 1137 1465 1160 cum
1498 1121 1709 1172 praesertim

254 1189 466 1226 Ariovistus
505 1196 542 1226 et
581 1196 715 1226 natura
752 1187 968 1238 ⁹⁶superbet
999 1195 1035 1225 et
1069 1189 1315 1226 successibus
1348 1187 1483 1224 timens
1517 1198 1709 1235 supraque

258 1252 452 1289 hominem
482 1252 601 1289 elatus
636 1252 729 1288 nihil
763 1265 838 1288 non
873 1265 1034 1288 ausurus
1065 1258 1281 1300 appareret.
1337 1249 1488 1292 Quibus
1506 1262 1552 1285 ex
1585 1247 1709 1285 causis

258 1316 380 1353 visum
401 1322 458 1353 cst
478 1316 585 1353 factu
605 1316 792 1365 optimum
827 1316 970 1364 legatos
1003 1315 1049 1351 ad
1086 1328 1171 1351 euin
1193 1315 1356 1358 mittere,
1392 1313 1458 1362 qui
1479 1312 1709 1355 nuntiarent,

257 1379 397 1416 habere
430 1392 559 1416 secum
581 1380 771 1416 Caesarem
804 1379 851 1415 de
880 1379 1104 1428 reipublicae
1137 1386 1239 1415 statu
1269 1378 1492 1427 magnisque
1522 1376 1569 1413 de
1599 1376 1712 1413 rebus

260 1443 449 1492 colloqui:
481 1443 556 1480 loci
589 1442 635 1479 ad
672 1442 708 1479 id
730 1455 774 1479 ac
796 1443 975 1492 temporis
997 1443 1177 1492 oportuni
1211 1442 1435 1479 ⁹7electione
1472 1441 1569 1490 regis
1603 1451 1709 1476 esse:

259 1507 348 1544 huic
370 1515 445 1544 tam
468 1506 651 1543 modestae
668 1506 846 1555 legationi
863 1506 1200 1543 insolentissimum
1218 1506 1278 1543 ille
1294 1518 1514 1555 responsum
1531 1503 1711 1542 reddidit.

259 1575 269 1590 ‘
288 1571 338 1607 Et
358 1570 454 1619 quis'
474 1570 597 1619 inquit
619 1575 628 1589 ‘
645 1576 703 1606 est
720 1570 862 1613 Caesar,
886 1576 950 1605 aut
971 1569 1064 1617 quid
1088 1569 1179 1605 mibi
1202 1581 1406 1606 commune
1427 1580 1513 1604 cum
1535 1568 1711 1604 Caesare?

258 1646 328 1683 ego
363 1634 393 1670 si
428 1633 590 1671 Caesaris
624 1645 773 1681 egerem
804 1631 854 1668 ad
884 1645 969 1668 eum
992 1633 1177 1668 venirem:
1209 1632 1287 1681 ipse
1318 1632 1347 1668 si
1377 1631 1450 1667 mei
1469 1635 1554 1680 eget
1574 1630 1620 1667 ad
1653 1642 1713 1667 me

262 1697 398 1734 veniat.
449 1696 636 1747 Equidem
659 1697 694 1732 in
712 1695 991 1746 possessionem
1015 1696 1174 1733 Caesaris
1195 1708 1321 1745 neque
1352 1695 1489 1745 pedem
1522 1693 1715 1744 positurus

262 1760 341 1798 sine
362 1761 545 1807 exercitu,
564 1773 690 1810 neque
710 1760 917 1797 exercitum
938 1773 983 1796 eo
1004 1759 1112 1796 facilc.
1133 1759 1393 1809 perducturus
1409 1771 1505 1795 sum.
1550 1756 1715 1794 Proinde

260 1824 384 1862 fateor
406 1839 465 1862 me
485 1824 626 1868 mirari,
649 1823 742 1874 quid
777 1823 824 1860 ad
859 1824 1048 1861 Caesarem
1078 1830 1209 1860 nostra
1238 1822 1457 1860 Germania.
1512 1820 1714 1870 Numquid

261 1901 332 1936 ego
353 1889 468 1925 rebus
489 1902 548 1925 me
570 1888 751 1925 Romanis
772 1887 994 1924 immisceo'!
1024 1894 1092 1923 aut
1116 1900 1204 1936 quae
1238 1899 1353 1923 causa
1386 1886 1423 1922 in
1457 1884 1553 1922 fines
1574 1883 1718 1921 Gallia-

262 1963 359 1994 rum,
393 1951 480 1999 [53⁸2]
509 1964 604 1999 quas
638 1950 727 1987 mihi
757 1950 845 1987 belli
869 1950 957 1997 jure
979 1950 1162 1999 qtiaesitas
1185 1950 1337 1994 scireut,
1369 1950 1559 1986 Caesarem
1579 1953 1618 1984 et
1638 1947 1717 1983 Ro-

263 2026 375 2050 mana
396 2014 499 2062 signa
521 2012 774 2062 pertraxerit.’
829 2014 915 2049 Huc
938 2025 1120 2061 responso
1152 2019 1313 2061 accepto
1343 2012 1472 2050 Caesar
1501 2011 1648 2060 legatos
1667 2010 1716 2047 ad

263 2076 427 2114 eundem
462 2077 634 2121 remittit,
673 2076 740 2125 qui
774 2077 856 2113 lucc
894 2076 1070 2114 referant.
1128 2082 1137 2096 ‘
1153 2077 1318 2119 Quando
1354 2076 1432 2124 ipse
1467 2082 1505 2111 et
1538 2073 1717 2123 privatim

265 2139 441 2185 Caesaris,
461 2147 499 2177 et
520 2140 677 2189 publice
705 2142 864 2177 Senatus
894 2147 931 2176 et
951 2140 1082 2189 populi
1107 2139 1267 2176 Romani
1289 2137 1564 2175 beneficiorum
1589 2137 1720 2174 imme-

266 2216 363 2248 mor,
385 2204 478 2240 nibil
501 2205 571 2241 sibi
591 2217 679 2240 cum
696 2204 765 2240 illis
780 2203 959 2252 judicans
980 2215 1198 2247 commune,
1213 2215 1300 2239 cum
1318 2209 1445 2238 tamen
1462 2201 1559 2237 inter
1573 2200 1718 2236 amicos

265 2273 409 2304 cuncta
429 2267 576 2304 soleant
594 2280 672 2304 esse
695 2266 926 2308 communia,
949 2272 1026 2302 tam
1050 2266 1214 2315 superbe
1236 2264 1398 2301 Romani
1424 2262 1662 2312 imperatoris
1681 2268 1720 2300 et

267 2329 380 2365 amici
401 2330 457 2365 sui
479 2330 712 2377 colloquium
747 2335 960 2372 recusa1·et;
992 2342 1030 2364 se
1063 2328 1165 2377 quod
1194 2328 1265 2364 sibi
1299 2327 1471 2363 dicturus
1492 2326 1616 2362 fuerat
1635 2325 1720 2363 haec

266 2393 469 2429 mandare:
501 2393 559 2429 Ne
574 2393 719 2429 scilicet
740 2393 851 2428 ullam
866 2393 1145 2428 Germanorum
1167 2403 1303 2427 novam
1326 2402 1480 2426 manum
1501 2387 1721 2426 transferret

269 2455 306 2492 in
328 2455 496 2493 Gallias:
532 2455 648 2492 Eduis
680 2455 810 2492 aiiiicis
843 2455 975 2504 populi
1011 2454 1171 2491 Romani
1200 2467 1410 2502 corumque
1431 2453 1543 2490 sociis
1564 2451 1720 2489 obsides

270 2519 497 2564 restitueret,
521 2519 621 2556 bello
655 2519 904 2568 imposterum
938 2525 1052 2568 atque
1084 2518 1230 2567 injuriis
1259 2519 1509 2555 9⁸temeraret.
1566 2516 1605 2552 Si
1638 2515 1721 2552 haeo

315 2675 357 2702 96
381 2672 484 2713 Lege,
510 2672 654 2714 superbus
681 2675 708 2704 et
736 2672 920 2705 successibus
947 2674 1162 2704 mmmm—97
1188 2671 1293 2712 Lege,
1324 2668 1594 2702 electionem-98
1619 2666 1721 2706 Lege,

271 2729 469 2766 temperaret.
