1850 3109
432 200 535 229 CAP.
566 188 606 228 3.
643 195 736 227 Lm.
771 196 832 225 DE

117 292 347 332 Vasc.step1=.
365 296 399 322 et
413 292 488 322 alim
507 291 815 331 1d.t.utest§7.:

117 341 176 371 sed
202 341 278 372 vide
303 341 345 372 ad
368 351 397 372 c.
424 343 472 371 12.
496 341 504 357 ‘
520 339 613 370 ldem
632 340 816 380 temporis)

116 390 239 429 scalig.
257 391 358 421 habet
372 390 407 420 id
421 393 548 429 tempus.
576 390 696 420 Petav.
713 392 815 421 eodem

114 444 270 481 tempore,-
293 445 327 471 et
347 440 439 470 Leid.
458 450 524 471 sec.
543 450 617 470 cum
636 449 685 471 iv.
705 441 813 473 Codd.

115 491 239 521 Gallie.
265 495 299 520 et
325 489 410 520 Edd.
440 490 577 520 Vasco-2.
607 490 700 529 ΑΙάἱ,
725 491 814 531 Gry·

112 540 193 581 plui,
208 539 324 580 steph.
347 551 402 580 per
420 541 451 570 id
467 543 597 580 tempus.
646 542 686 572 13.
706 541 813 572 Afric.

112 600 143 620 ct.
170 594 222 621 96.
252 591 260 606 ‘
278 590 344 620 Ubi
371 590 486 620 classis
515 591 553 620 P.
583 591 657 621 Sitii
691 601 752 631 per
781 592 813 622 id

113 646 245 681 tempus
275 645 349 671 erat
367 640 386 671 :’
424 641 477 670 ubi
509 642 664 672 meliores
695 647 814 673 carent

107 701 190 731 per,·
226 701 300 731 qum
329 696 364 721 et
390 691 466 722 alibi
496 690 657 722 confundi
685 692 813 722 monui-

109 749 194 772 muS.
227 742 384 772 Ceterum
403 741 587 781 Glandorp.
603 747 636 771 et
653 741 810 772 eiaccon.

110 791 240 829 legunt,
269 793 428 831 peridem
451 795 568 831 tempus
597 790 672 822 Sex.
700 792 810 831 Pomp.

100 840 207 877 frater
228 842 413 881 (adolescens
437 841 615 882 Ciaccon.)
642 853 710 872 cum
731 852 811 881 117·oe-

107 891 187 921 sidio
217 892 253 922 C.
285 894 306 922 t.
337 893 389 931 &a
447 892 588 922 Mallem
621 893 702 922 Erat
731 893 812 923 idem

108 942 265 982 temporis,
288 942 322 974 S.
349 943 457 982 Pomp.
482 941 531 980 fr.
559 953 630 981 quo,
655 952 700 973 se.
729 948 811 973 tem-

111 1001 204 1032 pore,
233 996 296 1023 otc.
351 993 458 1023 Iidem
494 1002 569 1023 cum
605 993 749 1024 Cellario
776 997 811 1024 et

109 1042 191 1081 aliis,
228 1047 322 1075 recte
361 1043 496 1084 quidem
538 1043 641 1074 Uliam
680 1044 808 1083 legunt.

110 1092 195 1123 Vide
211 1093 252 1123 ad
277 1103 306 1123 c.
324 1096 376 1123 61.
396 1093 436 1122 B.
455 1091 574 1123 Africi.
593 1093 676 1123 Mss.
696 1098 809 1123 tamen

108 1143 276 1174 mordicus
297 1143 398 1173 Ullam
413 1142 552 1172 liabent.

149 1196 170 1224 6
195 1194 284 1224 Clam
301 1192 463 1233 proesz‘dia]
491 1192 554 1222 Ms.
575 1191 715 1222 Norvie.
731 1192 811 1222 clam

104 1245 277 1283 proesi‹lio;
300 1243 400 1274 editt.
420 1244 516 1273 Rom.
539 1243 626 1273 Ven.
648 1243 808 1274 Beroald.

105 1294 183 1324 clam
207 1297 321 1334 praeter
342 1294 512 1333 proesidffl
544 1293 602 1323 sed
627 1293 678 1323 ¹1ae
706 1292 810 1323 varie-

107 1348 196 1375 tates
213 1354 254 1374 ex
272 1354 312 1375 eo
336 1349 414 1375 sunt
431 1349 527 1383 ortae,
551 1344 640 1384 qnod
666 1343 809 1374 Librarii

108 1399 142 1425 et
175 1395 324 1426 editores
353 1395 526 1433 vulgatam
559 1394 741 1424 lectionem
772 1403 808 1424 se

105 1453 171 1475 non
189 1450 283 1476 reete
307 1445 461 1475 habuisse
486 1454 666 1484 perperam
692 1453 808 1474 censu-

105 1501 216 1527 erunt.
261 1496 403 1527 Plautus
420 1496 513 1526 Prol.
531 1495 653 1535 Amph.
671 1505 718 1526 vs.
736 1498 807 1526 107.

105 1547 114 1561 ‘
128 1545 162 1576 Is
180 1555 292 1576 amare
310 1546 457 1586 occoepit
480 1546 702 1577 Alcumenam
729 1548 807 1577 clam

99 1595 224 1626 sirum)
269 1596 366 1627 Idem
390 1597 555 1628 Menaeelr.
580 1602 645 1627 aet.
669 1606 692 1627 ι.
712 1606 758 1628 sc.
775 1600 805 1629 2.

106 1649 157 1678 43.
197 1648 204 1663 ‘
225 1647 312 1677 Clam
353 1657 479 1677 uxorem
519 1646 576 1677 ubi
612 1648 806 1687 sepulcrum

103 1696 309 1735 habeamus:
322 1699 387 1727 &a
411 1696 463 1728 Ac
480 1697 601 1727 iterum
620 1698 695 1727 Mil.
710 1698 805 1729 Glor.

105 1751 172 1778 act.
187 1756 211 1777 1.
225 1757 270 1777 se.
285 1750 314 1777 1.
328 1750 379 1778 34.
396 1748 404 1764 ‘
423 1748 516 1778 Clam
531 1752 672 1778 matrem
687 1748 804 1779 suam!

103 1797 281 1827 Terentius
312 1797 399 1828 Περ.
428 1802 494 1828 act.
526 1807 580 1829 ιιι.
613 1807 659 1829 sc.
689 1801 719 1829 3.
752 1801 804 1830 36.

102 1848 111 1863 ‘
127 1847 221 1878 Clam
238 1852 356 1887 partus
379 1848 517 1879 eveniat
542 1853 672 1888 patrem
700 1853 804 1890 atque

104 1898 189 1930 adeo
205 1899 341 1930 omnes!
385 1900 442 1930 Sic
468 1900 569 1930 etiam
595 1901 728 1931 locutus
751 1906 805 1932 est

102 1950 256 1981 Valerius
282 1950 451 1981 Maximus
478 1960 541 1981 vu.
568 1953 598 1981 3.
624 1953 654 1982 7.
689 1951 803 1983 Daris.

105 2000 194 2031 Clam
213 2000 359 2040 pracsidio
383 2000 486 2030 etiam
510 2000 630 2031 Petav.
655 2004 691 2030 et
715 2000 803 2032 Edd.

103 2049 196 2089 Aldi,
213 2050 370 2090 Gryphii.
415 2051 503 2080 Clam
521 2053 636 2089 praeter
657 2050 804 2089 proesidia

103 2100 219 2140 Cujae.
244 2099 426 2130 Leid.see.
450 2101 596 2131 Dorvill.
622 2101 738 2131 Ursin.
763 2111 802 2132 ac

103 2152 122 2180 3
148 2149 236 2180 Gau.
262 2154 298 2180 et
324 2149 412 2180 Edd.
441 2150 580 2190 reliquae
611 2151 651 2180 ad
679 2151 802 2191 Sealig.

103 2209 220 2241 usque,
248 2200 305 2240 qui
333 2200 419 2230 bene
444 2201 521 2230 clam
550 2201 697 2240 proesidiu
726 2211 802 2232 cum

102 2251 232 2291 optimo
250 2251 317 2281 Ms.
336 2250 463 2288 Ursin„
487 2259 546 2280 suo
569 2255 605 2280 et
630 2250 725 2280 Leid.
750 2260 802 2290 pr.

102 2302 264 2333 restituit.
310 2301 442 2332 Auctor
470 2301 570 2332 Decl.
601 2301 634 2331 in
662 2301 802 2332 Sallust.

102 2362 132 2383 c.
146 2356 176 2384 5.
191 2354 200 2369 ‘
215 2351 368 2383 facinora
379 2352 465 2383 clam
482 2361 540 2382 vos
552 2352 688 2382 essent!
714 2352 802 2383 vide

101 2401 205 2433 etiam
223 2411 253 2433 c.
274 2405 324 2433 16.
340 2403 349 2418 ‘
367 2402 464 2432 Clam
477 2401 633 2440 nostros,’
651 2406 686 2432 et
702 2411 732 2432 c.
749 2404 800 2433 35.

103 2455 112 2468 ‘
128 2452 221 2483 Clam
239 2451 422 2492 praesidia!

145 2507 185 2535 10
209 2513 250 2534 xr
261 2503 413 2543 cohortes]
436 2505 538 2535 Hune
561 2513 734 2535 munerum
754 2504 800 2535 vi-

104 2553 150 2584 tio
179 2564 359 2594 operarum
388 2554 422 2584 in
453 2555 602 2586 Plantin.
634 2556 725 2585 Edit.
752 2555 799 2585 in-

103 2603 247 2642 repsisse
262 2604 420 2635 arbitrur.
451 2605 539 2635 Nam
557 2605 640 2635 'Mss-
659 2610 694 2635 et
711 2605 799 2636 Edd.

103 2652 232 2691 priores
257 2662 292 2683 vi
318 2654 383 2684 coh.
408 2654 472 2684 uisi
498 2654 587 2694 quod
613 2654 749 2685 x’azcos.
765 2654 798 2684 in

103 2702 252 2742 margine
268 2707 371 2742 ponat
383 2705 525 2743 sedecim,
545 2704 633 2744 quod
650 2709 686 2735 et
703 2704 799 2735 Ciac'-

102 2759 178 2781 con.
195 2751 228 2782 in
245 2760 305 2782 suo
323 2753 407 2783 Cod.
431 2763 506 2784 esse
530 2759 686 2786 testatur.
729 2755 798 2785 Sed

1455 188 1568 231 1647

867 289 1005 328 insuper
1036 290 1251 329 praemittunt
1283 299 1402 322 vocem
1430 294 1571 326 celeriter

868 339 989 369 petav.
1016 340 1132 380 CuJae.
1155 341 1281 379 Sealig.
1302 341 1396 372 Leid.
1414 352 1465 382 pr.
1483 344 1570 374 Dor-

867 390 935 419 vin.
969 390 1056 420 Edd.
1090 392 1186 421 Rom.
1219 393 1303 423 Ven.
1342 392 1436 422 Med.
1469 394 1567 424 Vase.

867 438 999 480 Gryplr.
1018 445 1104 480 post.
1123 446 1158 472 et
1174 441 1291 481 Steplr.
1315 442 1404 472 Vere
1421 442 1491 472 sine
1509 443 1569 473 du·

867 489 933 519 bio.
959 490 1066 520 Porro
1084 500 1149 520 non
1167 491 1253 522 male
1268 491 1467 523 ciacconius
1484 493 1569 533 legit

867 540 918 570 vel
937 549 982 570 nc
999 542 1129 579 pedites,
1155 541 1206 571 vel
1231 541 1323 582 quod
1348 542 1459 572 malim
1482 544 1568 582 pari-

864 599 922 629 que
944 594 1062 620 turmas
1086 592 1221 631 equitum
1246 602 1380 624 mzmero.
1418 593 1567 624 Maxime

865 644 979 670 tamen
998 641 1134 679 inclino,
1153 647 1186 672 ut
1213 650 1328 682 putem
1346 644 1434 674 hunc
1453 649 1567 675 ancto-

865 699 934 720 rem
952 690 1105 730 elliptice
1130 701 1202 722 esse
1228 693 1390 732 locutum,
1407 699 1441 724 et
1460 694 1568 725 brevi-

865 746 930 779 ter,
959 741 1030 780 puri
1064 752 1198 781 numero,
1229 748 1281 774 tot
1309 744 1454 783 scilieet,
1483 749 1568 785 quot

864 790 996 830 pedites
1015 797 1113 823 erant
1131 793 1162 823 in
1180 793 1373 824 cohortibus
1390 795 1464 825 illis.
1488 794 1568 826 Pet.

864 845 977 872 autem
1005 842 1094 873 Scal.
1123 848 1157 874 et
1182 843 1279 874 Leid.
1308 854 1358 883 pr.
1391 844 1473 875 dant
1496 845 1569 886 pari.

862 893 958 931 equit.
975 902 1099 923 numero
1115 894 1187 924 sine
1201 904 1266 934 que.

907 944 944 972 ll
970 942 1137 974 Hominem
1162 944 1228 981 eJ'us
1250 945 1418 984 provinciae
1447 945 1566 986 notum]

863 991 1014 1023 Gnarum
1029 1003 1087 1024 seu
1104 995 1262 1034 peritum.
1302 996 1444 1027 Plautus
1460 996 1566 1027 Pseu-

863 1041 930 1072 dol.
957 1048 1023 1074 act.
1046 1053 1095 1075 ιν.
1125 1054 1171 1075 sc.
1201 1048 1232 1075 2.
1257 1048 1309 1077 39.
1356 1047 1450 1086 Not-i,
1477 1048 1565 1078 notis

858 1092 1020 1131 prwdicas,
1045 1093 1078 1123 id
1106 1099 1170 1133 est,
1195 1095 1395 1126 scientibus.
1435 1097 1565 1128 Nonius

862 1141 1047 1172 Marcellus
1071 1153 1104 1182 p.
1124 1147 1194 1174 153.
1216 1145 1270 1175 ed.
1302 1145 1453 1176 Plantin.
1483 1147 1491 1163 ‘
1510 1147 1565 1187 Ig-

861 1194 965 1231 notae,
994 1192 1028 1222 id
1060 1197 1123 1232 est,
1151 1194 1288 1225 insciae?
1330 1197 1469 1227 Naevius
1501 1198 1565 1237 Ly·

861 1250 987 1281 curg0:
1022 1244 1030 1258 ‘
1049 1242 1180 1283 Ignotae
1211 1244 1308 1275 iteris
1338 1254 1462 1284 sumus,
1490 1251 1564 1278 tute

861 1290 950 1321 seis!
972 1291 1099 1333 Dictys
1116 1294 1288 1325 Cretensis
1303 1298 1392 1326 vr.7.
1415 1297 1423 1312 ‘
1436 1296 1566 1327 Notus-

861 1350 924 1381 que
940 1343 1015 1372 adeo
1031 1343 1094 1381 ejus
1116 1344 1245 1383 domus-,¹
1262 1345 1317 1376 ubi
1334 1346 1436 1376 etiam
1454 1348 1564 1387 prima

860 1402 924 1422 vox
941 1393 1051 1424 active
1070 1395 1219 1434 ponitur,
1239 1401 1276 1426 ut
1299 1396 1445 1436 ineptiat
1461 1397 1562 1430 Joan.

860 1442 1050 1483 Goduinus‚
1063 1445 1119 1485 qni
1132 1450 1283 1476 nostrum
1301 1446 1501 1478 barbarismi
1518 1449 1564 1478 in-

869 195 1027 225 BELLO
1062 193 1261 228 HTSPAN.

860 1493 1006 1524 simulat.
1030 1495 1142 1526 Dacis.
1178 1496 1284 1526 Plura
1306 1498 1464 1538 exempla
1484 1499 1562 1530 vide

860 1543 948 1582 apud
980 1544 1114 1574 Manut.
1142 1551 1175 1576 et
1204 1545 1238 1577 J.
1270 1546 1306 1576 F.
1337 1546 1488 1578 Gronov.
1518 1547 1562 1578 ad

860 1593 970 1624 Cicer.
990 1594 1054 1633 Ep.
1076 1595 1169 1626 Fam.
1185 1605 1218 1626 v.
1236 1598 1285 1626 12.
1308 1596 1317 1613 ‘
1332 1596 1464 1636 Ignotis
1480 1602 1562 1629 nota

858 1642 1028 1684 faciebat‚’
1053 1649 1088 1675 et
1108 1646 1205 1676 Viros
1222 1646 1341 1677 doctos
1364 1649 1407 1679 ad
1426 1647 1561 1680 Phaedr.

859 1694 896 1724 F.
924 1703 974 1725 xr.
1001 1695 1010 1711 ‘
1027 1695 1166 1736 Ignotos
1193 1695 1292 1737 fallit,
1314 1698 1403 1728 notis
1428 1703 1480 1729 est
1503 1698 1560 1729 de·

858 1744 962 1775 risui.'

901 1798 940 1825 12
958 1795 998 1826 L.
1014 1796 1134 1826 dulium
1151 1797 1330 1838 Paciecum]
1348 1799 1393 1830 Et
1409 1799 1472 1830 hoe
1489 1809 1560 1831 cre-

856 1844 898 1875 do
926 1855 1105 1886 operarum
1143 1849 1254 1888 culpae
1285 1850 1558 1890 adtribuendum,

856 1897 911 1937 qui
935 1897 969 1928 in
997 1899 1060 1929 Ed.
1086 1900 1208 1940 Scalig.
1233 1906 1477 1940 expresserunt
1502 1903 1561 1933 Ju-

854 1947 930 1978 lium
960 1958 1020 1988 pro
1049 1949 1192 1990 Junium,
1218 1955 1256 1981 ut
1283 1956 1333 1981 est
1358 1951 1392 1982 in
1415 1952 1500 1983 Mss.
1522 1957 1559 1984 et

855 1997 966 2028 Editis
993 1999 1177 2039 prioribus:
1203 2010 1265 2031 nec
1293 2002 1382 2033 male
1410 2003 1558 2043 suspica-

856 2047 911 2078 tur
927 2049 1113 2089 Manutius,
1139 2051 1179 2086 Q.
1198 2052 1342 2092 Junium,
1364 2052 1557 2094 Hispanum

854 2099 1035 2139 hominem,
1062 2101 1103 2132 de
1134 2112 1200 2143 quo
1226 2103 1265 2133 Β.
1295 2103 1338 2134 G.
1369 2113 1402 2135 v.
1428 2107 1480 2136 27.
1506 2109 1558 2136 est

854 2150 994 2189 mentio,
1007 2151 1157 2191 ejusdem
1171 2150 1308 2183 familiae
1322 2151 1438 2184 fnisse.
1464 2154 1558 2184 Prae-

854 2208 974 2232 nomen
990 2201 1044 2232 hie
1057 2211 1123 2232 non
1138 2203 1291 2240 agnoscit
1310 2204 1426 2235 Petav.
1439 2204 1557 2235 habet-

855 2259 919 2289 que
933 2259 1009 2281 cum
1022 2251 1109 2282 Edd.
1125 2251 1241 2291 primis
1253 2253 1448 2293 Paciequnm.
1462 2253 1555 2284 Leid.

853 2309 920 2330 sec.
938 2300 1113 2339 Poeietum,
1130 2306 1167 2332 ut
1188 2306 1241 2331 est
1265 2303 1364 2342 vulgo
1389 2304 1476 2343 apud
1502 2304 1557 2335 Ci-

854 2360 923 2382 cer.
951 2351 992 2381 ad
1016 2351 1090 2382 Att.
1119 2361 1183 2382 xu.
1211 2355 1260 2384 ll.
1292 2353 1358 2383 Sed
1383 2354 1556 2384 Paciaecum

855 2410 917 2440 per
936 2401 1190 2441 Diplithongnm
1214 2401 1322 2433 edidit
1340 2403 1496 2433 Graevius
1512 2403 1554 2434 ad

854 2451 946 2481 Fam.
964 2451 1028 2491 Ep.
1049 2460 1094 2482 vx.
1111 2454 1162 2482 18.
1186 2457 1222 2482 et
1245 2452 1293 2482 ita
1310 2451 1436 2493 ubique
1452 2453 1556 2484 scribi

852 2506 945 2532 amat
970 2501 1158 2538 Manutius,
1183 2506 1220 2532 ut
1243 2506 1280 2532 et
1302 2502 1442 2541 Pighius
1465 2502 1554 2542 apud

851 2552 966 2582 Valer.
992 2553 1085 2583 Max.
1102 2561 1134 2582 v.
1151 2555 1182 2584 4.
1199 2553 1213 2592 §
1229 2554 1258 2582 3.
1282 2553 1345 2583 Ex.
1368 2555 1398 2584 3.
1424 2553 1478 2582 ubi
1502 2561 1554 2583 ea-

852 2602 927 2633 dem
943 2603 977 2633 in
994 2603 1077 2633 Μεε.
1095 2602 1257 2634 confusio.

895 2655 933 2683 15
959 2653 1029 2688 Qua
1045 2653 1074 2683 ri
1091 2653 1285 2693 tempestatis
1308 2653 1352 2682 ita
1375 2650 1553 2681 obscuraba-

851 2707 913 2743 tur,
925 2708 959 2735 ut
975 2704 1030 2735 rix
1043 2704 1219 2744 proaeimum
1240 2711 1417 2741 cognoscere
1435 2700 1552 2740 posset]

850 2754 971 2785 Petav.
996 2754 1113 2794 Cujac.
1141 2758 1177 2784 et
1202 2752 1341 2783 Nonio.
1362 2750 1445 2781 dant
1463 2759 1550 2791 quem
