1850 3109
270 162 381 202 1454

271 265 326 296 Sic
342 264 468 303 legitur
481 264 511 294 iu
529 263 645 300 Mstis3
671 269 705 294 et
719 268 811 294 recte
822 262 968 303 quidem.

271 315 391 346 Licero
404 315 445 345 de
462 314 523 345 Or.
542 323 581 344 ιι.
595 317 646 344 70.
673 315 681 329 ‘
697 314 734 344 Id
749 322 881 353 quoqne
897 317 969 343 toto

271 366 383 405 capite
410 365 539 402 annuit,
569 369 606 394 ut
636 373 670 393 se
702 364 821 394 Crasso
851 360 970 391 dai-et:

270 416 437 456 Sulpicius
462 416 607 444 Severus
633 413 724 443 His-t.
753 412 846 441 Sacr.
871 420 894 440 1.
919 413 970 441 23.

269 468 278 481 ‘
297 464 500 495 Gabaonitae
515 480 557 484 —
572 462 661 492 ultro
682 470 716 491 se
733 459 891 490 Hebraeis
915 459 972 488 de-

273 513 418 544 derunt.'
455 512 529 542 Hoc
553 521 627 541 cum
653 519 717 540 non
741 509 973 547 intelligerent

271 564 383 594 editor
402 563 570 593 Romanus
587 566 622 591 et
640 560 703 590 Ph.
722 559 922 597 Beroaldus,
939 559 972 589 in

272 614 335 644 §llis
353 612 558 643 editionibus
575 612 666 651 legas
681 620 712 640 sc
727 613 818 650 atque
831 609 974 649 oppidum

275 663 391 692 Caesari
421 661 564 695 dedIde't3
599 669 672 700 quae
698 658 857 699 loquendi
887 658 973 688 ratio

273 711 378 752 magis
393 716 443 741 cst
462 710 654 750 proletaria.
687 709 797 740 Daris.
831 707 974 738 Fallitur

273 761 442 793 Davisius.
468 761 554 792 Nam
566 760 682 790 dedidit
695 764 743 789 est
759 759 791 789 in
803 758 886 789 Mss.
897 758 974 797 Cuj.

274 811 352 842 Pet.
370 811 458 842 Scal.
478 811 583 850 Bong.
603 809 698 840 Leid.
716 809 812 839 Voss.
828 807 974 845 13rant'ii,

275 862 431 892 Ciaccon.
449 860 633 891 etalioruni
646 868 721 889 cum
734 857 821 889 Edd.
836 858 867 888 M
875 857 975 887 ediol.

275 912 412 942 Vascos.
438 910 555 950 steph.
584 909 716 948 Gryph.
739 912 827 948 post.
855 907 973 938 Recte.

274 961 363 991 vide
380 960 421 991 ad
443 961 482 991 B.
502 960 543 990 G.
559 968 598 989 ιι.
616 961 667 989 15.
691 959 699 974 ‘
717 967 752 988 se
770 967 823 998 po.
845 957 904 987 Ro.
919 956 976 986 de-

275 1009 464 1041 ‹lidissent.’

318 1069 386 1091 xu.
416 1064 435 1091 S
471 1060 560 1090 Clam
585 1056 739 1098 profugit.
770 1055 979 1095 Apolloniates

274 1114 313 1143 ad
343 1112 512 1152 Coesarem]
561 1111 642 1142 Mss.
681 1110 802 1139 Brant.
837 1107 977 1138 Norvic.

275 1163 374 1193 editt.
392 1162 586 1193 Ron1.Ven.
602 1159 760 1190 Beroald.
774 1158 915 1198 aliaeque
928 1167 979 1187 re—

276 1217 485 1253 praesentant
522 1212 600 1241 clam
630 1208 773 1249 profugit
804 1207 980 1248 Apollonia,

277 1263 329 1294 vel
359 1263 397 1293 ab
427 1261 603 1302 Apollonia,
632 1259 816 1290 Str-uberius.
861 1258 913 1288 Illi
939 1258 979 1287 ad

278 1314 507 1350 Coesare111,c)·c.
536 1310 604 1340 Sed
618 1308 780 1339 Staberius
797 1317 911 1338 verum
929 1311 981 1337 est

277 1372 412 1400 nomen,
430 1366 465 1392 ut
489 1370 531 1391 ex
549 1359 696 1399 antiquis
716 1358 886 1398 lapidibus
903 1367 981 1388 con-

279 1419 357 1445 stat.
385 1414 486 1444 Hunc
504 1412 682 1452 Appianns
702 1411 740 1441 B.
754 1411 792 1441 C.
805 1419 843 1440 ιι.
862 1412 979 1450 ρ.46·2.

278 1463 445 1503 Σταμέριον
475 1467 599 1500 vocat;
641 1461 817 1500 Interpres
842 1460 981 1491 Latinus

281 1515 450 1552 Tiberium,
474 1514 530 1553 qui
554 1523 595 1543 ex
621 1512 742 1542 Caesare
766 1515 844 1542 sunt
867 1520 981 1541 emen-

279 1565 392 1596 dandi.
424 1565 534 1595 Daris.
574 1562 783 1594 Quibuscum
803 1562 887 1592 Mss.
904 1570 982 1591 con-

279 1615 430 1646 sentiunt
460 1615 543 1644 Mss.
573 1613 659 1651 Reg.
688 1617 724 1642 et
750 1611 843 1642 Voss.
880 1609 980 1643 Quod

280 1664 398 1696 eodem
415 1664 545 1694 recidit.
577 1663 684 1692 Clark.
712 1660 882 1701 Rescripsi
897 1660 981 1700 prof.

281 1715 440 1757 Apollonia
465 1713 635 1744 Staberius.
687 1712 739 1742 Illi
775 1711 981 1742 auctoritate

280 1765 448 1795 Mstorum
462 1763 608 1793 oninium
621 1766 689 1792 tam
704 1770 868 1798 meorum,
883 1770 983 1801 quam

280 1823 363 1855 quos
372 1814 490 1854 reliqui
503 1813 717 1851 Interpretes
731 1811 982 1841 consuluerunt.

281 1863 330 1896 Ab
345 1865 449 1904 Apoll.
474 1864 539 1894 Ms.
556 1863 675 1892 Brant.
695 1861 787 1891 Carr.
806 1860 881 1890 Pal.
901 1860 982 1890 Lov.

280 1917 389 1947 Dorv.
422 1919 458 1945 et
487 1914 582 1944 Leia.
612 1923 677 1943 sec.
704 1917 740 1942 ct
767 1911 851 1942 Edd.
883 1912 983 1942 Vasc.

281 1965 395 2005 steph.
408 1965 559 2004 alia‘quc.
593 1964 646 1993 De
664 1971 729 2002 quo
747 1961 800 1991 adi
817 1960 858 1990 ad
875 1970 924 1991 vr.
937 1964 967 1991 3.

326 2017 365 2046 12
388 2014 538 2045 Facturos
552 2012 751 2053 pollicentur]
776 2012 853 2042 Urs.
869 2012 982 2042 Ciacc.

281 2065 400 2096 Brant.
427 2075 445 2094 e
469 2063 536 2094 suis
560 2062 669 2094 Codd.
703 2063 818 2092 volunt
842 2061 919 2091 addi
942 2072 985 2092 se.

282 2115 369 2146 Quae
397 2114 566 2154 particula
594 2112 764 2143 invenitur
792 2120 924 2151 quoque
952 2111 984 2140 in

282 2166 364 2197 Lov.
382 2165 489 2195 Dorv.
507 2163 601 2194 Leid.
619 2172 687 2192 sec.
705 2166 739 2192 et
755 2161 840 2191 Edd.
856 2161 984 2201 primis,

281 2224 321 2246 ac
345 2215 445 2245 Vasc.
473 2213 588 2252 steph.
612 2212 680 2242 Str.
711 2212 770 2242 Gr.
798 2216 884 2250 post.
918 2211 984 2241 Sed

283 2269 374 2295 amat
401 2274 474 2295 caui
499 2265 530 2293 in
557 2263 647 2293 hisce
673 2262 830 2292 omittere
859 2262 984 2292 Caesar.

282 2314 370 2345 Vide
385 2314 427 2345 ad
445 2314 484 2344 Β.
504 2313 592 2344 Gall.
611 2322 635 2343 1.
651 2315 703 2343 31.
721 2314 772 2342 32.

328 2373 408 2394 xm.
441 2367 459 2393 3
484 2364 584 2393 Simul
604 2373 640 2394 ac
670 2364 858 2393 C.-tantus
874 2361 987 2401 tem-or]

286 2414 447 2446 Nonnihil
497 2414 606 2444 niulca
650 2418 702 2443 est
742 2412 813 2442 haec
852 2412 984 2442 Oratio.

286 2463 479 2503 chcndum
506 2463 651 2501 videtur,
667 2464 719 2493 vel
735 2463 824 2503 quod
849 2463 880 2492 in
907 2461 984 2492 Edi-

285 2515 377 2546 tione
409 2514 551 2555 quadani
580 2515 718 2554 antiqua
750 2515 873 2553 reperi,
903 2517 985 2544 cont.

284 2566 360 2599 Quo
375 2565 466 2595 simul
481 2575 516 2594 uc
544 2566 650 2594 (asar
665 2566 734 2603 adp.
756 2565 786 2593 d.
803 2567 919 2602 tantus,
933 2565 984 2602 ὅτ.

286 2615 364 2654 Vel,
380 2625 421 2645 ex
441 2615 505 2644 Ms.
527 2613 628 2651 Regio
653 2619 722 2643 lota
742 2613 904 2643 Periodus
923 2613 985 2643 hoc

287 2665 536 2704 modolegcnda
547 2670 581 2694 et
603 2664 898 2704 interstinguenda
914 2670 984 2694 est:

286 2716 333 2748 At
347 2716 525 2757 Pompeias,
541 2714 673 2755 cognitis
689 2715 726 2745 iis
739 2715 839 2754 rebus,
854 2716 905 2754 ἃς.
919 2724 986 2745 con-

732 168 874 198 No'rffl
908 154 1127 196 ιἈιιιοιω
1139 166 1169 195 M
1207 166 1255 195 ιΝ

1020 260 1131 298 tetulit,
1152 260 1250 290 simul
1277 268 1315 289 ac
1334 259 1440 287 s'oesar
1457 265 1526 296 (ηψ-
1543 255 1574 286 d.
1592 258 1722 285 tantus-

1021 320 1084 350 que
1102 313 1213 348 terror,
1234 311 1285 347 osv.
1329 307 1435 338 Clark.
1482 306 1550 339 Quo
1570 303 1724 334 inserunt

1021 361 1158 391 Vnscos.
1175 360 1291 398 Stcpli.
1309 357 1432 389 Strada
1446 360 1482 386 ct
1507 354 1570 385 Ed.
1591 352 1724 393 Gryph.

1023 414 1110 448 post.
1146 409 1206 439 Uti
1233 409 1265 438 in
1286 408 1394 447 Regio
1419 410 1470 436 est
1493 403 1593 441 Cod.,
1614 411 1725 435 emen—

1022 458 1170 489 dandum
1187 467 1318 498 quoque
1331 460 1510 487 censuerat
1523 453 1676 491 Ursinus,
1689 457 1727 483 et

1022 506 1240 537 confirmatur
1256 507 1385 545 optimo
1402 504 1610 537 Petnv.item
1627 503 1725 533 Voss.

1024 556 1120 586 Leid.
1135 566 1203 587 sec.
1220 561 1255 587 et
1274 556 1417 586 Dorvill.
1437 556 1491 595 qui
1505 554 1570 585 duo
1587 553 1730 593 posteri-

1025 616 1099 637 ores
1110 616 1170 646 pro
1183 617 1218 637 ac
1231 605 1312 636 dant
1322 609 1350 635 (t
1363 615 1438 636 cum
1452 605 1561 636 l’alat.
1573 609 1607 635 et
1619 604 1728 642 Boug.

1025 657 1110 688 Mihi
1127 655 1343 687 scribendum
1361 664 1435 685 esse
1452 654 1586 685 videtur
1608 656 1730 684 conten-

1023 707 1083 737 dit.
1107 706 1208 737 Simul
1233 707 1340 736 Caesar
1354 705 1425 744 adp.
1448 703 1615 735 dicebatur.
1650 703 1729 733 Tan·

1023 761 1130 798 tuisque
1147 761 1172 789 t.
1196 756 1283 787 Vide
1305 766 1328 787 1.
1349 759 1398 786 l-l.
1426 755 1642 785 Hotomanno
1659 753 1729 793 pla-

1026 813 1082 839 cet
1110 812 1187 848 post
1211 810 1307 846 gestae
1334 806 1435 836 inseri
1462 805 1518 835 illa
1543 805 1606 835 hoc
1629 803 1730 835 modo

1024 857 1117 888 simul
1130 858 1207 897 quod
1227 858 1262 887 (¹.
1280 858 1350 896 adp.
1368 857 1398 886 d.
1421 854 1614 895 Dyrraccliio
1631 857 1656 884 t.
1677 854 1730 891 ᾴσ.

1028 908 1213 946 Tantusque.
1246 906 1396 937 Gruteru
1411 905 1453 934 ‹le
1469 913 1561 935 more
1578 914 1597 934 a
1611 906 1732 934 conten-

1026 956 1074 987 dit
1091 966 1196 998 usque
1215 955 1255 986 nd
1282 959 1442 994 tantusque
1465 959 1541 986 sunt
1559 958 1732 993 suspecta.

1028 1005 1129 1036 Simul
1155 1015 1218 1046 pro
1245 1004 1363 1036 eodem
1390 1011 1543 1044 tempore
1563 1012 1653 1043 saepe
1677 1012 1733 1034 oc·-

1029 1056 1148 1086 currit.
1187 1056 1278 1096 Nep.
1297 1055 1408 1086 Hann.
1426 1064 1456 1086 c.
1474 1057 1505 1085 2.
1536 1055 1544 1070 ⁴
1563 1053 1660 1085 simul
1678 1062 1732 1083 me

1029 1105 1071 1136 ad
1091 1115 1182 1136 aram
1199 1105 1363 1136 adducit!
1390 1103 1485 1135 Infra
1501 1114 1528 1136 c.
1543 1106 1595 1134 28.
1614 1106 1622 1121 ‘
1639 1112 1731 1144 para-

1029 1155 1107 1186 bat:
1133 1156 1230 1186 simul
1254 1155 1295 1185 de
1313 1154 1488 1185 deditione
1513 1153 1658 1195 agebat.'
1691 1153 1734 1184 V.

1031 1207 1122 1238 Cort.
1139 1206 1181 1236 ad
1199 1206 1278 1236 Sall.
1297 1206 1336 1236 B.
1356 1206 1432 1236 Cat.
1450 1215 1479 1236 c.
1497 1208 1549 1236 43.

1074 1259 1092 1286 -t
1122 1256 1238 1286 Incidit
1253 1254 1420 1294 exercitui]
1447 1254 1537 1286 Quia
1553 1254 1630 1286 alibi
1646 1254 1735 1285 solet

1032 1308 1148 1338 Caesar
1179 1306 1293 1337 dicere
1324 1305 1460 1344 incessit,
1480 1304 1613 1335 dubitat
1637 1304 1735 1335 ciac-

1033 1357 1161 1395 conius,
1178 1366 1254 1386 num
1273 1359 1308 1386 ct
1332 1355 1396 1385 hoc
1423 1355 1496 1385 loco
1521 1354 1555 1385 id
1573 1363 1738 1393 reponen-

1033 1406 1111 1436 dum
1125 1406 1178 1436 sit.
1217 1404 1308 1436 Miro
1324 1395 1558 1443 sanejudicio.
1593 1403 1735 1434 Incidere

1033 1457 1194 1487 (licuntur
1207 1455 1291 1486 mala
1304 1455 1414 1485 omnia
1429 1453 1605 1494 repentina
1621 1464 1628 1483 z
1648 1454 1737 1485 nude

1034 1509 1073 1539 B.
1089 1509 1133 1539 G.
1149 1517 1188 1538 ιι.
1205 1511 1254 1538 14.
1278 1509 1287 1524 ‘
1301 1507 1414 1547 Siqua
1429 1506 1515 1536 bella
1530 1505 1734 1536 inciderint.'

1034 1560 1179 1591 Consule
1194 1560 1243 1590 Cl.
1260 1559 1376 1589 Burin.
1391 1557 1432 1587 ad
1451 1557 1552 1588 Ovid.
1570 1557 1654 1588 Met.
1670 1565 1736 1587 vn.

1033 1613 1107 1641 513.
1139 1611 1148 1626 ⁴
1171 1609 1254 1639 Dira
1277 1609 1349 1639 lues
1374 1609 1422 1638 ira
1444 1607 1576 1647 populis
1591 1607 1739 1638 Jnnonis

1033 1661 1156 1701 iniquae
1180 1660 1304 1690 Incidit
1323 1659 1340 1696 3'
1368 1664 1401 1689 et
1425 1668 1522 1699 quein
1548 1657 1593 1689 ibi
1611 1658 1739 1697 laudat,

1035 1711 1186 1742 Broukli.
1203 1710 1243 1740 ad
1260 1710 1420 1749 l'ropcrt.
1445 1718 1469 1739 1.
1492 1711 1542 1739 15.
1579 1709 1588 1725 ‘
1606 1708 1642 1739 Si
1658 1707 1739 1748 quid

1033 1760 1149 1791 durius
1167 1760 1265 1791 iucid¹
1300 1759 1348 1790 .t.'
1390 1760 1464 1789 Liv.
1484 1767 1525 1789 ιι.
1543 1761 1596 1789 27.
1627 1759 1637 1775 ⁴
1657 1758 1738 1790 Cer-

1035 1816 1147 1842 tamen
1174 1820 1253 1841 com
1271 1810 1366 1840 ...bus
1392 1809 1580 1840 iucitlcrat.'
1627 1808 1737 1840 Meta-

1035 1861 1139 1901 phora
1152 1861 1255 1891 ducta
1265 1870 1284 1890 a
1299 1864 1503 1899 tempestate
1517 1865 1552 1890 et
1564 1864 1677 1897 vento,
1687 1859 1737 1889 in-

1033 1911 1227 1941 cidentibus
1245 1911 1277 1940 in
1295 1915 1458 1949 segetem,
1469 1918 1600 1947 navem,
1612 1911 1676 1940 &c.
1691 1909 1736 1940 V.

1035 1960 1136 1992 Cerd.
1155 1961 1195 1990 ad
1212 1961 1306 1999 Virg.
1325 1960 1452 1998 Gom-g.
1471 1968 1511 1989 ιι.
1530 1962 1601 1989 118.
1624 1959 1737 1990 Cicer.

1036 2020 1098 2051 pro
1127 2010 1199 2050 Lig.
1230 2020 1304 2049 cap.
1333 2012 1365 2039 6.
1401 2010 1409 2024 ‘
1442 2008 1555 2039 fatalis
1584 2007 1738 2049 quaedam

1036 2061 1208 2092 calamitas
1240 2058 1430 2091 incidisse?
1466 2060 1556 2089 Fam.
1573 2059 1636 2099 Ep.
1661 2059 1684 2089 l.
1701 2067 1737 2089 v.

1038 2114 1087 2141 17.
1119 2114 1128 2127 ‘
1146 2110 1235 2140 Viris
1251 2109 1334 2140 tales
1351 2118 1445 2139 casus
1463 2108 1642 2138 incidisse?
1669 2107 1739 2139 No·

1037 2161 1173 2192 tandum
1200 2170 1277 2191 vero
1301 2169 1363 2199 pro
1377 2159 1529 2189 exercitui
1543 2158 1574 2188 iu
1591 2157 1738 2197 integer-

1037 2212 1126 2242 rimis
1145 2211 1326 2242 Codicibus
1350 2209 1527 2240 I’etavian.
1552 2209 1676 2239 Lovan.
1703 2211 1740 2239 et

1038 2263 1133 2294 Leid.
1167 2272 1216 2302 pr.
1258 2261 1400 2301 relinqui
1430 2259 1594 2290 exercitus.
1646 2258 1742 2297 Fors,

1037 2313 1115 2354 quia
1129 2313 1201 2351 ipse
1218 2312 1332 2342 (Ta-sar
1343 2308 1515 2348 scripserit
1526 2307 1666 2339 exercitu
1675 2317 1685 2338 .·
1695 2307 1739 2339 de

1038 2372 1102 2403 qno
1120 2361 1247 2393 Dativo
1271 2359 1326 2390 adi
1341 2359 1381 2389 ad
1404 2359 1445 2388 B.
1464 2358 1505 2388 G.
1525 2366 1548 2388 1.
1567 2360 1618 2387 10.
1663 2356 1740 2388 Nisi

1037 2412 1119 2441 velis
1143 2420 1218 2441 cum
1244 2412 1343 2439 terror
1363 2408 1522 2447 jungere,
1546 2411 1583 2437 ut
1603 2406 1738 2437 incidere

1035 2461 1189 2491 absolute
1211 2464 1377 2499 ponatur;
1406 2458 1453 2488 uti
1480 2456 1519 2488 fit
1541 2456 1738 2496 saepissime.

1037 2509 1135 2543 Quod
1166 2509 1386 2539 veliementer
1416 2507 1633 2537 confirmaret
1666 2507 1737 2537 vul-

1038 2566 1148 2599 gatam
1165 2560 1344 2591 lectionem
1360 2568 1396 2589 ιι.
1410 2562 1460 2589 29.
1483 2561 1492 2575 ‘
1508 2558 1653 2598 Magnus
1669 2567 1737 2589 om·

1036 2611 1127 2641 nium
1146 2611 1281 2641 incessit
1300 2610 1424 2641 tinior.’

1082 2664 1118 2691 rt
1153 2662 1370 2701 I’roeoccupato
1401 2660 1528 2700 itinere]
1554 2659 1608 2691 Sic
1629 2659 1736 2691 Aldus

1038 2718 1071 2744 ct
1086 2713 1235 2753 Scaliger
1251 2723 1290 2744 ac
1307 2713 1469 2754 deinceps
1487 2712 1607 2753 reliqui
1622 2711 1738 2744 edide-
