1850 3109
430 214 534 243 cAr.
564 201 634 242 70.
669 210 764 240 ms.
798 211 862 240 nr.
895 209 1051 239 nunno
1083 210 1249 240 Arme.

106 312 179 351 ptdo
204 308 270 340 tide
297 308 380 339 Mss.
406 305 492 336 Scal.
511 304 604 334 Leid.
621 313 670 343 pr.
717 303 803 333 Vide

106 368 209 401 supra
235 359 276 389 ad
300 367 329 389 c.
348 359 400 387 36.
431 356 440 372 ‘
459 354 643 385 Castellum
668 358 720 383 est
747 363 804 393 po-

108 410 216 442 titus!

151 463 188 490 13
215 458 331 497 Murio]
355 455 409 488 Sic
428 454 569 495 primus,
586 453 674 494 quod
690 453 805 492 sciam,

104 508 256 548 Scaliger
282 506 416 546 inprimi
443 505 574 535 curavit
599 513 659 544 pro
684 503 803 534 Biotin.

105 559 182 591 Qua
208 557 412 588 auctoritate
438 555 563 586 nescio.
609 555 650 585 In
683 554 805 585 Petav.

104 611 156 639 est
188 606 309 637 Bivcio.
370 606 409 636 In
439 605 527 636 Scal.
561 606 663 636 Mucio
694 614 805 644 supra-

103 657 231 697 scripto
246 666 288 686 u:
310 660 348 687 ut
371 656 522 694 credam,
548 665 623 687 eum
649 660 803 686 secutum

103 715 179 738 esse
204 715 301 738 suum
331 706 497 737 codicem.
554 707 593 736 ln
623 706 718 737 Leid.
752 715 801 745 pr.

104 757 235 788 Mincio.
280 756 423 787 Minnius
441 757 493 786 vel
516 756 654 787 Ninnius
667 756 720 786 vel
737 755 804 786 Mi-

104 807 209 837 nutius
223 807 362 845 Reginus
377 806 526 838 occurrit
541 806 630 846 apud
644 807 716 838 Cic.
728 806 750 837 l.
767 815 803 836 x.

103 858 145 889 ad
163 858 238 890 Att.
257 860 321 899 Ep.
337 862 388 889 17.
412 858 468 889 ubi
484 859 526 889 V.
542 858 683 889 Corrad.
728 858 804 888 Bio-

102 909 147 939 tio
170 909 294 940 babent
309 918 383 939 cuui
402 908 490 939 Edu.
520 909 687 948 prioribus
708 907 805 939 Leid.

104 968 171 991 sec.
193 965 229 990 et
253 960 398 990 Dorvill.
443 961 498 990 De
521 959 652 990 Ninniis
668 959 745 990 vide
773 959 805 992 J.

106 1011 143 1041 F.
157 1010 306 1042 Gronov.
325 1010 409 1041 Ohs.
426 1018 473 1040 lv.
491 1013 520 1041 4.

147 1068 248 1091 mclx.
266 1062 284 1089 :3
308 1059 439 1099 Adorei]
455 1060 564 1098 Legas
580 1060 680 1090 velim
696 1059 807 1090 oborti.

104 1109 182 1140 Non
205 1109 293 1139 enim
311 1109 456 1139 Caesaris
477 1109 592 1148 copias
618 1109 807 1146 invaserant,

105 1158 196 1199 quod
225 1150 385 1189 adoriendi
411 1162 465 1188 est
493 1162 655 1197 potestas.
695 1158 806 1189 Dacis.

105 1218 178 1239 cur.
205 1217 272 1239 sec.
340 1207 556 1239 Contrarium
588 1211 686 1247 patet
712 1217 731 1238 e
757 1217 807 1237 se-

106 1257 300 1298 quentibus,
318 1266 381 1288 nec
399 1257 513 1288 obstat
529 1257 615 1297 quod
635 1265 733 1288 casus
749 1256 806 1287 de-

108 1307 164 1339 sit.
209 1307 263 1338 Sic
280 1307 367 1338 enim
384 1307 486 1337 etiam
500 1316 530 1337 c.
545 1309 597 1337 95.

145 1360 165 1388 4
190 1357 372 1397 Exsistunt]
397 1357 539 1388 Codices
564 1357 715 1388 nonnulli
739 1367 808 1388 exe-

106 1411 171 1438 unt.
218 1408 284 1439 Sed
314 1408 421 1449 proba
445 1411 499 1438 est
524 1407 662 1448 vulgata
685 1408 806 1439 lectio:

105 1458 152 1490 sic
169 1459 257 1490 enim
283 1468 385 1499 supra
401 1468 430 1490 c.
446 1461 478 1488 7.
505 1458 514 1475 ‘
532 1458 577 1489 Et
593 1457 706 1489 subito
722 1458 808 1489 exsi-

104 1509 214 1540 liunt!
259 1508 326 1540 Sed
345 1508 489 1540 Codices
506 1508 663 1549 plerique
680 1508 808 1539 habent

105 1560 272 1590 exsistunt.
312 1560 422 1590 Clark.
470 1558 523 1590 Ibi
541 1558 618 1589 vide
631 1558 737 1589 multa
753 1568 807 1589 ex-

104 1610 216 1650 empla
231 1614 266 1640 et
282 1610 336 1640 hic
353 1609 543 1649 Glaudorp.

149 1663 188 1691 14
215 1660 375 1697 Numffloe,
396 1659 530 1699 let-isque
544 1658 729 1698 armatura]
766 1659 808 1689 E-

106 1709 184 1741 ditt.
214 1710 309 1741 Rom.
326 1710 412 1740 Ven.
433 1709 592 1740 Beroald.
617 1718 809 1750 perperam,

106 1761 225 1792 omissa
241 1761 423 1801 particula,
439 1764 686 1800 repraesentant
699 1760 810 1791 Numi-

105 1811 154 1842 ‹1ae
176 1811 252 1841 let-is
267 1815 446 1842 armatur-ce.
465 1811 530 1841 Ms.
547 1811 654 1842 Norv.
671 1810 810 1842 exhibet

107 1861 254 1892 Numidae
269 1861 402 1900 levisque
416 1863 586 1900 armatura,
602 1869 640 1891 ac
656 1860 703 1890 ita
716 1869 810 1901 repo-

105 1910 263 1950 nendum,
289 1911 350 1941 nisi
375 1910 476 1950 forte,
502 1920 563 1951 pro
590 1915 706 1941 vetere
729 1911 809 1941 scri-

106 1962 209 1994 bendi
226 1962 368 2001 ratione,
393 1962 468 1993 let-is
484 1961 682 1993 nominativi
699 1962 809 2002 plura-

108 2011 148 2043 lis
165 2016 355 2043 censeatur.
381 2013 491 2043 Dacis.
537 2012 687 2052 Levis-qne
703 2021 809 2042 arma-

107 2066 194 2093 tura.
238 2062 295 2094 Sic
312 2063 393 2093 Mss.
420 2063 504 2102 Reg.
532 2067 566 2093 et
591 2062 717 2093 Eliens.
761 2062 810 2093 Si-

108 2112 234 2143 militer
250 2121 364 2151 supra,
387 2113 405 2152 ς
422 2115 450 2142 1.
477 2113 486 2129 ‘
500 2111 656 2153 equitatu
674 2112 809 2152 levique

109 2165 268 2192 armatura
281 2164 301 2198 ‚·'
323 2166 360 2192 et
374 2163 391 2202 ξ
407 2165 438 2192 3.
461 2162 470 2179 ‘
485 2162 657 2203 equitatus
675 2166 711 2193 et
727 2163 810 2193 levis

108 2211 290 2242 nrtnutura!
356 2211 410 2242 ΑΙ.
447 2212 578 2252 leuisque
615 2217 808 2244 armaturae.

109 2261 194 2294 Quae
215 2262 243 2292 si
266 2262 369 2292 lectio
387 2262 587 2301 recipiatur,
608 2266 680 2293 tum
695 2263 810 2293 subin-

110 2311 331 2352 telligendum
350 2311 415 2342 erit
431 2311 553 2342 milites.
589 2312 689 2344 Quod
705 2313 810 2343 multo

111 2360 224 2401 potius
251 2365 314 2399 est,
339 2371 440 2402 quam
466 2366 515 2401 ut,
550 2371 627 2393 cum
656 2361 809 2402 Davisio‚

109 2413 276 2442 umnaturae
301 2411 335 2441 in
360 2411 483 2451 plurali
500 2421 639 2443 numero
664 2413 810 2452 accipia-

113 2469 200 2500 mus,
231 2465 268 2491 et
295 2461 369 2491 levis
393 2462 531 2502 antique
557 2463 720 2503 scriptum
749 2472 810 2503 pro

110 2510 198 2542 leves.
223 2512 329 2543 Clark.
379 2513 475 2544 Beue
505 2513 663 2544 Davisius
694 2513 729 2543 in
759 2523 810 2545 se-

102 2561 231 2592 cundis
245 2562 332 2592 curis
344 2561 446 2593 deleri
459 2563 563 2602 jussit
575 2562 633 2593 illa
643 2564 704 2594 nisi
711 2563 812 2604 forte,

112 2609 165 2648 ξε.
208 2611 303 2642 Leues
327 2615 502 2643 armaturas
527 2613 561 2643 in
585 2613 708 2653 plurali
730 2613 812 2644 alibi

114 2668 248 2701 quoque
264 2662 359 2694 dixit.
395 2665 540 2694 Numida²
555 2664 632 2694 levis
645 2667 813 2695 amatura>

114 2709 216 2740 etiarn
230 2711 336 2742 Dorv.
352 2717 388 2744 et
399 2713 461 2744 Ed.
478 2713 617 2744 Mediol.
641 2714 813 2745 Armatam

113 2759 215 2791 etiam
227 2760 335 2792 edidit
344 2762 543 2803 Stephanus.
566 2763 633 2794 Sed
645 2764 813 2796 excidisse

116 2811 226 2851 potuit
237 2811 290 2842 hic
306 2821 369 2843 vox
383 2813 527 2852 pedites.
555 2814 676 2855 Neque
698 2814 814 2845 Numi-

1446 198 1560 241 1627

860 302 910 333 dae
929 303 1011 333 levis
1027 309 1208 334 armaturae
1227 304 1312 334 adeo
1328 304 1477 344 ineptum
1496 310 1560 336 est.

857 353 942 383 Vide
968 356 1070 384 c.14.
1099 355 1107 370 ‘
1129 354 1270 384 Pedites
1297 354 1453 385 Numidae
1479 356 1561 386 levis

857 408 1035 434 armaturae
1054 413 1130 435 cum
1149 404 1318 444 equitibus
1337 405 1563 443 procurrunt!

855 454 922 484 Seu
942 455 1037 494 plura
1055 454 1130 484 vide
1148 463 1178 485 c.
1198 457 1251 484 4⁸.
1285 455 1294 470 ‘
1315 454 1469 484 Numidis
1493 454 1564 485 sine

857 503 974 543 freni&
992 504 1231 545 peditibusque
1249 504 1331 534 levis
1349 504 1552 535 armatura-J

903 557 938 584 17
956 555 1098 584 Julianus
1121 555 1345 596 proficiscentes
1369 557 1560 595 insequeren-

856 607 920 643 tur,
937 608 967 634 et
983 605 1160 641 refugerent
1178 607 1340 641 instantes,
1355 605 1484 645 propius
1505 615 1566 635 mm

857 655 1048 695 accederent]
1074 656 1182 686 Editt.
1197 657 1292 686 Rom.
1304 658 1390 687 Von.
1403 656 1564 688 Beroald.

858 706 1021 737 exhibent
1052 706 1196 736 Juliunos
1225 707 1452 748 proficiscentes
1485 707 1566 737 inse·

854 758 1019 795 querentur
1035 758 1063 785 et
1082 754 1282 793 refugerent.-
1305 759 1423 786 stantes
1435 756 1562 796 propius

855 815 915 836 non
933 806 1135 841 accederent;
1158 806 1206 836 sic
1223 811 1259 837 et
1279 806 1342 837 Ms.
1367 806 1476 837 Norv.
1502 806 1566 837 nisi

856 858 947 898 quod
965 858 997 888 in
1015 868 1054 888 eo
1071 859 1249 889 omittatur
1271 859 1444 898 particula
1461 869 1565 900 copu-

856 908 939 946 lans,
957 907 1046 938 unde
1063 913 1194 939 mutata
1207 908 1431 939 distinctione
1453 909 1567 949 legen-

859 957 939 988 dum
963 957 1165 988 crediderim
1179 959 1324 988 Julianus
1339 958 1567 999 proficiscentes

858 1008 1092 1049 insequerentur
1112 1012 1142 1039 et
1159 1009 1335 1048 refugerent
1352 1012 1482 1047 stantes,
1494 1018 1565 1048 pro·

855 1059 928 1098 pius
943 1068 1001 1089 non
1016 1060 1214 1096 accederent;
1238 1069 1314 1089 nam
1336 1069 1365 1090 c.
1384 1062 1435 1090 70.
1457 1064 1563 1090 testa-

862 1114 914 1138 tur
930 1114 1056 1147 noster,
1069 1109 1096 1139 si
1113 1115 1182 1139 tres
1195 1114 1254 1140 aut
1271 1115 1416 1150 quatuor
1432 1114 1566 1140 vetera·

862 1157 900 1186 ni
930 1167 962 1187 se
990 1160 1220 1196 convertissent,
1250 1161 1374 1190 multos
1400 1160 1565 1190 Numidas

860 1212 956 1247 terga
969 1207 1124 1238 vertisse.
1149 1208 1261 1238 Davis.
1307 1209 1389 1238 Mss.
1405 1215 1440 1238 et
1455 1209 1564 1240 Editt.

858 1257 951 1289 vett.
975 1260 1103 1289 stantes.
1149 1259 1234 1291 Quae
1252 1262 1288 1289 et
1303 1258 1376 1298 ipsa
1392 1257 1474 1288 ferri
1491 1268 1567 1298 pos-

858 1307 902 1338 sit
919 1308 1035 1339 lectio.
1075 1308 1183 1339 Clark.
1231 1308 1275 1338 Et
1292 1308 1389 1338 abest
1406 1318 1425 1338 a
1441 1308 1566 1339 Petav.

858 1362 895 1389 et
918 1358 1017 1389 Leid.
1035 1358 1136 1399 prim.
1182 1358 1311 1389 Stantes
1323 1358 1488 1389 exhibent
1501 1359 1567 1390 Pe-

860 1412 928 1439 tav.
947 1408 1142 1448 Leidenses,
1162 1410 1274 1440 Dorv.
1293 1415 1328 1439 et
1345 1409 1434 1440 Edd.
1452 1418 1567 1440 omnes

859 1464 939 1491 ante
957 1459 1182 1500 Scaligerum,
1200 1460 1258 1500 qui
1282 1460 1435 1491 instantes
1457 1469 1475 1491 e
1501 1470 1561 1491 suo

859 1510 979 1541 codice
994 1511 1158 1551 reposuit.
1197 1511 1324 1541 Forsan
1341 1514 1370 1541 et
1387 1511 1567 1550 refugerent

859 1561 1028 1601 ejicienda
1044 1565 1134 1601 sunt,
1157 1561 1408 1602 legendumque
1423 1563 1568 1592 Jalianos

860 1611 1115 1651 proficiscentes
1146 1612 1403 1652 insequerentnr;
1434 1617 1566 1643 stantes

856 1661 984 1701 propius
1006 1671 1068 1692 non
1097 1663 1285 1692 accederent.
1348 1662 1485 1692 Certum
1516 1666 1568 1693 est

859 1712 986 1752 opponi
1004 1712 1046 1742 ab
1064 1712 1180 1742 Hirtio
1193 1711 1427 1752 proficiscentes
1439 1716 1475 1742 et
1486 1714 1571 1742 stan·

860 1765 916 1792 tes.
955 1763 1068 1794 Quare
1085 1762 1167 1793 licet
1183 1765 1213 1792 et
1226 1760 1405 1799 refugerent
1423 1762 1569 1792 retinea-

860 1822 944 1849 mus,
971 1822 1036 1853 quo
1064 1812 1170 1853 magis
1198 1812 1335 1851 inclino,
1364 1815 1484 1844 stantes
1513 1816 1567 1843 est

859 1862 1086 1894 scribendum.
1131 1862 1405 1903 Insequebantur
1420 1868 1456 1893 et
1479 1861 1568 1893 refu-

860 1912 1002 1952 giebant
1013 1912 1182 1952 Julianos,
1198 1921 1273 1942 cum
1291 1917 1390 1944 erant
1414 1912 1448 1942 in
1471 1913 1570 1943 itine-

859 1972 914 1993 re:
939 1972 1015 1993 cum
1033 1962 1183 2002 stabant,
1199 1971 1256 1993 eos
1274 1962 1413 2003 propius
1430 1971 1496 1993 non
1514 1972 1568 1994 ac-

859 2012 1042 2043 cedebant.

902 2071 985 2094 Lxx.
1000 2066 1019 2093 2
1045 2062 1146 2094 Horis
1161 2062 1214 2102 lv]
1247 2063 1304 2094 Sic
1328 2063 1413 2094 Mss.
1431 2065 1516 2105 Reg.
1534 2069 1569 2095 et

858 2113 982 2143 Vossii.
1028 2112 1096 2143 Ms.
1124 2112 1251 2143 Eliens.
1281 2117 1316 2143 et
1345 2113 1438 2144 Edit.
1464 2113 1564 2145 Rom.

862 2164 901 2193 In¹
917 2163 1001 2193 horis
1016 2172 1066 2193 xv.
1112 2162 1266 2202 Scaliger
1292 2167 1327 2193 et
1344 2163 1567 2195 Recentiores

860 2211 893 2242 in
921 2213 1027 2243 horam
1053 2215 1207 2252 quartam.
1265 2213 1418 2243 Extremo
1446 2213 1569 2252 agmine

860 2266 912 2292 est
937 2271 998 2302 pro
1014 2261 1051 2292 ab
1078 2266 1166 2292 extr.
1192 2262 1338 2301 agmine.
1376 2262 1483 2292 Clark.
1528 2262 1569 2293 In

860 2311 943 2341 hm=is
958 2311 1084 2342 habent
1101 2311 1194 2341 Leid.
1213 2320 1282 2341 sec.
1310 2315 1346 2341 et
1363 2311 1508 2342 Dorvill.
1531 2316 1568 2343 et

861 2360 948 2391 Edd.
967 2361 1139 2401 pleraeque
1156 2365 1235 2391 ante
1252 2361 1377 2401 Scalig.
1423 2361 1490 2392 Sed
1516 2361 1568 2392 ho-

860 2411 982 2451 risjam
996 2410 1179 2442 ediderunt
1189 2411 1290 2442 Vasc.
1301 2411 1422 2451 Steph.
1434 2412 1569 2453 Gryph.

861 2466 948 2501 post.
977 2466 1012 2491 et
1039 2465 1090 2492 est
1116 2461 1150 2491 in
1168 2461 1261 2491 Msto
1278 2461 1392 2492 Ursiu.
1439 2462 1567 2493 Verum

859 2511 893 2542 in
905 2511 1014 2542 horam
1029 2510 1111 2542 dant
1127 2511 1223 2542 Leid.
1242 2520 1293 2552 pr.
1311 2516 1346 2542 et
1360 2512 1487 2551 Scalig.
1512 2512 1568 2543 An

861 2570 1018 2592 uumerus
1032 2560 1204 2601 quinarius
1220 2560 1326 2592 deleri
1343 2562 1469 2592 debet?
1486 2562 1566 2593 Cer·

865 2616 902 2642 te
919 2611 1117 2642 Ciacconius
1133 2611 1182 2641 ait
1201 2611 1283 2641 alios
1299 2611 1404 2641 libros
1421 2620 1486 2641 non
1511 2611 1568 2641 ha-

864 2660 944 2691 bere
975 2670 1009 2699 v,
1043 2665 1081 2691 ut
1107 2659 1211 2691 fuerit
1235 2661 1267 2690 in
1294 2660 1399 2690 horam
1434 2670 1459 2699 1,
1496 2661 1568 2692 sive

863 2721 982 2742 unam:
1007 2721 1083 2742 nam
1111 2712 1165 2742 vel
1196 2712 1243 2741 sic
1276 2719 1476 2750 perparvum
1515 2717 1568 2743 est

863 2762 1024 2801 spatium,
1051 2771 1118 2802 quo
1147 2770 1343 2801 progressus
1361 2760 1483 2792 fuisset
1506 2771 1568 2802 per

866 2816 972 2843 totam
986 2812 1113 2842 horam.
1158 2811 1279 2842 Paullo
1296 2816 1375 2852 post
1390 2811 1516 2851 malim,
1539 2813 1568 2844 si
