1850 3109
238 151 352 193 1562

238 256 326 287 hunc
341 256 453 287 locum
467 256 707 294 Rhenicanne:
745 269 783 290 ac
801 258 942 300 proinde

239 307 397 338 emendat
427 308 525 339 Nemo
551 309 634 339 euim
659 310 747 350 (scil.
775 311 858 347 crat)
885 311 942 350 qui

233 366 294 390 non
311 367 380 388 cum
395 358 489 397 omni,
506 359 559 397 isus.
606 359 671 389 Sed
689 369 752 389 non
770 360 823 390 hic
848 370 941 400 opus.

238 406 344 448 ,Eque
361 409 449 438 enim
463 409 584 438 Latina
601 415 665 444 est,
682 419 720 439 ac
739 410 837 449 plane
854 410 943 441 idem

237 463 344 496 sonat,
361 459 497 495 vulgata
514 459 629 489 lectio.
678 460 786 490 Clark.

283 516 336 538 LV.
356 510 393 538 12
417 506 558 547 Affectus
577 507 615 537 L.
635 508 795 547 Mergilio.
843 509 944 549 Squil-

238 558 286 586 lus
309 557 442 587 nominat
467 557 585 596 plures]
631 558 695 588 Ms.
716 559 799 599 ch.
824 559 943 599 affecit.

240 609 268 637 .-1
310 606 406 637 Lucio
445 608 594 645 Mergilio
639 608 756 648 Squillo
795 610 944 640 nominati

241 659 308 687 sunt
333 658 448 696 plures.
503 658 584 689 Mss.
615 659 742 690 Eliens.
771 665 805 690 et
833 661 944 691 Vossii

238 708 369 749 Affccit.
403 709 442 740 L.
474 710 620 747 :Vergilio
644 711 782 751 Squillus
809 713 945 743 nominat

236 760 351 798 plures.
408 760 439 790 Si
472 760 552 790 illud
581 760 689 801 afficit
721 762 862 802 probum
889 763 945 801 sit,

240 810 419 851 legendum
434 811 511 849 erit,
522 816 653 842 mutata
668 812 944 852 interpunctione

238 862 312 891 item
341 861 546 901 Calpurnium
572 861 753 893 Salviunum
779 863 946 903 (qui—co-

237 913 348 949 actus)
376 912 488 943 iisdem
516 913 704 944 cruciatibus
733 913 852 954 affi'cit.
913 914 944 945 A

241 962 278 992 L.
297 962 426 993 Licinio
441 963 569 1003 Squillo
582 963 731 994 nominati
747 968 817 994 sunt
831 965 944 1004 plures.

240 1012 301 1042 Vel
329 1013 404 1043 item
432 1013 634 1052 Calpurnium
650 1014 842 1053 Saluianum,
867 1016 945 1055 (qui

239 1064 437 1102 —aeaactusff
467 1064 574 1094 iisdem
603 1064 789 1095 cruciatibus
818 1064 944 1097 affecit.

240 1115 278 1145 L.
297 1115 456 1156 Mergilio
477 1120 512 1145 et
528 1116 679 1156 Squillus
696 1118 853 1148 nominant
876 1119 945 1158 plu—

239 1174 295 1195 res.
355 1166 421 1196 Sed
451 1172 616 1206 pra‘stare
646 1167 779 1197 videtur
806 1168 946 1207 vulgata

238 1215 356 1246 lectio.
397 1217 507 1247 Clark.
569 1217 637 1247 Pro
660 1217 775 1247 Iisdem
803 1217 835 1247 in
862 1227 946 1248 non-

239 1265 351 1305 nullis,
378 1271 416 1296 ut
444 1267 543 1306 solet,
569 1267 677 1304 isdem,
706 1272 741 1298 at
768 1268 801 1298 in
826 1268 944 1300 Leidd.

240 1315 336 1346 Idem.
381 1315 502 1355 Affecit
519 1317 622 1347 etiam
648 1317 767 1348 Petav.
786 1318 944 1349 Ciaccon.

239 1370 274 1396 et
290 1365 407 1406 Cujac.
426 1376 488 1407 pro
502 1367 583 1398 Var.
602 1368 697 1398 Lect.
742 1369 771 1399 A
799 1368 838 1399 L.
862 1370 946 1400 Mer-

236 1416 314 1454 gilio
351 1422 403 1448 est
440 1418 472 1447 in
511 1418 599 1448 Edd.
638 1418 768 1458 primis,
807 1420 945 1451 Vascos.

238 1468 359 1508 steph.
374 1473 409 1499 et
426 1469 510 1509 aliis,
522 1478 580 1499 seu
597 1470 740 1500 Mera-ilio
753 1481 763 1500 .·
787 1470 876 1511 quod
890 1471 944 1500 ha-

241 1518 321 1548 bent
339 1519 433 1549 multi
454 1519 536 1549 Mss.
589 1520 622 1549 Si
638 1520 717 1560 quid
734 1520 946 1559 mutandum,

241 1572 277 1598 ut
307 1567 454 1607 videtur,
491 1569 689 1609 recipienda
721 1570 856 1601 omnino
893 1574 946 1601 est

239 1618 409 1650 Ciacconii
427 1620 621 1651 emendatio
643 1620 751 1661 affecti
769 1622 804 1652 L.
823 1622 945 1661 Mergi-

237 1667 278 1697 Ιίο
303 1671 333 1698 et
361 1668 497 1708 Squillus
519 1670 691 1709 nominant,
715 1681 815 1711 quam
832 1671 947 1702 lectio-

238 1729 313 1750 nem
343 1720 375 1750 in
402 1720 573 1761 plerisque
601 1721 854 1761 exemplaribus
871 1731 945 1753 esse

236 1770 285 1800 ait
298 1770 539 1811 Glaudorpius.
585 1773 739 1813 Uterque
757 1779 854 1804 erant
869 1783 946 1805 con-

232 1822 354 1861 jurati,
370 1827 408 1852 ut
426 1827 522 1862 patet
540 1833 557 1853 e
575 1834 603 1854 c.
621 1827 672 1855 52.

282 1874 321 1902 14
346 1872 417 1903 HS.
436 1873 485 1912 x.]
531 1873 586 1904 Sic
604 1875 744 1905 Ursinus
763 1875 879 1906 docuit
896 1885 947 1906 re-

239 1923 444 1962 ponendum,
475 1924 496 1954 i.
525 1934 555 1954 e.
587 1925 790 1956 Sestertium
818 1925 943 1957 decies.

240 1973 359 2014 Inepte
376 1974 454 2004 olim
471 1974 639 2005 edebatur
654 1980 689 2006 et
714 1976 746 2006 in
772 1976 943 2017 plerisque

239 2024 321 2055 Mss.
361 2025 521 2055 scribitur
558 2025 721 2056 Sestertiis
758 2027 859 2056 decem
890 2027 943 2057 vel

239 2083 359 2105 ccmo:
397 2080 432 2105 et
452 2075 568 2105 statim
586 2080 713 2106 Luotat
730 2076 945 2116 quinquagies,

238 2133 304 2155 non
331 2125 567 2164 quinquaginta.
627 2126 694 2156 Pro
723 2135 744 2156 x
774 2136 854 2156 vero
885 2136 944 2158 seu

238 2174 348 2213 decies,
366 2183 438 2205 mn.
461 2176 623 2216 sexagies
649 2176 829 2215 legendnm
854 2176 944 2208 vide·

239 2228 295 2255 tur
311 2234 329 2255 e
347 2225 458 2256 Valer.
475 2226 568 2256 Max.
593 2235 643 2256 xx.
660 2229 690 2257 4.
718 2231 751 2256 et
767 2227 942 2258 saresber.

239 2274 365 2305 Policr.
397 2283 476 2305 vni.
506 2278 556 2305 15.
614 2276 672 2307 Uti
701 2276 943 2317 Glandorpius,

240 2325 450 2364 Ciacconius,
465 2330 499 2356 et
517 2326 666 2357 Gronov.
694 2327 737 2358 de
762 2327 845 2359 l‘ec.
863 2329 942 2359 Vet.

239 2383 290 2406 xv.
306 2377 337 2405 4.
350 2375 421 2414 jam
440 2381 654 2407 monuerunt.

283 2428 320 2456 15
348 2426 410 2459 Qui
438 2426 496 2455 etsi
519 2428 653 2457 maxime
674 2427 829 2467 nocentes]
874 2429 941 2459 ΜΞ.

238 2475 378 2506 Norvic.
397 2476 459 2510 Qui
471 2486 502 2505 se
518 2477 652 2507 maa-ime
668 2477 854 2515 innocentes,
865 2487 942 2508 con-

240 2531 293 2556 tra
309 2534 378 2556 rem
396 2526 500 2566 ipsam
518 2537 524 2556 :
563 2531 598 2557 at
622 2526 675 2556 alii
694 2536 732 2557 ae
745 2528 827 2558 edit.
848 2529 941 2559 Rom.

238 2578 325 2609 Ven.
351 2578 508 2608 Beroald.
525 2578 650 2608 habent
676 2579 728 2618 qni
754 2579 781 2609 si
808 2581 942 2610 maxime

239 2632 401 2663 nocentes,-
436 2639 509 2669 qua·
527 2630 659 2669 quidem
688 2631 793 2670 proba
818 2635 870 2662 est
897 2632 942 2662 lo-

239 2679 332 2710 cutio
360 2684 395 2710 ‹st
419 2680 472 2709 liic
499 2689 540 2710 ex
559 2679 722 2711 Codicum
750 2680 816 2711 fide
845 2691 942 2722 repo·

238 2730 361 2771 nenda,
387 2735 425 2762 ut
455 2731 606 2764 ostendit
631 2731 665 2764 J.
685 2732 721 2763 F.
751 2732 943 2764 Gronovius

712 162 855 195 NoTAE
887 162 1154 194 VARIORUM
1189 163 1241 194 IN

993 258 1035 289 do.
1054 258 1137 290 Pec.
1155 259 1233 290 Vet.
1251 267 1299 290 iv.
1316 261 1346 290 4.
1373 266 1450 299 pag.
1465 259 1540 290 617.
1585 256 1699 290 nmis.

994 309 1057 343 Qui
1075 309 1113 346 si,
1129 310 1181 347 &aa
1217 308 1272 339 Ita
1296 307 1449 339 restituit
1477 306 1637 338 Davisius
1653 315 1697 339 ex

993 359 1074 389 Mss.
1101 365 1136 390 et
1163 359 1271 390 Editt.
1290 359 1385 389 Vett.
1432 357 1563 390 Quibus
1581 355 1699 388 suffra·

994 415 1118 447 gantur
1137 410 1216 440 Mss.
1236 410 1319 450 Reg.
1347 414 1381 440 et
1407 408 1526 439 vossii.
1571 407 1699 448 Vulgg.

995 459 1058 493 Qui
1089 459 1167 496 etsi,
1194 461 1246 498 ᾄτ.
1294 461 1403 492 Clark.
1471 460 1507 489 Si
1537 458 1700 490 exhibent

994 509 1077 539 Mss.
1109 518 1224 540 omnes
1252 514 1287 540 et
1318 510 1405 541 Edd.
1436 509 1531 540 Med.
1559 509 1698 540 Vascos.

995 560 1128 600 Gerb.
1152 560 1270 600 Stepli.
1287 560 1440 601 aliaeque.
1486 559 1573 590 Vide
1599 557 1701 590 Acid.

995 609 1036 640 ad
1065 610 1184 641 Vellei.
1213 619 1252 641 11.
1277 613 1330 641 99.
1375 612 1469 641 Cort.
1496 610 1537 641 ad
1562 610 1642 641 San.
1660 609 1701 640 B.

995 660 1074 699 Jug.
1093 665 1145 691 85.
1163 661 1195 691 in
1212 660 1292 699 fine,
1310 665 1346 692 et
1362 661 1455 691 alios.

1040 715 1079 742 16
1111 713 1250 742 Pecunia
1279 711 1436 751 remissus]
1480 711 1536 742 Sic
1566 710 1701 751 quidem

995 762 1122 793 habent
1152 763 1237 794 Edu.
1266 772 1393 794 omnes.
1439 762 1486 793 At
1514 771 1594 792 vero
1617 761 1702 793 Mss.

998 814 1118 844 Petav.
1164 814 1290 854 Scalig.
1338 814 1466 844 Lovan.
1506 812 1702 851 Leidenses,

996 863 1095 893 Voss.
1125 863 1207 893 dant
1233 864 1379 902 pccuniae.
1424 863 1610 903 Eleganter
1633 871 1702 893 me-

996 913 1149 951 hercule,
1166 918 1200 944 et
1217 918 1329 945 acute.
1376 913 1524 943 Remisit
1538 922 1597 944 seu
1611 913 1705 944 dona-

995 964 1053 1002 rit,
1071 968 1107 994 ut
1130 965 1243 995 solent
1269 964 1455 1004 saepissime
1482 963 1586 994 etiam
1608 962 1703 1004 loqui

995 1020 1141 1054 veteres,
1176 1015 1214 1045 iis
1245 1014 1396 1045 dolorem
1433 1015 1622 1054 vulnerum,
1654 1022 1705 1045 re-

996 1068 1118 1104 spectu
1144 1065 1312 1104 pecuniae,
1338 1065 1407 1095 sive
1436 1070 1579 1105 propter
1603 1074 1705 1105 pecu-

997 1115 1096 1145 niam.
1143 1115 1272 1146 Passim
1295 1116 1421 1146 remitto
1448 1115 1506 1146 tibi
1532 1117 1618 1147 illam
1638 1125 1704 1146 rem

997 1170 1049 1195 est
1076 1165 1110 1195 in
1139 1175 1208 1196 usu.
1263 1165 1332 1196 Sed
1349 1171 1385 1196 et
1402 1175 1478 1195 cum
1497 1165 1626 1196 Dativo
1642 1165 1705 1205 rei,

997 1225 1071 1255 quae
1090 1220 1186 1246 notat
1203 1225 1366 1254 caussam,
1397 1225 1457 1246 cur
1474 1215 1574 1246 alicui
1591 1215 1706 1246 remit-

999 1270 1102 1304 tatur,
1119 1266 1208 1307 quod
1225 1271 1260 1297 et
1277 1276 1338 1297 usu
1354 1266 1446 1297 venit
1465 1266 1496 1296 in
1512 1267 1556 1305 τῷ
1577 1267 1704 1299 donare.

999 1314 1063 1346 Adi
1083 1316 1218 1347 omnino
1244 1317 1317 1348 Cel.
1335 1316 1483 1347 Gronov.
1501 1316 1587 1348 Obs.
1605 1326 1654 1349 ιν.
1671 1320 1704 1349 2.

999 1366 1126 1397 Lucan.
1154 1375 1206 1398 1x.
1235 1370 1327 1397 1059.
1353 1368 1362 1383 ‘
1380 1376 1479 1407 quam
1505 1375 1626 1405 magna
1652 1376 1705 1398 re·

997 1417 1090 1448 misit
1101 1417 1250 1449 Crimina
1265 1419 1415 1449 Romano
1430 1417 1537 1449 tristis
1555 1418 1705 1449 Fortuna

999 1467 1144 1506 pudori.¹

1042 1527 1112 1550 va.
1137 1522 1154 1549 3
1201 1519 1342 1550 Mixtam
1372 1519 1470 1549 dolori
1500 1518 1705 1559 voluptatem]

998 1570 1076 1600 Non
1094 1569 1193 1600 male.
1239 1569 1306 1600 Sed
1334 1570 1415 1600 Mss.
1441 1569 1609 1607 meliores,
1630 1574 1667 1601 ut
1684 1573 1703 1601 4

999 1620 1136 1658 Gallici,
1163 1630 1182 1650 a
1213 1620 1374 1651 Goduino
1405 1620 1481 1658 visi,
1511 1623 1548 1651 et
1583 1621 1705 1652 Petav.

999 1671 1127 1701 Lovan.
1143 1671 1268 1711 Scalig.
1286 1670 1480 1709 Leidenses,
1502 1672 1611 1702 Dorv.
1641 1670 1708 1702 Re-

999 1721 1073 1761 gius
1087 1720 1190 1762 Angl.
1208 1721 1296 1752 Edd.
1314 1722 1444 1762 primae,
1460 1722 1561 1752 Vasc.
1573 1721 1705 1762 Gryph.

1000 1776 1089 1811 post.
1117 1772 1235 1812 steph.
1266 1778 1298 1803 et
1331 1772 1406 1803 aliae
1435 1772 1563 1803 habent
1591 1773 1704 1802 dolore.

998 1823 1046 1853 Ut
1063 1822 1218 1853 Ciceroni
1243 1823 1252 1839 ‘
1271 1822 1402 1853 Mixtus
1420 1823 1567 1854 candore
1590 1822 1704 1854 nitor.¹

997 1873 1159 1904 Sallustio
1189 1874 1228 1903 B.
1245 1873 1324 1914 Jug.
1352 1883 1383 1904 c.
1398 1876 1452 1904 57.
1476 1877 1484 1890 ‘
1504 1874 1623 1905 Picem
1639 1873 1706 1905 sul-

998 1924 1104 1964 phure
1129 1924 1269 1955 mixtam
1285 1924 1305 1954 :’
1340 1925 1397 1955 ubi
1425 1925 1457 1955 iu
1488 1925 1644 1956 Excursu
1668 1932 1706 1955 v.

997 1973 1074 2004 vide
1100 1975 1276 2005 Curtium:
1311 1984 1351 2005 ac.
1379 1975 1497 2006 celeb.
1516 1975 1632 2005 Burm.
1661 1975 1703 2005 ad

997 2024 1102 2056 Ovid.
1129 2025 1219 2056 Fast.
1245 2034 1292 2056 vx.
1319 2028 1392 2056 170.
1417 2027 1425 2042 ‘
1442 2026 1622 2066 Mixtaque
1646 2035 1706 2056 cur

996 2076 1107 2106 calido
1130 2076 1174 2106 sit
1189 2076 1266 2107 faba
1283 2075 1372 2107 farre
1391 2077 1512 2116 rogas.¹
1558 2078 1644 2108 Ca‘s.
1663 2077 1704 2107 B.

997 2127 1072 2158 Civ.
1091 2136 1147 2158 ιιι.
1165 2131 1218 2158 48.
1243 2129 1251 2144 ‘
1270 2127 1408 2158 herbam
1436 2127 1621 2159 admixtam
1639 2128 1706 2159 lac-

997 2181 1030 2208 te
1047 2177 1066 2207 :¹
1096 2178 1153 2208 ubi
1169 2178 1245 2208 vide
1262 2178 1339 2208 alia.
1387 2177 1489 2219 Apul.
1507 2179 1594 2210 Met.
1613 2179 1635 2209 l.
1649 2187 1706 2210 111.

995 2237 1028 2267 p.
1059 2231 1112 2259 58.
1134 2230 1142 2244 ‘
1162 2228 1287 2259 Anetlii
1318 2229 1489 2260 modicum
1519 2239 1595 2260 cum
1619 2229 1705 2260 lauri

995 2277 1087 2309 foliis
1125 2279 1302 2309 inmixtum
1338 2288 1414 2310 rore
1449 2278 1590 2310 fontano
1604 2279 1625 2317 ;’
1665 2284 1704 2310 ut

995 2328 1082 2359 bene
1115 2329 1198 2368 legit
1229 2329 1451 2359 Wouwerius.
1513 2328 1604 2360 Ante
1628 2333 1705 2360 erat

994 2378 1164 2408 imnissum.
1210 2379 1282 2409 Liv.
1308 2388 1348 2410 11.
1373 2381 1426 2409 53.
1449 2379 1459 2396 ‘
1477 2379 1605 2410 clamor
1620 2379 1706 2410 mix-

997 2433 1050 2459 tus
1070 2428 1231 2468 ploratu)

1035 2482 1056 2509 (3
1079 2479 1203 2510 Dubius
1215 2479 1325 2519 animi]
1347 2480 1402 2510 Sic
1414 2479 1544 2520 optime
1555 2479 1708 2520 Scaliger

993 2540 1011 2560 e
1046 2539 1119 2567 suo,
1148 2535 1184 2559 ut
1217 2529 1363 2567 videtur,
1393 2529 1524 2568 codice,
1551 2536 1585 2560 et
1614 2530 1704 2568 Edd,

995 2580 1115 2610 Venet.
1133 2580 1341 2618 florentina,
1362 2581 1503 2622 aliisque
1521 2581 1637 2621 primis
1653 2591 1706 2612 re-

993 2630 1115 2661 stituit.
1156 2630 1242 2660 Nam
1259 2629 1292 2660 in
1311 2631 1450 2671 reliquis
1468 2631 1549 2661 Μεδ-
1567 2636 1603 2661 et
1616 2630 1705 2662 Edd.

996 2680 1107 2710 inveni
1120 2680 1252 2720 animus,
1274 2681 1282 2697 ‘
1297 2681 1431 2711 Dubius
1441 2681 1594 2712 consilii'
1611 2682 1705 2714 Just.

995 2739 1018 2761 1.
1042 2732 1094 2761 13.
1117 2728 1187 2761 Alii
1205 2731 1213 2747 ‘
1229 2731 1349 2762 dubius
1372 2730 1455 2772 fati‚’
1485 2733 1493 2749 ‘
1512 2731 1703 2774 fugae‚'&c.
