1850 3109
581 175 642 204 nn
676 171 789 201 x'irA
822 169 953 199 sumi
989 168 1221 198 classicis.
1521 154 1632 195 1615

167 276 413 327 pertinaciam
437 273 587 324 penitus
609 270 926 319 confringendam
950 267 1111 305 censuit.
1176 267 1210 288 ⁸0
1231 265 1248 283 '⁸‘
1270 268 1287 286 ¹*
1308 266 1441 314 ltaque
1463 278 1550 302 cum
1573 265 1628 303 sic

167 341 326 391 opidum
354 339 403 376 ab
434 337 538 374 omni
571 342 679 385 parte
711 332 994 370 circumdatum
1028 337 1140 375 esset,
1171 337 1210 366 ut
1245 329 1295 366 nil
1329 327 1509 376 operibus
1539 329 1627 365 addi

165 410 306 453 posset,
330 411 366 438 et
399 400 562 437 obsessis
585 411 706 436 rerum
737 397 886 446 copiam
909 395 1079 432 omnium
1112 406 1193 431 esse
1215 393 1381 436 sentiret,
1409 404 1547 440 aquam
1574 393 1626 428 eis

165 465 313 503 auferre
350 464 520 506 tentavit,
559 470 595 499 et
636 461 777 499 flumen
815 459 919 509 quod
954 457 1177 509 praeterfluit
1205 456 1253 494 ad
1288 455 1454 493 radicem
1483 454 1626 490 montis

165 537 359 566 avertere:
389 541 555 577 cunique
586 526 622 563 id
646 532 779 563 natura
800 536 925 562 rerum
960 523 1137 559 obstante
1166 519 1407 570 nequivisset,
1429 526 1467 556 at
1500 517 1626 554 hostes

167 606 233 630 usu
248 593 381 630 saltem
404 591 568 629 {luminis
586 590 790 640 prohibere
811 588 917 624 nisus
939 594 1038 623 erat:
1072 585 1284 636 positisque
1305 585 1480 621 adunam
1503 582 1625 632 ripam

162 656 374 705 sagittariis,
394 655 547 692 alterius
579 653 724 690 aditum
747 651 1005 701 prm-luserat.
1067 650 1155 686 Erat
1185 656 1310 684 autem
1338 648 1422 685 sons
1451 648 1557 684 vivus
1585 655 1624 686 et

163 719 368 756 abundans
390 719 491 756 liaud
514 717 648 768 procul
669 730 689 754 a
721 716 835 753 muris
856 715 976 765 opidi,
999 715 1028 750 is
1057 712 1194 750 auferri
1228 712 1330 748 nullo
1363 711 1480 748 modo
1514 724 1626 761 posse

163 783 380 828 videbatur,
415 795 531 832 (iritum
567 787 704 831 praeter
732 779 804 816 loci
838 778 1092 828 iniquitatem,
1129 776 1342 826 periculosa
1374 781 1468 812 esset
1497 787 1627 825 pugna

162 847 366 884 Romanis:
408 847 539 883 labore
560 853 684 883 tamen
707 843 847 892 ingenti
879 850 916 880 et
937 841 1162 878 indesinenti
1184 839 1391 877 certamine
1421 838 1562 883 effecit,
1585 845 1626 876 ut

163 911 210 947 ad
231 911 373 948 fontem
408 910 491 946 telis
512 908 765 951 venientibus,
801 907 1018 956 periculosa
1050 904 1223 942 hostibus
1253 910 1290 941 ct
1324 902 1491 940 difficilis
1527 909 1626 939 essct

162 975 340 1024 aquatio:
372 973 485 1023 [nis]
516 971 616 1009 unde
637 984 712 1008 non
734 978 881 1008 tantum
903 982 1042 1020 pecora
1064 968 1128 1006 sed
1152 968 1323 1005 homines
1344 967 1526 1017 plurimos
1547 965 1624 1003 sitis

160 1037 400 1075 extinxerat:
431 1048 554 1085 neque
575 1042 698 1072 tamen
722 1034 779 1070 vel
808 1033 1003 1070 minimum
1031 1032 1230 1082 proposito
1250 1030 1524 1068 movebantur:
1557 1028 1622 1066 scd

163 1108 203 1138 ut
225 1099 438 1150 periculum
471 1098 643 1148 periculo
673 1097 903 1146 pulsaretur,
927 1110 1021 1134 sevo
1051 1104 1086 1133 et
1109 1097 1194 1146 pice
1225 1094 1447 1133 ardentibus
1467 1101 1503 1130 et
1534 1100 1625 1143 apte

160 1163 366 1207 instructis,
405 1162 529 1212 ignem
566 1163 601 1199 in
635 1174 752 1211 opera
786 1162 957 1197 Romana
983 1161 1216 1208 jactabant:
1254 1168 1370 1208 atque
1403 1158 1454 1195 ita
1493 1157 1623 1195 multis

160 1227 306 1265 exustis
327 1226 426 1262 sitim
449 1239 554 1263 suam
577 1226 701 1262 alieno
722 1224 899 1261 incendio
920 1224 1182 1261 vindicabant.
1238 1223 1297 1259 Ibi
1318 1235 1407 1260 vero
1431 1228 1468 1258 et
1489 1227 1623 1258 contra

162 1291 332 1328 flammas
353 1297 390 1327 et
410 1296 540 1327 contra
562 1289 637 1326 tela
657 1296 692 1326 ot
713 1295 844 1326 contra
865 1288 984 1339 ipsam
1014 1288 1088 1325 loci
1110 1287 1376 1324 difficultatem
1396 1299 1418 1323 a
1439 1286 1624 1323 Romanis

159 1355 342 1392 acerrime
380 1353 621 1391 decertatum
654 1360 726 1398 est,
765 1365 891 1402 eoque
928 1353 1138 1396 ardentius,
1178 1365 1256 1402 qno
1294 1350 1426 1388 altiore
1462 1350 1498 1387 in
1539 1351 1624 1388 loco

159 1417 434 1461 dimicabatur,
456 1423 496 1454 ut
525 1417 718 1466 cujusque
747 1417 863 1453 virtus
891 1427 929 1454 et
958 1416 1107 1466 ignaria
1136 1416 1185 1453 ab
1213 1416 1441 1465 imperatore
1461 1421 1623 1464 totoque

159 1481 450 1532 conspiceretur
469 1480 634 1517 exercitu
653 1493 661 1516 :
694 1479 799 1529 quod
823 1486 948 1517 tamen
969 1479 1177 1517 ditlicilima
1200 1493 1258 1516 res
1279 1485 1372 1523 erat,
1389 1486 1424 1516 et
1447 1478 1556 1516 multi
1577 1491 1622 1515 ex

159 1545 343 1583 Romanis
369 1543 523 1581 assidue
542 1544 862 1587 vulneral›antur;
908 1545 1139 1594 excogitavit
1168 1544 1279 1581 aliam
1304 1543 1397 1580 viam
1419 1544 1562 1587 Caesar,
1585 1549 1623 1579 et

159 1609 301 1646 omisso
320 1608 524 1646 certamine
543 1608 677 1658 impari
698 1621 744 1646 ac
764 1608 964 1654 damnoso,
982 1608 1168 1646 cuniculis
1190 1608 1262 1645 sub
1283 1614 1420 1645 terram
1441 1606 1551 1651 actis,
1572 1605 1622 1643 ad

159 1673 278 1723 ipsius
302 1673 386 1721 jam
422 1672 539 1709 sontis
568 1684 683 1709 venas
718 1673 960 1723 penetrando
983 1673 1236 1723 ⁸¹perveniat:
1277 1673 1418 1722 quibus
1449 1670 1623 1720 praecisis

157 1743 275 1786 atque
312 1736 491 1773 aliorsum
527 1736 722 1780 derivatis,
761 1736 890 1773 subito
926 1736 1011 1774 sons
1048 1737 1217 1774 siccatus
1252 1744 1334 1774 est:
1367 1748 1454 1784 quae
1482 1747 1540 1772 res
1571 1735 1622 1771 in.

158 1800 331 1837 trinsecis
352 1806 498 1837 tantum
522 1798 666 1837 doloris
687 1800 816 1837 attulit
845 1813 890 1837 ac
912 1801 1093 1850 stuporis,
1118 1808 1159 1837 ut.
1191 1813 1264 1837 non
1287 1800 1498 1837 humanum
1523 1811 1622 1848 opus

157 1863 395 1907 crederetur,
418 1863 483 1901 sed
507 1863 693 1909 divinum,
715 1870 753 1901 ct
775 1863 882 1912 quasi
906 1864 1067 1901 Romani
1090 1865 1123 1901 in
1147 1865 1246 1901 bello
1275 1864 1348 1900 diis
1377 1863 1622 1900 auxiliaribus

157 1934 365 1972 uterentur,
387 1927 505 1964 territi
526 1926 755 1965 desisterent
783 1928 833 1964 ab
867 1929 1053 1978 incoepto‚
1085 1935 1200 1978 atque
1222 1928 1353 1965 ultima
1386 1929 1419 1963 vi
1451 1933 1622 1976 cogente,

156 2003 196 2028 se
217 1991 409 2028 traderent
430 1991 479 2027 ad
509 2003 622 2028 omne
645 1991 799 2029 victoris
829 1992 1042 2030 arbitrium.
1100 1993 1278 2030 Senserat
1306 1991 1456 2041 pridem
1478 1991 1622 2034 Caesar,

156 2053 203 2091 ad
233 2067 289 2092 res
309 2053 495 2104 gerendas
528 2068 632 2091 suam
665 2056 736 2092 sibi
757 2056 911 2094 obstare
942 2057 1200 2101 clementiam,
1223 2069 1301 2106 quo
1321 2056 1447 2092 animo
1477 2054 1622 2091 nullum

157 2115 270 2154 tinem
295 2131 414 2154 rerum
434 2117 512 2155 fore
533 2118 563 2154 si
584 2120 762 2156 omnibus
785 2133 895 2169 aeque
917 2120 1002 2169 pius
1035 2133 1167 2157 omnes
1188 2120 1235 2156 ad
1260 2119 1523 2156 rebellandum
1554 2130 1622 2168 spe

157 2180 428 2217 misericordiae
450 2180 648 2218 incitaret:
680 2182 745 2219 sed
768 2183 909 2220 invitus
941 2191 1076 2220 contra
1099 2184 1247 2220 δυκιιιιδΖ
1269 2191 1481 2232 contraque
1512 2194 1623 2218 suum

156 2256 300 2282 morem
324 2244 532 2294 quidquam
570 2243 702 2281 durius
729 2246 944 2295 cogitabat:
981 2260 1027 2283 ex
1048 2247 1199 2284 diverso
1231 2255 1358 2283 autem
1381 2259 1485 2283 suam
1519 2257 1623 2282 man-

156 2309 394 2345 suetudinem
424 2307 478 2344 sic
506 2314 636 2345 notam
667 2310 847 2346 omnibus
868 2309 1104 2355 confidebat,
1129 2318 1169 2348 ut
1200 2311 1352 2347 minime
1374 2317 1566 2347 vereretur
1593 2310 1623 2346 si

156 2371 248 2421 quid
271 2372 438 2421 asperius
460 2370 540 2409 ⁸³ne
563 2372 654 2421 quid
689 2374 890 2411 severitate
924 2382 1051 2412 actum
1073 2382 1111 2412 et
1142 2388 1214 2412 nnn
1237 2375 1364 2425 potius
1394 2375 1621 2412 necessitate

154 2436 404 2485 ⁸'judicarctz
436 2436 508 2473 hac
539 2435 680 2473 fiducia
711 2443 749 2474 et
776 2438 943 2488 exempli
973 2451 1091 2475 causa
1126 2439 1319 2484 inductus,
1341 2439 1377 2475 in
1407 2439 1620 2487 omnesqui

154 2499 218 2537 illo
245 2500 279 2536 in
301 2499 420 2549 opido
442 2506 577 2536 contra
606 2514 692 2538 eum
725 2514 828 2539 arma
858 2509 1100 2552 gestaverant
1127 2504 1315 2541 insuetum
1347 2503 1419 2540 sibi
1439 2502 1618 2551 supplicii

195 2625 237 2653 80
260 2622 434 2653 Nonnulla.
451 2621 503 2652 liic
530 2621 649 2654 deesse
678 2625 844 2666 suspicor,
871 2636 945 2658 curn
963 2627 1005 2657 de.
1033 2627 1183 2659 adventu
1201 2626 1344 2658 Caesaris
1370 2625 1619 2657 Uxellodunum

153 2675 233 2706 nihil
251 2675 440 2705 dican—81
467 2675 571 2714 Lege,
585 2678 822 2715 pervenit—82
841 2678 955 2715 Adde,
980 2682 1220 2710 nttturaermaefflssss
1247 2678 1507 2717 A‹t‹tc„fv‹-i‹cet‚
1522 2689 1557 2709 nc
1576 2679 1616 2709 ivl.

156 2730 237 2757 -st
265 2727 595 2766 l¹'0rte‚jv¹dicurrtur.
