1850 3109
262 175 376 218 1602

265 283 370 326 Apud
386 281 518 314 Livium
534 290 667 322 qnoque
682 289 816 312 xxxin.
832 284 886 313 48.
897 280 966 312 edi-

265 335 318 366 dit
333 334 483 366 Gronov.
494 333 575 364 inter
586 332 744 363 Acholium
759 335 789 363 et
806 332 968 372 Thapsum.

265 385 403 418 Achollae
429 383 570 422 mentio,
598 383 624 412 si
651 382 784 422 quidem
814 391 896 413 sana
917 387 970 412 est

264 435 385 474 lectio,
400 434 439 465 fit
456 442 588 474 quoqne
605 433 637 462 in
656 432 748 463 Mela
766 440 790 462 1.
811 434 842 463 7.
881 431 970 462 Vide

267 489 382 517 tamen
411 483 579 514 Harduin.
606 481 648 512 ad
677 481 764 512 Plin.
795 489 826 512 v.
853 482 884 511 4.
915 480 971 511 ubi

267 535 464 567 Aeolitanum
489 532 633 573 oppidum
657 531 796 570 dicitur,
813 536 847 562 et
863 531 973 571 Aquil-

267 587 380 617 titanos
395 595 412 616 e
431 590 499 615 vet.
518 584 626 614 Inscr.
644 582 794 614 adducit.

311 639 332 668 2
365 636 472 666 Etiam
500 632 646 674 undique]
681 633 771 664 Phil.
800 632 974 663 Rubenius

266 686 380 719 Elect.
398 688 484 716 uA.
509 693 568 724 pro
593 684 686 714 hisce
711 683 851 714 vocibus
878 692 973 723 repo-

268 736 320 767 nit
335 739 364 767 ct
381 735 603 775 immuni,quae
618 734 753 775 quidem
771 733 897 771 audax,
910 742 973 763 nec

268 792 385 818 tamen
402 786 590 817 necessaria
612 790 663 816 est
680 785 887 825 conjectura.
906 784 973 815 Ms.

270 836 379 868 Norv.
397 840 427 868 et
444 837 595 876 undique:
628 835 746 866 Codex
762 835 839 866 Uir.
857 838 886 864 et
905 835 975 872 jam

270 887 418 928 undique,
446 887 508 918 hoc
537 891 602 925 est,
630 886 717 916 omni
747 889 858 925 parte.
904 885 974 923 Op-

268 938 366 976 time,
393 942 431 968 ut
457 936 604 967 videtur.
650 935 812 975 Virgilius
836 933 911 964 AEn.
936 942 975 964 ιι.

270 990 324 1020 64.
347 989 356 1005 ‘
376 987 534 1027 Undique
548 984 676 1016 visendi
694 984 807 1015 studio
823 983 976 1023 'I'rojaua

266 1040 433 1081 juventus
460 1036 674 1069 Circumfusa
697 1035 789 1066 ruit.'
836 1034 923 1065 Vide
940 1040 975 1066 et

269 1089 349 1121 AEn.
365 1097 446 1120 vm.
458 1091 489 1119 7.
505 1087 617 1119 Duris.
642 1086 711 1117 Pro
724 1090 803 1116 nota
814 1084 877 1115 ista
889 1085 974 1115 hauc

271 1149 419 1180 repone:
456 1138 510 1169 Ex
531 1137 634 1169 Acina
659 1135 786 1167 civitate
813 1134 920 1173 libera,
945 1144 976 1165 e-

273 1192 356 1222 tiam
391 1189 539 1230 undique
570 1189 609 1218 ad
641 1188 793 1217 Caesurem
829 1186 975 1216 renium.-

274 1241 392 1272 Ursini
419 1239 537 1271 Codex
567 1241 596 1268 εἰ
614 1238 685 1276 jam
712 1237 862 1276 undique.-
887 1236 977 1277 quod

273 1295 408 1322 rectum
433 1289 621 1326 videretur,
648 1287 675 1318 si
695 1286 796 1317 modo
812 1286 917 1325 legati
935 1286 978 1316 ad

274 1343 444 1373 Caesarem
470 1349 509 1370 ea·
535 1338 617 1369 οιηιιὶ
645 1340 732 1377 parte
748 1337 978 1368 mitterentur.

275 1393 361 1424 Cum
383 1401 464 1423 vero
493 1391 566 1420 haec
605 1388 648 1419 ad
683 1388 770 1418 solos
806 1386 979 1417 Acillanos

273 1442 486 1483 pertineant,
524 1439 659 1470 omnino
694 1437 902 1477 reposuerim
941 1446 980 1466 ex

272 1492 377 1524 Acina
403 1491 531 1521 civitate
560 1488 658 1520 libera
685 1493 720 1519 et
746 1487 885 1518 immuni
909 1486 980 1528 (vel

275 1542 372 1573 libera
388 1540 588 1579 immanique)
613 1539 652 1568 ad
669 1540 823 1569 Caesarem
844 1537 980 1576 veniunt,

275 1590 558 1632 quemadmodum
582 1588 729 1629 conjecit
752 1588 842 1617 Phil.
868 1587 980 1618 Rube-

273 1643 350 1674 nius
366 1643 474 1674 Elect.
492 1650 532 1672 11.
560 1643 592 1671 4.
626 1639 693 1679 Sic,
715 1638 805 1679 quod
822 1637 980 1668 observa-

275 1693 327 1724 vit
352 1692 414 1723 Vir
442 1692 499 1722 ille
531 1690 664 1727 doctus,
693 1689 818 1729 Leptin
851 1688 980 1719 liberam

275 1744 438 1776 civitatem
470 1745 500 1773 et
533 1742 699 1772 immunem
730 1744 828 1770 vocat
865 1742 981 1769 noster

277 1803 382 1835 supra
406 1802 437 1825 c.
463 1795 494 1826 7.
519 1791 640 1823 Cicero
657 1791 690 1821 in
709 1790 852 1820 Verrem
870 1798 910 1819 11.
927 1792 979 1819 GS.

276 1845 285 1860 ‘
303 1843 416 1876 Quid?
439 1842 495 1884 qui
521 1852 618 1881 agros
643 1841 793 1873 immunes
817 1840 983 1879 liberosque

278 1898 379 1927 arant
395 1903 455 1925 cur
470 1893 614 1923 oderunt
627 1891 646 1921 ?'
682 1891 816 1921 Pariter
840 1892 847 1906 ‘
866 1890 982 1920 immu-

278 1953 338 1976 nes
365 1943 526 1974 civitates
557 1952 595 1973 ac
623 1939 755 1972 liberus’
784 1940 869 1970 dixit
893 1940 983 1970 idem

278 2003 336 2026 111.
353 1996 385 2024 G.
411 1993 510 2030 Idem,
534 2000 605 2023 cnr.
631 2002 694 2022 sec.
717 1992 725 2007 ‘
744 1991 816 2022 Civ.
843 1991 983 2021 xeniunt

277 2045 389 2077 libere
412 2044 516 2074 etiam
543 2042 690 2082 undique
707 2041 750 2071 ad
777 2041 874 2072 Cam!
899 2041 982 2073 Mss.

277 2097 378 2127 Voss.
412 2094 507 2127 Leid.
538 2093 676 2125 secund.
706 2098 741 2123 et
773 2092 860 2124 Edd.
887 2093 982 2123 Rom.

277 2146 374 2177 Med.
389 2146 474 2176 Veu.
501 2145 622 2175 Nullus
637 2143 768 2181 dubito,
781 2143 861 2184 quin
878 2143 983 2183 scrip-

279 2199 364 2230 serit
382 2198 516 2229 Hirtius
544 2198 669 2228 civitate
692 2197 787 2226 libera
813 2196 919 2234 (cium,
940 2196 984 2226 in-

277 2251 433 2291 manique.
466 2249 575 2280 Etiam
591 2248 719 2279 scilicet
736 2257 802 2277 uon
820 2247 926 2277 minus
944 2256 983 2277 ac

278 2302 399 2342 Lepte,
430 2301 583 2340 Ruspina,
611 2300 664 2337 «isc.
723 2297 852 2328 Plinius
884 2306 917 2327 v.
952 2301 982 2328 -ι,

281 2353 290 2369 ‘
311 2351 378 2382 Hic
394 2350 521 2390 oppida
538 2350 643 2381 libera
668 2349 801 2388 Leptis,
818 2348 983 2378 Adrume-

283 2406 368 2441 tum‚
408 2402 576 2440 Ruspina,
612 2399 801 2439 Thapsus?
837 2404 871 2429 et
896 2409 985 2438 mox,

281 2454 291 2472 ‘
311 2452 453 2493 Oppida
482 2451 588 2482 libera
617 2459 706 2487 xxx,
732 2460 773 2479 ex
798 2449 918 2490 quibus
935 2449 984 2479 di-

283 2503 392 2537 cenda
408 2504 497 2533 intus
516 2500 757 2538 Aeolitauuin‚'
772 2502 834 2530 &cz

325 2553 424 2593 Seque
444 2556 570 2592 paratos
591 2561 772 2591 qmrcunque
796 2550 984 2588 imperasset,

281 2609 311 2636 et
347 2603 454 2635 libenti
485 2604 586 2634 animo
616 2602 760 2639 facturos
787 2602 986 2642 pollicentur]

283 2655 372 2687 Haec
400 2655 485 2684 male
513 2664 548 2684 se
574 2653 724 2690 liabent3
758 2651 846 2692 quod
873 2657 985 2682 tamen

284 2705 328 2737 ab
341 2703 589 2744 interpretibus
605 2701 693 2734 haud
710 2706 761 2732 est
777 2700 986 2732 animadver-

283 2765 368 2790 sum.
414 2755 507 2796 Lege
531 2763 620 2796 seque
645 2756 776 2794 parato,
804 2761 986 2794 quaecunque

727 186 868 217 No‘rAE
903 183 1166 215 VARIORUM
1202 183 1252 214 IN

1019 281 1213 320 imperasset,
1228 283 1258 311 et
1275 279 1385 311 libenti
1398 279 1499 310 uninw
1506 277 1650 317 facturos
1660 279 1726 319 pol-

1021 333 1160 363 licentur.
1188 331 1321 362 Hirtius
1338 331 1379 362 B.
1393 330 1436 361 G.
1451 338 1534 361 vm.
1548 331 1601 361 42.
1624 329 1634 346 ‘
1647 327 1728 360 Om-

1023 383 1076 413 nia
1110 382 1308 422 paratissimo
1353 380 1567 411 sustinebant
1603 378 1731 411 animo!

1022 432 1188 463 Salustius
1216 433 1316 463 Catil.
1343 441 1373 462 c.
1400 433 1452 461 61.
1479 430 1601 461 ‘Furti
1624 433 1728 471 atque

1022 487 1133 524 parato
1163 484 1264 514 animo
1293 482 1391 514 sitis!
1432 482 1519 512 Vide
1550 481 1594 511 sis
1625 481 1729 511 etiam

1026 534 1224 565 Ciceronem
1242 543 1304 573 pro
1320 533 1439 563 Sextio
1455 542 1483 563 c.
1501 534 1551 562 16.
1569 535 1603 562 et
1620 531 1730 562 Caesa-

1025 594 1096 615 rem
1124 585 1165 615 B.
1195 584 1237 615 G.
1265 592 1304 614 11.
1335 585 1388 614 21.
1415 584 1527 614 Dacis.
1562 591 1633 612 cur.
1659 589 1730 612 sec.

1027 635 1212 676 Pei-peram
1230 635 1314 665 Mss.
1331 643 1446 664 omnes
1472 638 1584 664 tamen
1608 634 1734 672 paratos

1028 691 1176 716 servant.
1215 685 1330 716 Animo
1343 683 1448 724 parati
1465 688 1560 713 recte
1578 683 1731 713 diceren-

1027 742 1102 772 tur:
1129 736 1186 767 sed
1205 741 1277 766 tum
1303 735 1403 766 aliter
1427 734 1498 765 haec
1517 733 1621 763 verba
1643 731 1734 763 ordi-

1027 787 1099 817 nari
1127 786 1286 817 debuisse
1312 785 1479 815 videntur.
1525 782 1613 813 Vide
1630 781 1672 813 ad
1687 782 1732 813 B.

1028 837 1129 867 Alex.
1147 846 1175 868 c.
1191 839 1245 866 45.

1071 890 1091 917 9
1115 885 1265 924 Acutum]
1288 884 1379 915 Scal.
1405 887 1441 914 et
1464 884 1571 914 Dorv.
1596 882 1635 912 ad
1649 881 1736 913 Acil-

1029 940 1100 975 iam,
1118 936 1213 968 Leid.
1245 945 1293 976 pr.
1323 939 1359 965 et
1382 935 1479 964 Voss.
1510 934 1549 963 ad
1566 932 1732 963 Achillam.

1031 989 1145 1025 Bene;
1170 987 1220 1017 uti
1237 986 1364 1016 idcirco
1375 983 1519 1024 reposui.
1544 982 1646 1014 Quod
1662 991 1735 1013 sex-

1030 1038 1160 1069 centies
1177 1039 1209 1068 iu
1234 1037 1284 1066 liis
1301 1032 1553 1066 commentariis
1574 1031 1735 1064 occurrit.

1028 1088 1117 1119 vide
1142 1088 1184 1119 ad
1201 1088 1251 1118 B.
1279 1087 1322 1117 G.
1352 1094 1376 1117 1.
1405 1088 1437 1116 6.
1458 1085 1467 1101 ‘
1485 1084 1527 1114 ad
1559 1083 1736 1114 Genevam

1028 1138 1198 1179 pervenit.

1074 1191 1114 1219 16
1140 1188 1283 1218 Periculo
1305 1197 1358 1218 suo
1385 1196 1449 1217 rem
1466 1184 1590 1224 facere]
1622 1184 1738 1215 Ursini

1032 1239 1164 1277 Codex,
1180 1240 1253 1280 ipso
1271 1238 1451 1278 probante,
1466 1237 1601 1277 periculo
1614 1245 1737 1266 suorum

1031 1300 1095 1320 rem
1118 1289 1154 1325 f.
1197 1287 1245 1319 At
1284 1287 1369 1318 Mss.
1402 1286 1497 1318 Leid.
1527 1296 1579 1326 pr.
1609 1285 1736 1327 scalig.

1034 1341 1142 1371 Dorv.
1166 1339 1340 1380 periculum
1362 1348 1485 1368 suorum
1506 1336 1627 1375 facere.
1671 1337 1738 1367 Ve-

1033 1390 1174 1421 rissime.
1223 1389 1303 1420 Non
1334 1398 1433 1419 ausus
1464 1387 1627 1427 experiri,
1656 1385 1737 1428 quid

1033 1441 1083 1471 sui
1101 1441 1266 1478 valerent,
1295 1444 1331 1470 et
1357 1448 1398 1469 an
1423 1438 1505 1469 satis
1520 1437 1578 1468 fidi
1603 1437 1664 1468 sibi
1687 1446 1737 1468 es-

1032 1496 1119 1530 sent,
1145 1492 1198 1521 vel
1213 1490 1414 1521 Caesarianis
1438 1488 1644 1528 superiores,
1667 1497 1741 1518 eos-

1033 1552 1098 1582 que
1116 1541 1243 1582 oppido
1261 1540 1409 1581 dejicere
1427 1543 1574 1579 possent.
1624 1538 1741 1569 Facere

1030 1593 1204 1633 pericnlum
1229 1592 1357 1632 optimo
1387 1590 1493 1621 cuivis
1520 1589 1553 1619 in
1578 1598 1635 1619 usu
1652 1597 1740 1627 esse,

1033 1643 1247 1673 notissimum
1271 1646 1336 1672 est.
1381 1640 1461 1680 Ipse
1484 1638 1575 1669 Hirt.
1591 1647 1671 1669 vul.
1689 1640 1741 1669 34.

1034 1694 1042 1713 ⁶
1064 1693 1130 1726 Qui
1155 1692 1298 1723 fortunae
1326 1691 1415 1722 illius
1439 1689 1625 1730 periculum
1649 1688 1741 1720 fece-

1035 1748 1087 1774 rat
1102 1743 1121 1781 ς’
1156 1749 1192 1774 et
1219 1742 1309 1773 iufra
1336 1751 1367 1773 c.
1398 1744 1450 1772 79.
1475 1740 1741 1781 ‘legionumque

1035 1794 1224 1835 periculum
1242 1791 1418 1824 facerent:
1452 1792 1584 1831 Lipsius
1602 1799 1670 1821 orae
1685 1799 1740 1821 co-

1036 1846 1120 1876 dicis
1135 1845 1183 1876 sui
1194 1845 1377 1875 *adleverat
1391 1843 1520 1884 periculi
1535 1843 1584 1874 sui
1595 1842 1696 1881 rems.

1080 1900 1119 1928 19
1147 1897 1267 1926 Rursus
1296 1893 1470 1933 Acilianos]
1508 1894 1562 1924 Ita
1597 1893 1741 1933 primum

1036 1952 1213 1987 comparet
1238 1947 1271 1976 in
1302 1946 1389 1976 Erld.
1421 1943 1592 1983 Scaligeri,
1626 1942 1742 1974 forsan

1037 1998 1291 2038 typothetarum
1310 2005 1435 2026 errore.
1480 1996 1670 2034 Sequentes
1693 1999 1743 2024 ta-

1037 2058 1113 2079 men
1141 2048 1299 2079 Editor-cs
1329 2045 1476 2076 fideliter
1506 2043 1611 2073 secuti
1643 2047 1741 2073 sunt:

1038 2108 1111 2129 cum
1131 2098 1214 2128 Mes.
1228 2106 1342 2127 omnes
1360 2101 1394 2125 et
1415 2093 1499 2124 Eud.
1516 2093 1645 2132 priores
1658 2092 1742 2123 dant

1036 2149 1222 2179 Acillilunos
1250 2147 1301 2177 vel
1339 2144 1556 2181 Adiatuanus,
1591 2147 1629 2174 ut
1663 2152 1740 2174 cum

1039 2198 1130 2229 Leid.
1153 2208 1205 2238 pr.
1230 2196 1378 2237 reposui.
1425 2194 1544 2225 Plinio'
1559 2194 1649 2224 euim
1664 2194 1743 2224 Aeo·

1035 2248 1168 2278 litannm
1193 2247 1337 2287 oppidum
1350 2258 1362 2283 ,-
1386 2250 1421 2276 et
1446 2243 1630 2284 Aquillitani
1651 2242 1742 2284 apud

1038 2300 1235 2330 Gruterum.
1283 2296 1389 2327 Porro
1417 2295 1543 2326 desinit
1567 2295 1620 2325 hic
1637 2294 1740 2325 etiam

1037 2354 1174 2380 vetusta
1191 2357 1306 2378 manus
1324 2345 1459 2377 Codicis
1474 2344 1640 2375 Vossiani.
1679 2344 1743 2376 Ce-

1039 2404 1111 2430 tera
1125 2405 1193 2429 tam
1211 2397 1341 2428 recenti
1355 2406 1455 2426 mauu
1470 2395 1612 2426 adtexta
1628 2399 1749 2434 erant„

1038 2454 1074 2480 ut
1091 2450 1162 2489 eius
1179 2448 1341 2478 rationem
1369 2446 1500 2483 haberi,
1528 2454 1639 2484 operae
1668 2454 1744 2485 pre.

1038 2500 1121 2530 tium
1139 2508 1205 2529 nou
1219 2497 1386 2528 duxerim.

1082 2557 1208 2579 xxxiv.
1237 2550 1255 2578 3
1292 2550 1329 2577 (¹.
1358 2546 1508 2577 Decimus
1534 2544 1744 2585 Quoeston‘m]

1040 2600 1106 2630 Ms.
1139 2600 1221 2638 Reg.
1254 2603 1290 2628 et
1313 2597 1425 2627 Vossii
1458 2601 1493 2627 et
1527 2596 1621 2627 Edit.
1645 2597 1744 2628 Rom.

1040 2650 1231 2684 chstarius
1248 2648 1306 2678 fir.
1334 2647 1441 2676 Clark.
1472 2647 1580 2677 Etiam
1598 2646 1629 2676 in
1648 2645 1744 2678 Leid.

1038 2709 1108 2730 sec.
1127 2698 1242 2729 forsan
1261 2707 1394 2738 quoque
1411 2696 1484 2727 aliis
1502 2696 1601 2727 adest
1622 2696 1689 2735 Vir,
1704 2700 1744 2728 ut

1039 2754 1074 2780 et
1092 2748 1178 2782 Edd.
1197 2747 1349 2781 omnibus
1367 2750 1446 2778 ante
1462 2745 1635 2787 Ursinum,
1649 2744 1707 2790 qui
1721 2753 1742 2778 e
