1850 3109
542 199 605 229 DE
639 197 753 226 vrrA
785 194 917 224 sumi
951 195 1182 225 ursinis.
1482 181 1592 225 1831

139 312 312 337 saxorum
350 298 514 336 molibus
546 295 698 344 injectis
729 295 928 332 obstruere
962 293 1062 329 nisus
1090 298 1172 330 est:
1204 306 1299 342 opus
1330 305 1404 328 non
1443 299 1593 330 tantum

139 363 278 401 lwmini
295 362 357 399 sed
379 368 522 398 natura:
541 360 757 409 improbum
779 365 896 409 atque
916 356 1191 400 inextricabile,
1209 355 1314 405 quod
1336 357 1417 405 ipse
1438 369 1595 404 cognos-

139 440 241 471 cens,
261 425 323 463 uni
344 439 390 463 cx
407 425 536 462 amicis
553 425 603 467 Q.
618 424 736 461 l'edio
757 423 889 460 scribit
913 423 969 459 his
992 421 1135 458 verbis:
1167 420 1399 469 ‘Pompeius
1422 432 1460 455 sc
1475 420 1593 468 opido

139 495 263 526 tenet:
294 502 363 526 nos
383 489 429 526 ad
454 495 584 538 portas
604 495 730 525 castra
753 487 936 524 habemns
955 500 963 523 :
996 497 1179 521 conamur
1199 497 1297 533 opus
1319 495 1523 531 magunum
1557 489 1595 519 ct

136 553 341 590 inultorum
373 552 517 589 dicrum
551 557 707 601 propter
735 550 976 587 altitudinem
1009 548 1136 586 maris:
1172 548 1237 584 sed
1271 554 1396 583 tamen
1428 545 1518 582 nihil
1539 552 1597 582 est

137 616 241 665 quod
278 616 405 665 potius
444 615 652 652 faciamus:
683 614 733 650 ab
755 620 919 662 utroque
946 618 1082 661 portus
1111 624 1232 648 cornu
1254 611 1370 647 moles
1397 610 1594 658 jacimu53

137 686 178 716 ut
197 686 263 716 aut
282 679 388 715 illum
410 677 691 728 quamprimum
714 676 889 724 trajicere
906 674 1008 724 quod
1032 675 1146 711 habet
1172 674 1375 711 Brundusii
1396 674 1596 723 copiarum

136 755 332 792 cogamus,
352 748 417 778 aut
447 742 550 778 exitu
570 740 866 790 prohibeamus.'
921 739 1019 777 Cum
1042 751 1130 775 vero
1158 738 1261 775 exitu
1282 737 1497 787 prohibere,
1520 737 1596 774 imo

137 811 271 842 natura
291 805 416 854 ipsum
433 803 700 854 ⁷⁴prohibeute
721 816 796 840 non
817 808 961 853 posset,
979 801 1122 839 catenis
1139 815 1202 839 eos
1223 809 1355 851 portus
1372 800 1594 850 praeclusit:

136 868 202 906 sed
240 881 362 918 neque
409 869 461 905 sic
500 868 670 905 detinere
708 867 828 905 valuit
865 866 1092 916 Pompejum
1131 865 1223 915 quin
1262 865 1354 902 mari
1395 863 1596 901 Adriatico

136 932 374 969 Duracliium
395 932 603 980 navigaret.
655 932 784 969 Caesar
804 931 913 968 hoste
943 930 1127 979 digresso,
1149 942 1238 966 cum
1269 927 1374 978 sequi
1394 928 1500 965 illum
1520 939 1598 964 non

135 1002 276 1044 posset,
295 995 552 1032 Brundusium
572 994 761 1045 ingressus
775 994 1002 1032 concionem
1024 993 1172 1038 habuit,
1190 993 1302 1043 [189]
1316 1005 1391 1042 qua
1406 990 1597 1040 justitiam

138 1060 285 1096 ⁷³carne
306 1072 397 1103 suae,
418 1059 650 1107 injuriasque
673 1058 839 1095 hostium
858 1056 1036 1094 omnibus
1058 1056 1249 1106 aperiret:
1280 1068 1358 1105 quo
1379 1054 1485 1092 facto
1506 1066 1596 1092 cum

137 1134 202 1158 sua
224 1121 297 1158 illis
337 1121 372 1158 in
394 1122 488 1158 locis
514 1122 657 1158 inutilis
691 1133 798 1158 mora
826 1128 938 1166 esset,
964 1134 1010 1158 ne
1040 1119 1133 1170 quid
1155 1120 1224 1157 sibi
1259 1119 1421 1156 otiosum
1444 1125 1596 1167 tempus

139 1184 355 1230 ⁷⁶afflueret‚
387 1185 519 1222 urbem
551 1186 713 1223 Romam
743 1198 874 1222 versus
911 1185 981 1222 iter
1011 1184 1183 1234 arripuit,
1215 1189 1299 1220 toto
1327 1183 1416 1220 belli
1454 1182 1598 1221 Gallici

137 1248 322 1286 decennio
343 1261 420 1286 non
447 1249 565 1286 visam
583 1262 591 1287 τ
632 1248 745 1298 cujus
765 1246 952 1285 adventus
981 1246 1082 1284 fama
1102 1246 1255 1296 cognita
1276 1254 1441 1296 quantus
1462 1246 1597 1282 Romae

138 1320 258 1349 terror
286 1311 400 1350 fuerit
433 1312 534 1350 haud
564 1312 677 1350 facile
707 1311 850 1350 dictum
879 1318 952 1356 est,
983 1311 1105 1349 multo
1135 1310 1290 1362 quidem
1328 1309 1452 1359 major
1480 1322 1597 1360 quam

140 1389 296 1413 necesse
317 1383 431 1415 esset.
488 1378 610 1414 Iratus
631 1375 787 1426 quidem
808 1376 935 1413 multis
953 1382 1045 1419 erat,
1062 1381 1100 1412 et
1119 1375 1278 1412 fortasse
1298 1386 1375 1411 non
1395 1373 1598 1418 immerito,

136 1439 199 1477 sed
234 1440 515 1478 iracundiorem
553 1440 815 1478 extimabant:
854 1452 931 1476 non
968 1438 1066 1476 enim
1105 1437 1340 1482 naturaliter,
1372 1449 1497 1487 neque
1528 1437 1601 1475 nisi

138 1503 284 1554 magnis
305 1517 351 1542 ex
382 1503 507 1541 causis
536 1503 582 1541 ad
609 1502 844 1541 iracundiam
863 1514 1009 1553 pronus
1030 1502 1116 1540 suit.
1171 1501 1286 1539 Venit
1309 1514 1400 1551 ergo
1419 1501 1601 1540 Romam»

138 1574 391 1618 senatumque
422 1568 557 1605 habuit
586 1581 632 1605 ex
662 1568 706 1605 iis
734 1566 976 1618 principibus
1005 1566 1070 1616 qui
1103 1565 1207 1603 domi
1237 1565 1515 1603 substiterant:
1545 1565 1601 1604 ibi

138 1638 361 1680 perpetuam
399 1631 626 1669 dictaturam
661 1632 743 1682 ipse
780 1631 854 1669 sibi
890 1644 961 1669 sua
997 1630 1228 1669 authoritate
1265 1629 1446 1680 arripuit:
1496 1629 1598 1667 unde

138 1695 297 1733 Caesaris
331 1695 530 1733 dictatoris
552 1709 689 1734 nomen
707 1709 715 1733 :
746 1696 865 1734 multa
894 1708 1050 1746 quoque
1080 1693 1291 1739 constituit,
1312 1693 1350 1730 in
1372 1692 1509 1743 quibus
1527 1705 1599 1743 pro

137 1759 220 1809 lege
240 1759 413 1797 voluntas
434 1759 519 1798 fuit.
574 1760 672 1798 lllud
694 1760 791 1798 inter
816 1766 958 1798 cuncta
993 1758 1262 1797 memorabile:
1302 1770 1389 1794 nam
1422 1757 1598 1795 aerarium

138 1822 274 1872 populi
294 1823 458 1861 Romani
479 1823 584 1874 quod
607 1830 664 1861 tot
685 1823 869 1869 victoriae,
894 1829 953 1861 tot
974 1822 1103 1860 secula
1124 1821 1421 1872 compleverant,
1442 1833 1519 1858 uuo
1539 1820 1600 1858 die

137 1885 332 1926 exhausit:
381 1887 557 1937 interque
589 1887 676 1933 alia,
712 1893 755 1925 ut
791 1887 993 1938 scriptum,
1031 1885 1191 1936 protulit
1228 1886 1313 1922 ⁷⁷ex
1350 1897 1396 1922 eo
1434 1884 1600 1922 latorum

138 1949 369 1988 aureliorum
393 1961 524 1989 xxvx.
554 1965 630 1989 non
652 1951 934 1989 thesaurizandi
953 1949 1165 2000 cupiditate
1185 1948 1252 1986 sed
1272 1947 1483 1997 largiendi:
1511 1961 1599 1985 nam

139 2018 182 2050 ut
200 2012 297 2051 alter
324 2014 391 2060 ait,
412 2027 526 2052 nemo
559 2015 753 2053 liberalius
784 2015 944 2053 victoria
976 2027 1068 2052 usus
1096 2019 1177 2051 est:
1216 2011 1312 2050 nihil
1340 2011 1413 2050 sibi
1441 2012 1602 2050 retinuit

139 2082 277 2125 praeter
295 2077 541 2128 dispensandi
560 2085 805 2129 potestatem.
850 2077 1086 2129 Compositis
1105 2076 1220 2115 rebus
1240 2075 1394 2114 urbanis
1416 2082 1457 2113 ut
1476 2075 1600 2114 visum

137 2145 196 2177 est
210 2139 377 2177 animum
403 2141 449 2178 ad
470 2148 624 2180 externa
659 2143 861 2188 convertit,
881 2150 997 2193 atque
1017 2140 1186 2192 inprimis
1206 2139 1383 2179 Ciciliam
1402 2152 1448 2177 ac
1468 2138 1600 2177 Sardi-

139 2202 239 2239 niam
260 2202 340 2240 duo
358 2203 421 2241 illa
451 2204 584 2243 horrea
603 2207 738 2256 populi
767 2208 929 2245 Romani
966 2220 1032 2256 per
1059 2206 1204 2255 legatos
1236 2203 1501 2241 administrare
1528 2202 1602 2240 dis-

139 2266 280 2315 posuit,
302 2266 349 2304 de
370 2267 496 2305 Gallia
525 2269 617 2306 nibil
637 2270 837 2316 sollicitus,
859 2284 975 2321 quam
995 2271 1032 2307 iu
1061 2282 1210 2308 summa
1239 2281 1337 2318 pace
1362 2266 1570 2317 reliquerat
1589 2278 1599 2304 z

137 2329 257 2366 solam
289 2331 456 2380 respexit
479 2332 701 2382 Hispaniam
723 2335 973 2384 cogitansque
1002 2333 1258 2383 cumprimum
1289 2331 1421 2369 elassis
1456 2343 1599 2381 oppor-

140 2391 283 2430 tunitas
309 2393 529 2440 affluxisset,
559 2396 726 2446 vestigiis
756 2398 985 2447 Ponipejum
1021 2396 1196 2447 assequi:
1235 2409 1284 2433 ne
1313 2393 1409 2445 quid
1438 2407 1462 2432 a
1492 2399 1600 2444 tergo

143 2453 388 2494 formidabile
408 2458 609 2508 linqueret,
627 2459 799 2499 decrevit
819 2462 866 2499 ad
885 2461 1142 2500 Occidentem
1172 2459 1376 2511 proficisci,
1396 2458 1464 2496 ubi
1482 2458 1601 2496 Pom·

140 2518 223 2569 peji
254 2519 378 2569 copiae
410 2520 577 2570 ingentes
609 2531 728 2570 erant,
750 2538 910 2576 quarum
941 2525 1122 2576 praesidio
1150 2525 1213 2562 ille
1243 2531 1428 2562 terrarum
1452 2526 1600 2559 tractus

142 2583 358 2629 tenebatur,
384 2584 456 2622 sub
486 2585 616 2635 legatis
650 2588 788 2635 tribus,
816 2591 873 2628 M.
895 2590 1062 2640 Petrejo,
1095 2590 1139 2627 L.
1160 2588 1337 2632 Afranio,
1366 2592 1404 2624 et
1423 2586 1482 2625 M.
1503 2584 1599 2621 Var-

183 2678 224 2707 74
243 2677 345 2718 Lege,
357 2678 615 2718 prohibere.-75
633 2680 750 2721 Forte,
766 2687 962 2716 causoe.—76
979 2685 1083 2724 Lege,
1098 2684 1332 2726 efflueret—7⁷
1351 2681 1454 2720 Lege,
1468 2680 1600 2710 laterum

142 2739 303 2761 aureorum
320 2731 466 2762 nimirum
480 2741 580 2764 xxvi.
597 2735 705 2767 millia.
722 2735 791 2767 vid.
808 2737 899 2769 Plin.
916 2746 965 2769 xx
973 2746 1052 2768 xm.
1068 2739 1100 2768 3.
