1850 3109
358 219 556 250 ιΛΒ.ιιμ
590 209 880 249 CAP.97.DE
916 218 1070 248 uento
1103 220 1276 250 υυῚιι.

92 317 152 351 ms,
178 313 200 344 l.
217 312 354 352 σκιάδας,
381 311 576 344 umbracula
608 310 793 347 luxuriosa,

91 363 358 405 quibuscumque
384 362 558 393 frondibus
573 361 615 392 ad
634 361 793 392 coenatio-

90 422 166 444 nem
182 417 354 452 contexta,
366 422 385 443 a
397 411 518 452 quihus
529 410 628 442 facile
643 410 792 442 discerni

91 469 234 503 possunt
249 462 446 494 tabernacula
464 463 554 492 edera
576 465 732 501 protecta,
755 467 793 492 ut

91 515 204 544 tamen
218 522 282 544 non
299 512 343 543 sit
358 510 551 550 ταυτολόγος
567 512 693 543 Caesar.
718 511 792 542 Ma-

89 563 120 593 le
138 562 373 594 Hotomannus
388 562 472 593 tales
484 561 636 592 trichilas
653 560 793 592 coufun-

90 611 140 643 dit
169 621 245 644 cum
274 612 360 642 casis
387 621 429 642 ex
456 611 621 642 arundine
648 616 708 642 aut
734 610 792 641 sili

87 660 207 693 fronde
235 662 419 701 contextis,
445 661 472 692 si
497 661 719 692 tabernacula
735 660 792 691 de-

89 711 170 750 sint.
227 711 335 743 Immo
374 721 416 743 ex
454 711 575 742 eodem
613 710 791 741 Plutarchi

86 762 176 801 loco,
193 773 292 804 quem
309 763 485 795 adducunt
502 763 564 794 viri
578 763 680 803 docti,
694 768 792 804 patet

88 812 228 844 trichilas
236 817 370 844 structus
383 823 494 845 veram
508 823 582 845 esse
596 814 792 845 lectionem.

89 862 149 894 Ait
161 863 250 894 enim
266 864 298 894 in
317 864 482 905 Pompeio
499 874 530 905 p.
544 867 620 896 657.
635 865 722 895 πᾶσα
732 864 793 904 γὰρ

89 912 188 949 σκηνὴ
203 912 359 953 μυρσίναις
380 912 586 953 κατέστεπτο,
599 913 651 944 καὶ
673 925 793 954 στρωμ.

89 964 153 994 ναῖς
169 962 301 995 ἀνθιναῖς
312 964 443 1003 ἤσκητο,
458 962 509 994 καὶ
521 963 688 1004 τραπέζαιε
701 965 793 995 ἐκπω-

87 1012 192 1051 μάτων
212 1016 352 1054 μεσταῖς,
374 1014 425 1045 καὶ
439 1017 586 1055 κρατῆρες
609 1016 691 1046 οἴνου
704 1016 794 1055 προῦ-

87 1075 200 1103 κειντο,
225 1067 313 1095 &c.:
339 1074 439 1105 quem
464 1066 575 1096 locum
593 1066 664 1096 sine
690 1066 792 1098 dubio

88 1123 130 1144 ex
143 1113 219 1153 ipso
236 1114 370 1144 Caesare
383 1113 506 1144 hausit.
546 1115 635 1146 Quin
649 1120 683 1145 et
697 1115 793 1147 addit

86 1162 291 1194 Plutarchus
319 1161 522 1202 adparatum
550 1161 654 1193 fuisse
686 1163 791 1203 magis

86 1215 147 1244 τῶν
161 1212 333 1244 τεθυκότων
357 1213 408 1244 καὶ
429 1212 700 1253 πανηγυριζόντων
722 1214 744 1246 i.
761 1224 790 1246 e.

86 1263 347 1295 sacrificantium
359 1269 395 1295 et
407 1262 512 1295 festos
524 1263 594 1295 dies
605 1264 792 1305 agentium,

88 1323 187 1355 quam
204 1313 246 1344 ad
263 1323 409 1354 pugnam
426 1314 588 1345 euntium.
635 1313 734 1345 Adeo
753 1320 791 1345 ut

86 1365 214 1404 optime
238 1365 301 1395 huc
323 1364 496 1404 pertineat
518 1364 612 1408 locus
628 1364 752 1396 Tibulli
769 1365 790 1395 l.

86 1422 129 1445 11.
155 1414 207 1445 ΕΙ.
220 1417 251 1445 5.
270 1416 322 1446 95.
345 1414 457 1445 ‘Tunc
475 1419 618 1454 operata
634 1415 710 1445 Deo
730 1425 790 1456 pu-

87 1463 146 1495 bes
161 1462 350 1495 discumbet
366 1464 399 1494 in
415 1463 532 1504 herba,
544 1463 684 1495 Arboris
703 1465 790 1495 anti-

88 1523 162 1554 quae
190 1523 257 1554 qua
279 1514 363 1545 levis
387 1513 507 1545 umbra
532 1515 640 1546 cadit.
685 1514 755 1546 Aut
771 1524 790 1546 e

89 1570 184 1595 veste
211 1574 272 1595 sua
298 1564 443 1596 tendent
466 1566 665 1597 umbracula
691 1567 790 1598 sertis

88 1614 227 1645 Vincta:
247 1619 426 1645 coronatus
439 1615 543 1648 stabit
556 1620 678 1646 etante
690 1616 790 1647 calix.

90 1662 138 1695 At
154 1664 220 1695 sihi
244 1664 384 1705 quisque
402 1664 518 1706 dapem
544 1671 581 1697 et
608 1665 714 1697 festas
736 1677 793 1698 ex-

89 1721 202 1748 struet
214 1717 282 1748 alte
301 1717 497 1758 Cespitibus
521 1728 667 1758 mensas,
684 1719 793 1760 cespi-

90 1767 248 1808 tibusque
267 1768 402 1799 torum.'
447 1768 516 1800 Ubi
534 1767 795 1809 videmus-junc-

89 1822 126 1849 ta
141 1827 274 1859 quoque
299 1818 442 1849 trichilas
464 1824 498 1850 et
512 1829 584 1850 vasa
600 1824 635 1850 et
655 1820 794 1860 cespites.

91 1868 135 1900 Et
151 1877 278 1909 quoeso,
301 1868 388 1899 unde
404 1868 537 1900 librarii
554 1869 722 1901 somniare
736 1879 794 1910 po-

90 1922 229 1949 tuerunt
252 1918 295 1948 de
311 1918 465 1955 trichiliu
488 1919 515 1950 si
539 1918 573 1950 in
598 1919 795 1960 antiquiori-

91 1968 151 1999 bus
178 1968 362 2000 Codicibus
399 1969 540 2000 triclinia
566 1969 793 2000 invenissent?

91 2019 170 2051 Non
183 2019 312 2050 alienus
324 2019 428 2051 etiam
441 2019 483 2050 ab
494 2021 555 2052 hac
570 2019 717 2051 lectione
729 2019 794 2051 fuit

90 2069 223 2110 Lipsius
249 2070 273 2101 l.
298 2080 329 2101 v.
354 2071 431 2102 Mil.
455 2070 555 2102 Rom.
583 2070 616 2101 d.
644 2073 695 2102 16.
734 2070 793 2101 Ill.

91 2119 254 2151 Heinsius
269 2120 412 2161 margini
429 2121 558 2152 adlevit
578 2121 720 2152 triclinia
735 2121 793 2151 tri-

90 2169 171 2201 clu'lu
182 2170 329 2202 instrata.
372 2170 521 2202 structas
537 2177 649 2202 autem
665 2172 698 2202 'm
712 2175 794 2202 stra-

90 2223 140 2252 tas
160 2219 295 2260 abiisse,
319 2225 355 2251 et
378 2225 509 2259 contra,
539 2221 700 2252 sollemne
728 2227 793 2253 est.

93 2271 148 2302 Sic
163 2271 287 2311 passim
304 2271 337 2301 in
352 2276 468 2302 nostro
482 2276 518 2302 et
534 2271 608 2302 aliis
623 2281 715 2302 ’iuves
726 2282 795 2302 cvn-

91 2323 210 2361 ᾴναὲω,
226 2321 295 2362 equi
315 2321 454 2360 instrati,
479 2326 641 2362 corrupte
661 2321 695 2352 in
711 2322 793 2352 Mss.

93 2370 252 2411 leguntur
267 2374 450 2402 constructa>
464 2376 500 2402 et
522 2371 687 2402 instructi:
719 2382 794 2413 cap.

96 2423 169 2460 100.
192 2421 202 2438 ‘
217 2421 318 2452 tectis
335 2421 551 2462 instratisque
565 2421 717 2452 navibus'
733 2431 794 2462 pro

91 2469 271 2502 instructis.-
286 2474 355 2502 c.8.
379 2471 414 2501 in
426 2470 450 2503 f.
473 2472 482 2488 ‘
497 2471 651 2502 tricliniis
669 2471 794 2503 stratis’

94 2519 130 2550 in
142 2520 227 2552 Mss.
242 2521 371 2562 aliquot
385 2521 525 2553 structis.
571 2521 725 2553 Thericlia
743 2532 795 2553 ve-

96 2579 149 2610 rn,
160 2575 200 2602 nt
210 2572 358 2613 conjecit
375 2573 577 2612 Beroaldus,
590 2583 651 2614 pro
666 2574 795 2614 poculis

97 2620 265 2662 pretiosis,
291 2633 359 2654 non
385 2623 596 2655 admittenda
625 2624 794 2656 videntur.

96 2669 188 2702 vide
196 2679 274 2702 eum
290 2672 333 2703 Τ.
347 2682 372 2705 ι.
388 2673 488 2704 Thes.
504 2673 590 2704 Crit.
606 2684 640 2714 p.
657 2677 730 2705 310.

139 2721 163 2750 8
197 2720 431 2753 Patienti-§simo
466 2723 632 2764 exercitui]
671 2725 795 2756 Recte.

98 2768 297 2803 Notandum
313 2772 475 2803 tamenin
492 2773 576 2806 Mss.
592 2775 738 2816 cunctis,
755 2784 796 2806 ne

183 2822 298 2865 Delpk.
312 2826 344 2856 et
363 2823 438 2856 γαν.
463 2825 545 2857 Clas.

770 2827 878 2858 Coesar

1441 211 1553 251 1521

846 320 912 342 uno
927 310 1062 352 quidem
1080 316 1241 352 excepto,
1258 311 1361 343 scribi
1374 314 1551 352 potentis-51⁸-

844 371 916 397 mo,·
947 361 1115 402 quomodo
1145 361 1306 392 exhibent
1331 362 1434 393 etiam
1463 362 1552 394 Edd.

844 411 975 451 primae,
1005 417 1041 442 ut
1069 410 1182 442 forsan
1210 411 1301 442 aliud
1327 412 1405 452 quid
1433 413 1553 445 lateat.

845 461 999 492 Exercitu
1018 471 1097 493 vero
1117 467 1170 493 est
1194 462 1226 492 in
1250 462 1345 493 Leid.
1364 472 1414 502 pr.
1431 472 1499 494 sec.
1515 468 1552 494 et

843 511 967 551 Scalig.
985 517 1021 541 ut
1045 511 1151 542 voluit
1173 511 1207 542 in
1227 510 1424 549 Analogicis
1449 512 1553 544 scribi

846 561 970 591 Caesar.
999 560 1088 592 vide
1107 561 1148 591 ad
1166 561 1206 592 B.
1220 561 1263 592 G.
1279 570 1301 592 1.
1316 564 1366 592 10.

887 613 906 640 9
931 611 1146 642 Necessarium
1169 612 1270 652 usum]
1302 612 1412 643 l'alat.
1435 614 1475 644 ad
1499 623 1550 644 ne-

843 660 1008 690 cessarium
1020 661 1147 691 rictum.
1174 662 1296 692 Recte.
1322 662 1456 693 vossius.
1477 664 1552 705 Ego

844 710 1016 750 vulgatam
1035 711 1218 742 lectionem
1236 712 1449 744 retinendam
1465 714 1554 745 exis—

843 760 938 792 timo.
969 761 1076 792 Clark.
1114 761 1303 801 Perperam
1327 762 1441 794 rictum
1464 773 1552 804 prae-

842 810 911 842 fert
946 811 1099 842 Vossius.
1157 811 1302 843 Consule
1332 812 1467 844 omnino
1498 814 1552 845 Cl.

843 861 960 892 Burm.
978 860 1020 891 ad
1042 861 1161 892 Rutilii
1180 861 1298 894 Itiner.
1314 871 1340 894 ι.
1358 865 1431 894 152.
1455 866 1465 880 ⁴
1484 864 1549 895 usi·

844 911 906 942 bus
916 916 1012 952 aptet
1024 912 1149 952 aquas!
1174 913 1267 944 Cort.
1282 913 1326 944 ad
1335 914 1416 945 Sall.
1425 914 1464 947 B.
1474 915 1551 946 Cat.

843 965 896 993 46.
936 964 944 979 ⁴
961 962 1003 993 In
1019 972 1082 993 usu
1096 962 1294 1003 quotidiano
1311 970 1345 996 et
1368 965 1462 996 cultu
1479 975 1553 997 cor-

844 1013 959 1054 poris.'
987 1014 1027 1045 In
1043 1015 1151 1045 Dorv.
1170 1016 1273 1047 etiam
1290 1022 1342 1047 est
1359 1017 1484 1048 rictum.

889 1067 926 1095 13
973 1065 1093 1095 Eadem
1119 1066 1292 1106 celeritate]
1329 1066 1392 1096 vir
1427 1067 1550 1099 doctus

843 1115 985 1156 margini
998 1116 1180 1156 adscripsit
1189 1119 1229 1148 ad
1244 1118 1422 1156 Celendras,
1433 1119 1551 1150 eFlor.

842 1174 890 1196 lv.
906 1169 938 1196 2.
975 1166 1041 1197 Sed
1056 1166 1186 1207 Syedris
1208 1168 1253 1198 ibi
1277 1169 1458 1209 legendum
1476 1179 1551 1201 esse

843 1223 878 1247 et
903 1217 937 1247 in
964 1217 1102 1249 Lucano
1127 1228 1210 1251 vm.
1236 1222 1312 1252 259.
1330 1220 1403 1260 jam
1426 1220 1552 1252 dudum

842 1266 1031 1300 docuerunt
1058 1270 1121 1300 viri
1149 1270 1286 1302 eruditi.
1330 1271 1423 1302 Male
1447 1272 1551 1312 vulgo

836 1318 1071 1358 jungebantur
1080 1321 1240 1352 celeritate
1254 1332 1377 1362 paucos,
1387 1323 1440 1361 Syc.
1464 1322 1552 1354 Post

840 1369 999 1400 celeritate
1025 1369 1186 1401 distinxi:
1221 1380 1287 1402 non
1317 1372 1404 1402 enim
1433 1372 1553 1403 eadem

841 1419 1021 1450 celeritate
1053 1424 1106 1451 est
1135 1426 1257 1452 nactus
1284 1431 1362 1452 suos
1390 1431 1431 1452 ex
1458 1421 1552 1461 fuga,

841 1468 901 1500 sed
929 1469 1046 1500 eadem
1071 1471 1250 1502 celeritate
1277 1481 1342 1502 nou
1367 1472 1552 1503 intermisit

841 1520 908 1550 iter
922 1524 957 1551 et
982 1521 1140 1561 pervenit
1155 1521 1197 1552 ad
1220 1518 1325 1560 mare,
1341 1522 1478 1552 interim
1502 1520 1551 1553 01⁶-

841 1568 983 1601 fendens
995 1580 1070 1601 snos
1085 1569 1268 1611 fugientes.
1290 1571 1466 1602 Praeterea
1477 1571 1551 1603 red-

842 1619 914 1650 didi
938 1619 1067 1650 Caesari
1086 1629 1200 1660 paucos
1223 1630 1305 1659 suos,
1329 1621 1419 1662 quod
1442 1627 1493 1651 est
1517 1622 1551 1652 iu

842 1669 928 1700 Mss.
965 1669 1119 1700 omnibus
1157 1675 1194 1701 et
1230 1670 1319 1701 Edd.
1357 1675 1437 1702 ante
1468 1671 1551 1702 Ald.

843 1719 988 1759 Manat„
1004 1720 1060 1760 qui
1078 1729 1138 1750 cur
1164 1721 1199 1751 id
1215 1721 1408 1759 mutaverit,
1424 1721 1550 1752 nescio.

843 1769 951 1809 Bene,
967 1770 994 1800 si
1012 1780 1030 1800 e
1047 1770 1132 1801 Mss.

887 1828 999 1851 xcvu.
1027 1822 1045 1850 3
1072 1820 1336 1860 Circunununire]
1382 1822 1437 1852 Sic
1464 1821 1550 1853 Mss.

844 1870 930 1910 Reg.
949 1875 984 1901 et
1006 1870 1134 1901 Eliens.
1159 1876 1194 1901 et
1210 1870 1303 1901 Edit.
1327 1871 1426 1901 Rom.
1464 1873 1551 1904 Qnae

843 1930 909 1952 vox
926 1921 1052 1952 Caesari
1075 1921 1211 1952 usitata.
1249 1921 1403 1960 Scaliger
1425 1926 1462 1951 et
1486 1921 1551 1952 Re-

844 1971 1023 2010 centiores,
1057 1970 1288 2001 circumtenire.
1330 1970 1437 2000 Clark.
1480 1971 1553 2001 Cir-

842 2021 1015 2052 cumcenire
1041 2030 1108 2051 non
1131 2031 1152 2052 a
1178 2020 1361 2059 Scaliger-0,
1384 2019 1443 2051 sed
1461 2019 1551 2052 Aldu

844 2071 972 2103 editum
994 2077 1068 2103 est:
1093 2071 1184 2112 quod
1207 2075 1244 2101 et
1265 2070 1379 2101 inveni
1401 2070 1436 2100 iu
1461 2070 1550 2102 Edd.

842 2122 931 2152 Veu.
945 2124 1040 2152 1517.
1058 2121 1191 2152 Manut.
1204 2120 1334 2162 Gryph.
1347 2125 1383 2151 et
1399 2121 1550 2152 Plantin.

842 2171 932 2202 Item
963 2171 996 2202 in
1035 2172 1102 2202 Ms.
1136 2171 1311 2202 ciacconii
1349 2180 1390 2202 ac
1421 2172 1550 2204 Lovan.

844 2222 956 2254 Quare
986 2222 1034 2252 nil
1064 2226 1179 2259 muta;
1215 2222 1299 2253 licet
1328 2222 1449 2262 reliqui
1482 2222 1551 2254 mei

844 2271 949 2302 etiam
971 2271 1207 2302 circummunire
1233 2270 1441 2310 praeferant:
1472 2281 1551 2303 nam

845 2325 965 2352 contra
991 2319 1093 2350 iidem
1119 2325 1154 2350 et
1177 2320 1233 2350 alii
1256 2319 1400 2351 Codices
1421 2320 1552 2352 habent

844 2373 886 2403 B.
903 2372 976 2403 Civ.
994 2381 1018 2403 1.
1031 2375 1083 2403 18.
1107 2374 1117 2389 ‘
1132 2371 1310 2412 Oppidum
1325 2372 1413 2402 vallo
1430 2373 1551 2403 castel-

843 2422 952 2463 lisque
975 2422 1221 2453 circumvenire
1234 2421 1253 2452 ι’
1279 2422 1335 2453 ubi
1358 2421 1448 2453 vide.
1489 2422 1551 2454 Ce-

844 2476 954 2503 terum
979 2473 1014 2503 in
1037 2472 1258 2503 Leidensibus
1284 2479 1443 2503 exaratur
1458 2473 1553 2514 dffsi

844 2533 878 2554 eo
908 2524 981 2554 loco.
1027 2522 1129 2557 Quod
1159 2523 1264 2554 nihilo
1301 2528 1354 2554 est
1387 2523 1550 2554 deterius.

846 2575 993 2606 Consule
1017 2580 1136 2605 notata
1152 2574 1196 2605 ad
1213 2575 1252 2604 B.
1277 2574 1315 2605 C.
1343 2583 1366 2604 1.
1382 2576 1434 2604 12.
1460 2574 1468 2588 ⁶
1486 2571 1551 2602 dif-

845 2624 924 2655 fisus
944 2625 1120 2665 municipii
1137 2625 1312 2656 voluntate
1324 2624 1343 2654 :’
1360 2632 1397 2654 ut
1412 2623 1481 2653 illic
1496 2627 1551 2653 est

845 2674 880 2704 iu
897 2674 981 2705 Mss.
1000 2675 1183 2714 plerisque.

889 2729 907 2756 5
940 2724 1176 2762 L'nicersijun's
1190 2723 1254 2762 <ius
1275 2723 1432 2753 larissam
1448 2731 1551 2753 tersus

844 2783 877 2805 se
898 2774 1049 2815 recipere]
1087 2773 1144 2805 Sic
1173 2782 1306 2814 qnoque
1335 2772 1458 2803 Petav.
1485 2772 1550 2804 uisi

1392 2828 1410 2855 5
1428 2825 1461 2856 D
