1850 3109
536 191 598 220 1)ss
632 190 746 219 vir».
778 188 910 219 sunu
944 188 1177 220 oAESAius.
1463 181 1576 223 1837

127 291 306 330 liceretne
325 291 487 336 civibus,
523 290 628 340 quod
658 289 825 339 fugitivis
844 287 1033 326 interdum
1054 301 1099 326 ac
1125 287 1374 338 praedonibus
1394 289 1575 336 licuisset,

125 355 271 406 legatos
292 355 339 391 de
364 368 460 404 pace
482 355 644 398 mittere,
679 367 724 390 nc
746 353 848 390 cives
870 353 965 390 inter
986 366 1023 389 se
1052 351 1203 389 funesto
1225 353 1352 390 Marte
1372 365 1577 392 concurre-

124 425 222 463 rent,
260 424 298 455 et
328 431 482 455 suorum
516 418 690 455 manibus
726 418 938 454 Romanuin
973 421 1185 454 everterent
1206 416 1429 466 imperium:
1460 417 1578 454 multa

125 494 280 532 quoque
301 481 458 518 humilia
475 482 604 527 verba,
625 488 662 518 et
682 495 780 530 quae,
803 489 845 518 ut
865 480 957 524 (lixi,
998 480 1164 518 timentis
1192 480 1311 517 videri
1333 486 1491 529 possent
1510 480 1578 516 nisi

124 557 148 582 a
167 545 318 582 Caesare
348 545 581 583 dicerentur.
638 545 750 582 Paret
768 546 830 582 ille
851 551 888 581 et
908 544 955 580 ad
977 544 1097 593 ripam
1118 543 1237 581 amnis
1260 543 1456 593 profectus
1475 555 1582 580 man·

125 607 215 646 data
235 609 291 646 sui
311 608 420 647 ducis
453 609 668 659 exequitur,
705 615 743 646 et
773 608 822 645 ab
856 613 1017 656 utraque
1050 606 1214 655 partium
1250 606 1391 656 ingenti
1424 606 1578 644 silentio

122 671 275 709 auditus
309 679 392 717 est;
423 685 726 722 responsumque
763 672 811 709 ab
846 670 1020 715 adverso,
1060 669 1166 719 quod
1201 670 1322 707 Aulus
1359 671 1479 708 Varro
1516 670 1578 708 die

124 735 300 784 proxima
319 735 367 773 ad
388 735 624 785 colloquium
645 735 813 773 veniret:
834 735 948 785 legati
968 741 1097 772 autem
1119 740 1204 771 tuto
1224 740 1263 771 et
1278 734 1402 771 venire
1422 740 1581 784 possent

126 804 164 836 et
195 812 282 848 quae
320 799 457 837 vellent
492 799 612 848 loqui.
667 799 820 836 Vatinio
852 811 1008 849 quoque
1041 797 1123 834 dies
1155 796 1291 834 eadem
1327 795 1376 833 ad
1414 796 1579 835 reditum

125 862 310 912 proefixa:
341 864 407 913 qui
441 876 530 901 cum
563 863 738 909 venisset,
777 869 815 901 et
847 863 908 900 ille
941 861 989 899 ad
1023 860 1224 898 cundem¹³
1251 859 1437 907 rediisset,
1467 861 1581 899 turba

127 928 261 977 ingens
283 927 459 976 utrinque
478 933 719 973 convenerat,
754 926 906 964 intentis
929 932 969 963 ut
990 924 1192 962 videbatur
1211 923 1259 961 ad
1289 936 1427 973 pacem
1447 923 1580 961 animis

127 989 219 1028 dum
239 1004 298 1027 res
316 991 365 1028 ad
398 991 540 1028 bonum
561 991 703 1028 exitum
725 1003 847 1041 prona
867 996 977 1028 esset.
1034 988 1225 1026 Labienus
1245 986 1402 1037 prodiit,
1432 993 1470 1025 et
1489 1000 1579 1025 cum

126 1054 281 1092 Vatinio
302 1054 472 1104 colloqui
493 1055 609 1104 coepit
629 1061 746 1104 atque
766 1053 1013 1097 contendere,
1035 1058 1074 1090 ut
1096 1052 1161 1102 qui
1181 1051 1323 1101 ingenti
1343 1051 1433 1088 odio
1455 1052 1584 1089 Caesa-

125 1130 204 1155 rem
225 1116 369 1154 odisset
389 1133 396 1155 :
421 1117 532 1168 [197]
554 1117 627 1154 tela
647 1117 838 1166 utrimque
860 1116 973 1154 missa
994 1128 1207 1153 sermonem
1227 1114 1418 1152 dirimere.
1473 1114 1581 1153 Vati-

127 1180 232 1218 nium
252 1181 364 1218 armis
385 1180 527 1217 milites
560 1186 824 1230 protexerunt,
855 1179 964 1216 multi
985 1185 1113 1216 autem
1135 1178 1334 1222 vulnerati,
1356 1178 1582 1216 nominatim

127 1244 326 1282 Cornelius
364 1244 508 1282 Balbus
539 1250 579 1282 et
611 1244 853 1282 centuriones
889 1243 1108 1292 militesque
1145 1241 1230 1279 alii:
1262 1242 1365 1278 hunc
1402 1242 1582 1279 effectum

126 1307 224 1345 inter
242 1307 497 1357 Pompejanos
528 1307 664 1344 habuit
696 1320 766 1356 per
797 1307 990 1344 Caesarem
1023 1312 1099 1343 tam
1121 1304 1314 1342 humiliter
1345 1317 1421 1353 pax
1442 1303 1584 1342 delata.

127 1370 321 1408 Labienus
343 1383 433 1407 vero
465 1370 575 1420 quasi
607 1369 786 1407 facinoris
813 1382 976 1418 compos
995 1368 1159 1418 egregii:
1191 1373 1200 1387 ‘
1224 1368 1424 1414 Desinite‚'
1442 1367 1581 1419 inquit,

128 1434 236 1484 ‘jam
256 1433 305 1471 de
326 1445 422 1483 pace
442 1445 576 1483 agere:
608 1446 685 1483 pax
706 1433 806 1470 enim
826 1433 895 1469 nisi
920 1438 1058 1469 trunco
1089 1437 1129 1469 et
1158 1430 1291 1468 oblato
1312 1431 1422 1468 nobis
1456 1431 1582 1482 capite

127 1497 287 1535 Caesaris
308 1509 506 1546 nunquam
529 1496 634 1534 erit:'
663 1495 809 1533 dictum
842 1496 1047 1546 pessimum
1081 1501 1120 1532 et
1151 1494 1277 1532 nescio
1307 1494 1432 1545 iniqui
1463 1495 1584 1545 magis

128 1559 306 1603 hominis,
337 1572 385 1597 an
414 1559 589 1597 amentis.
643 1560 809 1596 Venerat
829 1559 865 1596 in
896 1558 1058 1608 Epirum
1078 1558 1223 1603 Caesar,
1256 1557 1372 1595 rebus
1403 1558 1442 1595 in
1473 1558 1584 1596 Italia

127 1635 199 1674 pro
231 1629 404 1673 tempore
443 1623 651 1672 dispositis,
684 1630 846 1676 propter
878 1622 1163 1660 festinationem
1202 1620 1360 1671 quidem
1398 1620 1474 1659 fine
1505 1635 1584 1659 non

129 1693 349 1736 expectato,
372 1686 438 1724 sed
459 1686 593 1724 relicto
613 1686 659 1723 ad
681 1687 939 1724 Brundusium
957 1686 1126 1724 Antonio
1146 1698 1234 1722 cum
1256 1691 1364 1734 parte
1384 1685 1583 1730 exercitus,

130 1761 246 1799 quam
266 1749 467 1798 trajecisse
487 1749 713 1800 nequiverat
730 1763 738 1787 ε
769 1756 812 1787 ut
831 1749 1055 1799 conquisitis
1077 1749 1223 1786 scilicet
1242 1761 1289 1786 ac
1308 1747 1462 1786 resectis
1482 1749 1586 1786 navi-

129 1811 216 1856 bus,
250 1812 311 1849 ille
330 1825 414 1850 eam
435 1820 589 1862 arrepta
608 1813 873 1863 oportunitate
905 1812 1112 1861 trajiceret,
1152 1811 1256 1862 quod
1289 1824 1379 1849 cum
1413 1811 1585 1862 cupienti

130 1886 207 1911 non
230 1874 323 1912 satis
343 1875 600 1925 expediretur,
636 1881 741 1913 tanta
763 1882 842 1914 erat
870 1875 1110 1926 impatientia
1133 1875 1390 1924 expectandi:
1422 1874 1472 1912 ad
1493 1888 1584 1913 evo·

130 1937 276 1975 candos
297 1938 384 1975 viva
404 1951 515 1984 voce,
553 1952 650 1988 quos
672 1951 775 1988 saepe
795 1939 1060 1989 nequidquam
1090 1938 1206 1976 literis
1227 1944 1441 1983 evocasset,
1474 1938 1586 1975 tumi-

131 1999 223 2038 dum
245 2000 368 2038 ventis
387 2013 491 2038 mare
518 2001 665 2050 ingredi
696 2002 902 2051 piscatoria
922 2002 1051 2039 cimba
1081 2001 1184 2038 solus
1215 2001 1440 2050 intempesta
1473 2008 1586 2040 nocte

131 2075 206 2100 non
233 2062 380 2100 timuit:
412 2063 478 2100 sed
499 2063 664 2112 rejectus
684 2064 731 2101 ad
762 2070 900 2101 terram
920 2063 1041 2102 fluctu
1060 2063 1199 2109 valido,
1234 2063 1304 2101 iter
1330 2064 1583 2111 temerarium,

131 2137 205 2162 non
226 2131 340 2169 metu,
363 2125 429 2162 sed
450 2127 677 2164 necessitate
697 2126 889 2165 destituit:
912 2134 1004 2164 nota
1023 2134 1080 2164 est
1100 2140 1173 2164 vox
1191 2127 1274 2176 ejus
1296 2127 1342 2163 ad
1364 2128 1585 2166 exterritum

131 2194 325 2226 nocturno
345 2201 499 2238 aequore
520 2190 685 2239 ¹4eoque
717 2190 890 2239 periculo
922 2191 1241 2238 gubernatorem:
1274 2195 1283 2210 ‘
1306 2190 1410 2234 Quid
1445 2197 1486 2227 tu
1511 2204 1586 2229 me-

133 2250 220 2297 tuis,
256 2251 450 2288 Caesarem
471 2251 604 2288 vehis-⁹
630 2252 850 2289 Consecuto
878 2265 965 2289 cum
997 2253 1175 2289 omnibus
1197 2252 1320 2301 copiis
1352 2253 1487 2302 paucis
1508 2254 1587 2293 die·

133 2315 204 2352 bus
225 2314 409 2359 Antonio,
442 2321 480 2351 et
500 2314 664 2351 admotis
683 2315 731 2351 ad
753 2315 902 2352 hostem
922 2315 1068 2360 castris,
1105 2315 1227 2352 indies
1248 2316 1366 2365 magis
1400 2330 1445 2354 ac
1466 2319 1586 2368 magis

132 2376 313 2422 instabat,
335 2390 435 2414 nuuc
454 2377 578 2415 aciem
597 2377 842 2427 explicando,
859 2391 960 2415 nunc
976 2379 1104 2416 hostes
1125 2378 1173 2416 ad
1194 2379 1364 2428 proeliuni
1384 2379 1585 2427 irritando,

133 2452 236 2478 nunc
275 2440 512 2477 Durachium
550 2440 836 2490 oppugnando:
877 2447 915 2478 et
944 2454 1101 2491 perosus
1134 2455 1273 2487 moras,
1308 2450 1346 2480 et
1383 2443 1585 2482 celeritatis

134 2502 398 2548 avidissimus;
430 2504 666 2553 cupiensque
699 2505 958 2551 vehementer,
991 2514 1035 2543 ut
1063 2506 1284 2556 quicunque
1315 2506 1464 2544 futurus
1490 2513 1587 2544 esset

138 2565 228 2604 belli
257 2566 392 2614 exitus,
427 2566 553 2604 statim
581 2574 703 2605 esset:
733 2569 860 2606 omnia
891 2568 1057 2607 frustra:
1087 2582 1176 2607 nam
1199 2576 1238 2608 et
1267 2569 1501 2608 Durachium
1531 2569 1586 2606 in-

542 2705 581 2735 13
605 2702 718 2745 Adde,
740 2704 933 2739 locum-14
956 2707 1072 2748 Forte,
1087 2710 1186 2748 atque,
