1850 3109
587 209 683 238 MB-
716 209 779 238 DE
813 208 969 238 BELLO
1002 208 1152 238 ALEX-

151 305 241 337 unde
267 305 319 337 hae
347 304 452 335 moles
473 302 544 343 jaci
563 306 684 342 coeptae
700 302 787 339 sint;
813 306 850 331 nt

150 357 283 389 initium
301 354 456 396 ceperint
472 363 492 384 a
515 352 746 392 superioribus
765 351 851 391 regi-

153 408 283 445 onibus,
307 413 340 436 et
376 405 424 436 ita
447 404 480 434 in
507 413 600 434 mare
632 403 763 441 longius
793 413 849 433 ex-

151 463 256 489 tensa>
271 454 408 486 fuerint.
453 455 530 486 Quo
546 463 645 484 sensu
669 453 768 484 facile
786 454 850 485 lec-

151 508 199 538 tio
214 506 347 541 vuluata
364 514 398 535 se
412 504 498 535 tueri
514 508 638 544 potest.
671 505 717 535 Ut
736 514 849 535 verum

1488 202 1604 245 1531

904 302 937 332 in
962 302 1038 341 Cuj.
1062 307 1098 333 et
1121 302 1197 333 Pet.
1216 306 1288 332 orat
1306 304 1399 335 misit.
1444 305 1522 335 Sine
1548 308 1606 339 ad.

897 352 1020 391 juncto
1043 362 1122 382 vasu
1142 353 1219 392 poni
1236 352 1268 382 id
1284 353 1426 384 vidimus
1445 356 1484 385 ad
1504 357 1542 386 Β.
1562 359 1606 389 G.

906 412 930 434 ι.
963 407 1014 434 34.
1065 403 1134 433 Pro
1164 405 1305 442 regiones
1333 415 1409 434 vero
1434 407 1608 445 provincias

905 458 1064 484 exaratur
1082 455 1112 484 in
1131 454 1208 484 Pet.
1224 455 1313 485 Scal.
1331 455 1438 496 Boug.
1466 456 1609 488 Leiden-

903 505 1008 542 sibus,
1038 506 1134 536 Voss.
1175 505 1214 535 In
1247 506 1358 537 Palat.
1388 512 1422 538 et
1451 509 1559 540 Dorv.
1579 520 1608 540 o.

152 562 262 588 tamen
279 554 401 592 fatear,
418 554 528 584 malim
546 564 609 592 ego
633 564 764 595 quoque
790 554 850 585 Re-
899 555 1075 594 prorincias
1095 557 1280 596 propinquas
1294 558 1420 589 circum.
1453 558 1550 590 Adeo
1571 566 1610 591 ut

147 605 252 645 gibus,
268 605 457 644 praesertim
485 614 560 635 cum
585 605 647 634 hoc
675 604 850 635 confirme-

150 660 207 686 tur
223 664 242 685 a
259 654 386 686 Codice
414 654 590 692 Vossiano,
615 653 648 683 in
666 663 732 693 quo
758 654 849 684 clare

149 707 198 739 ita
214 707 336 737 inveni.
369 707 394 736 A
412 715 479 746 sup.
506 706 548 735 iis
568 705 746 744 regionibus
768 705 849 735 Lov.

149 758 204 789 De
229 757 277 787 his
304 756 448 787 molibus
473 755 527 786 adi
558 756 669 786 Arum.
697 755 851 786 Marcell.

150 816 243 839 xxn.
263 810 313 838 16.
328 812 363 838 et
375 807 422 837 ibi
438 806 549 836 Vales.

191 862 231 890 lo
256 857 389 897 Pharos]
437 857 491 887 Sic
533 855 619 887 bene
646 855 766 886 Petav.
791 864 852 895 pro

149 908 295 943 Pharus,-
319 911 356 937 ut
372 916 448 937 mox
472 906 504 936 in
521 905 604 936 Lov.
618 905 697 936 Pet.
714 909 748 935 et
765 905 853 935 Dor-

149 958 220 989 vill.
234 968 272 989 ac
288 957 401 998 primis
420 955 636 994 editionibus,
653 955 702 985 uti
720 959 756 984 et
773 954 854 985 Aldi

151 1013 185 1039 et
212 1008 285 1038 aliis
317 1012 369 1038 est
399 1006 546 1036 Pharon:
586 1004 674 1045 quod
707 1004 852 1044 reposui.

153 1059 278 1089 Pharus
300 1058 435 1099 quidem
461 1063 496 1087 et
527 1056 568 1086 ad
587 1055 728 1085 Pharum
752 1063 855 1095 supra

151 1109 298 1140 retinent
332 1109 414 1139 Mss.
446 1115 573 1137 omnes.
630 1105 757 1134 Verum
789 1114 855 1135 non

148 1160 284 1197 dubito,
296 1159 373 1200 quin
387 1162 423 1188 et
437 1157 505 1188 iilic
519 1155 623 1186 scribi
637 1154 761 1185 debeat
770 1155 853 1185 Pha-

149 1220 200 1242 ros
215 1215 251 1241 et
267 1209 404 1240 Pharon.
449 1205 550 1239 Quod
572 1210 622 1236 est
653 1204 686 1234 in
707 1204 792 1235 Mss.
817 1209 853 1234 et

152 1261 239 1293 Edd.
256 1261 296 1291 B.
312 1256 481 1290 Alexand.
506 1266 535 1287 c.
554 1259 605 1287 14.
634 1255 682 1286 sic
712 1254 853 1294 Thapson

152 1312 236 1344 Mss.
266 1311 306 1342 B.
330 1308 439 1341 Afric.
464 1317 494 1339 c.
517 1309 570 1337 44.
620 1304 855 1344 Comprehendit

151 1363 252 1394 estin
270 1363 364 1393 Carr.
390 1359 485 1391 Leid.
513 1368 583 1389 sec.
608 1361 644 1388 et
666 1357 764 1387 Voss.
788 1355 853 1387 Ed.

152 1414 243 1445 Flor.
276 1411 344 1443 Sed
369 1411 448 1441 Pet.
478 1408 602 1448 Scalig.
627 1406 721 1438 Leid.
754 1405 854 1446 prim.

149 1464 324 1505 prehendit.
369 1461 472 1500 Vere,
488 1464 526 1490 ut
539 1463 639 1499 puto.
664 1456 762 1496 virg.
779 1456 854 1487 AEn.

150 1524 190 1547 11.
214 1516 288 1546 322.
318 1514 327 1530 ‘
346 1512 456 1545 Quam
484 1508 680 1551 prendimus
706 1516 819 1538 arcem
832 1505 854 1535 ?'

151 1565 283 1597 Lucan.
307 1572 342 1593 V.
359 1565 432 1593 575.
457 1560 584 1591 ‘liceat
609 1562 731 1589 vexata
751 1557 854 1588 litora

154 1624 268 1658 puppe
285 1611 487 1646 l'rendere.'

197 1676 235 1704 15
260 1670 406 1710 Dimisit]
434 1669 488 1700 Sic
513 1667 631 1698 melius
651 1664 763 1696 edidit
777 1664 857 1695 Sca-

152 1726 250 1763 liger,
276 1731 374 1763 qnam
403 1719 491 1761 quod
522 1719 555 1749 in
585 1715 755 1757 prioribus
786 1719 858 1745 erat

153 1774 241 1806 Edd.
268 1773 403 1804 demisit.
447 1769 514 1800 Sed
539 1769 572 1799 in
595 1766 781 1808 plerisque,
807 1765 857 1796 uti

154 1831 189 1856 et
214 1823 302 1855 Edd.
328 1821 458 1862 primis,
483 1823 558 1849 erat
583 1816 729 1848 deduxit:
755 1820 857 1856 atque

152 1877 201 1906 ita
218 1874 292 1905 Pal.
315 1873 425 1912 Bong.
447 1870 546 1901 voss.
571 1868 666 1899 Leid.
685 1875 751 1897 sec.
767 1867 858 1896 Dor-

153 1925 222 1957 vill.
236 1925 361 1956 Lovan.
381 1922 497 1954 Ciacc.
533 1917 638 1950 Aliud
656 1917 735 1959 quid
752 1917 858 1947 latere

154 1977 279 2008 docent
301 1973 390 2005 Scal.
414 1970 511 2003 Leid.
534 1979 585 2010 pr.
610 1968 726 2008 Cujac.
745 1971 780 1998 et
796 1967 860 1997 Pe-

152 2033 222 2058 tav.
238 2024 366 2056 defluxit
383 2022 559 2052 habentes.
605 2020 683 2051 Quo
705 2016 785 2058 quid
801 2026 860 2047 ex-

156 2075 344 2108 tricandum
361 2073 417 2113 sit,
433 2071 557 2102 nescio.
592 2069 662 2100 Pro
676 2069 760 2099 Var.
777 2068 858 2099 lect.

902 604 1015 635 forsan
1043 606 1075 635 in
1104 606 1182 637 solis
1209 607 1286 647 Cuj.
1315 614 1350 639 et
1380 609 1462 641 Lov.
1488 610 1531 640 sit
1562 621 1609 642 re-

901 656 1022 694 giones.

948 710 989 737 20
1014 707 1085 738 Hoc
1107 707 1226 748 tractu]
1256 709 1312 739 Sic
1328 715 1440 741 exstat
1462 711 1495 740 in
1520 711 1609 742 Edd.

907 756 1038 795 Rosea,
1065 758 1217 789 Plautini
1246 764 1281 790 et
1307 770 1402 800 seqq.
1437 761 1610 802 Juvatque

907 807 1016 847 Bong.
1034 808 1116 838 Cod.
1141 809 1215 840 haec.
1261 809 1308 840 At
1337 811 1367 840 in
1392 812 1560 850 prioribus
1575 817 1611 843 et

908 858 989 889 Mss.
1006 859 1088 889 meis
1113 859 1333 900 aliorumque,
1351 866 1513 901 qnantum
1529 862 1612 902 scio,

906 908 1066 939 scribitur
1081 918 1144 944 nec,
1161 909 1232 939 sine
1257 919 1366 941 sensu.
1415 911 1562 942 Fa'e'rnus
1579 913 1613 942 in

906 957 961 988 hoc
976 961 1101 989 tractu:
1126 968 1191 999 quo
1216 958 1346 991 faciunt
1370 962 1471 992 variae
1497 962 1613 993 lectio-

908 1018 966 1039 nes
991 1008 1146 1040 Leidens.
1171 1019 1220 1050 pr.
1246 1017 1281 1041 et
1310 1011 1436 1042 Lovan.
1465 1013 1497 1042 in
1526 1022 1611 1043 voce

909 1059 1131 1099 praecedenti.
1179 1061 1326 1092 Videtur
1354 1063 1456 1093 etiam
1487 1063 1612 1103 verior,

910 1114 943 1139 et
958 1119 1000 1139 ex
1015 1110 1047 1140 in
1065 1121 1098 1140 oc
1115 1109 1241 1141 factum
1258 1120 1333 1143 esse
1350 1112 1508 1143 vitiosum
1524 1123 1588 1145 nec.

951 1162 992 1190 30
1030 1161 1161 1198 Magnis
1189 1162 1270 1191 enim
1297 1162 1449 1202 jacturis]
1495 1164 1614 1195 Codex

907 1208 1027 1239 Brant.
1065 1209 1118 1249 (et
1145 1209 1245 1249 Lov.)
1264 1221 1444 1251 perperam
1475 1214 1616 1245 exhibet

907 1259 1056 1289 aucturis.
1087 1259 1241 1291 Jacturae
1258 1266 1337 1292 sunt
1353 1262 1440 1293 dona
1457 1263 1527 1294 sive
1544 1274 1615 1295 mu-

909 1318 1001 1339 nera.
1043 1309 1133 1340 Vide
1162 1315 1269 1342 notat.
1294 1312 1337 1342 ad
1363 1313 1403 1343 B.
1422 1314 1466 1344 G,
1488 1323 1536 1345 VI.
1563 1317 1615 1346 12.

908 1358 1015 1390 Simili
1049 1358 1120 1390 fere
1153 1361 1253 1392 modo
1289 1363 1479 1402 hujusmodi
1515 1364 1616 1405 largi-

909 1410 1017 1441 tiones
1042 1411 1153 1441 damna
1183 1413 1394 1453 nuncupavit
1424 1414 1553 1446 Plinius
1582 1415 1616 1446 in

910 1460 995 1491 Pan.
1013 1471 1042 1492 c.
1063 1464 1112 1492 12.
1138 1462 1248 1493 Daris.

952 1513 993 1542 32
1019 1511 1055 1542 ln
1078 1515 1171 1552 parte
1203 1513 1351 1554 Coesaris]
1378 1514 1475 1545 Leid.
1502 1525 1554 1555 pr.
1584 1515 1615 1546 in

906 1565 1049 1602 partem.-
1082 1568 1115 1593 at
1148 1562 1307 1594 Nicasius
1338 1564 1477 1604 legebat
1503 1565 1535 1595 z'n
1563 1575 1616 1604 po-

909 1616 1032 1644 testate.
1086 1613 1188 1652 Male,
1220 1614 1387 1644 Pothinus
1425 1615 1622 1655 simulabat,

912 1671 947 1693 se
977 1666 1097 1693 contra
1127 1662 1287 1694 Achillan
1316 1669 1351 1694 et
1381 1663 1551 1695 Arsinoen
1583 1665 1617 1695 iu

912 1712 1067 1753 partibus
1081 1722 1156 1744 esse
1173 1713 1387 1745 Caesarianis.
1418 1715 1530 1746 Quare
1547 1715 1618 1755 ejus

914 1763 1060 1803 perfidia
1072 1764 1298 1804 deprehensa,
1311 1766 1439 1797 occidit
1453 1776 1527 1796 eum
1545 1768 1619 1798 Cae-

913 1823 979 1846 sar.
1024 1815 1120 1845 Bene
1145 1815 1179 1845 id
1206 1816 1333 1846 monuit
1361 1826 1494 1857 quoque
1524 1817 1619 1848 Ciac-

914 1873 988 1895 con.
1002 1864 1129 1895 addens
1146 1865 1255 1896 locum
1273 1866 1378 1897 Hirtii
1400 1866 1440 1897 de
1458 1868 1498 1898 B.
1516 1866 1618 1898 Alex.

914 1923 944 1944 c.
962 1917 993 1944 7.
1040 1914 1049 1930 ‘
1066 1915 1149 1945 Erat
1174 1924 1295 1955 magna
1320 1916 1502 1947 multitudo
1524 1917 1619 1957 oppi-

913 1965 1078 1996 danorum
1102 1965 1136 1995 in
1159 1970 1259 2006 parte
1280 1966 1448 1998 Caesaris!
1482 1968 1620 1998 Terent.

914 2015 1021 2047 Andr.
1040 2025 1078 2046 11.
1095 2020 1124 2046 5.
1142 2019 1173 2047 8.
1197 2017 1206 2033 ‘
1224 2017 1362 2049 Nostra>
1380 2017 1482 2049 timeo
1497 2019 1584 2059 parti
1599 2018 1619 2048 :’

914 2071 949 2098 et
965 2066 1103 2108 passim.

241 2383 362 2431 DE
434 2381 742 2430 BELLO
815 2377 1532 2427 ALEXANDRINO

802 2531 972 2569 LIBER.

201 2658 243 2689 A.
274 2659 381 2690 Hirtii
420 2659 549 2700 Pansae]
590 2660 713 2701 Inepte
739 2661 789 2692 ita
814 2661 863 2692 in-

163 2709 267 2740 scribi
281 2709 382 2741 docui
399 2711 441 2741 ad
458 2711 591 2742 initium
615 2711 638 2742 1.
662 2720 761 2743 vnn:
786 2721 864 2742 cum

917 2661 1036 2692 mines.
1084 2658 1180 2699 Oppii
1197 2657 1267 2688 sive
1291 2655 1395 2686 Hirtii
1422 2653 1509 2684 Edd.
1527 2653 1623 2683 Vett.

918 2711 986 2742 Sed
1003 2711 1044 2741 A.
1064 2709 1171 2740 Hirtii
1193 2706 1392 2746 simpliciter
1409 2704 1571 2743 Bougars.
1589 2709 1623 2733 et

161 2757 299 2790 Hirtius
315 2764 351 2791 et
373 2761 486 2791 Pansa
506 2761 632 2792 diversi
657 2760 786 2793 fuerint
807 2762 865 2792 ho-
919 2760 1019 2792 Leid.
1035 2769 1104 2792 sec.
1123 2758 1220 2789 bene.
1264 2754 1334 2786 Alii
1359 2753 1508 2793 Caesaris,
1530 2753 1624 2790 Celsi,
