1850 3109
239 205 350 247 187ss
648 215 702 247 ..ιι
735 214 867 246 erasi
910 213 1258 245 COMMENTARH

236 323 349 353 antea
382 316 625 357 dixeramus:
658 317 853 366 quomodo
885 323 1010 353 antem
1046 317 1309 366 triumpharet,
1341 321 1405 352 aut
1437 328 1513 365 qun
1542 314 1687 351 ratione

239 381 483 430 quiesceret?
521 381 569 418 (le
596 394 673 431 quo
712 381 896 429 scriptum
936 379 1003 416 sit:
1036 380 1083 415 nil
1118 387 1247 416 actum
1286 378 1445 416 credens
1477 392 1566 415 cnm
1596 377 1687 427 quid

238 453 454 494 superesset
484 446 686 493 agendum.
745 444 841 479 Cum
875 441 1004 478 adliuc
1040 441 1227 478 bellorum
1256 449 1294 479 et
1328 443 1500 479 laborum
1534 441 1690 479 materia

236 515 459 558 superesset,
483 507 660 557 l’ompeji
681 506 805 555 magni
826 505 890 542 tilii
912 504 1135 555 Hispaniam
1166 512 1428 554 occuparent;
1459 506 1690 554 sequebatur

237 578 364 609 autem
385 572 467 607 illos
497 583 571 607 non
593 569 749 618 quidem
783 569 904 619 patris
927 569 1058 612 virius,
1081 567 1147 605 sed
1181 568 1377 605 hominum
1406 568 1515 605 favor
1539 569 1687 618 ingens,

237 642 275 671 et
312 641 510 684 paternum
548 647 700 671 nomen.
758 635 892 671 Gneus
920 646 965 670 ac
1001 634 1151 677 Sextus,
1186 632 1239 670 sic
1270 645 1339 681 pro
1371 645 1447 669 nno
1475 634 1572 669 duos
1604 632 1691 669 sub-

238 699 412 736 stituerat
447 698 598 735 fortuna
629 697 884 747 ⁶Pompejus:
926 704 1132 747 egerutqne
1166 698 1299 735 Gneus
1330 696 1452 744 major
1489 703 1593 741 natu,
1628 697 1691 733 cni

237 761 323 811 plus
343 761 536 798 industriae
557 762 675 798 inerat
693 768 807 810 atque
829 761 990 803 consilii,
1010 760 1265 810 confugiendo
1283 759 1319 797 in
1336 759 1452 797 fidem
1471 773 1515 797 ac
1534 760 1688 797 cliente-

237 825 310 862 lam
333 825 504 862 onmium
528 825 722 874 Hispaniae
754 824 966 867 civitatum,
997 823 1269 873 prccamloque
1302 831 1339 860 et
1366 823 1554 860 fortunam
1585 836 1688 861 snam

236 889 466 933 miserando,
488 889 684 939 patrisque
718 887 940 925 memoriam
972 886 1211 930 renovand0;
1244 893 1286 923 ut
1309 887 1392 935 jam
1422 887 1492 923 sibi
1526 887 1687 924 licentiae

236 953 397 991 multum
428 959 579 1003 partum
602 959 697 990 esset
716 967 723 990 :
765 965 834 990 nec
856 952 1035 1001 precibus
1065 957 1229 995 tantum,
1251 949 1317 986 sed
1340 950 1376 986 vi
1395 950 1508 987 etiam
1535 963 1691 1000 congre-

234 1023 323 1067 gato
343 1016 529 1060 exercitu,
553 1016 735 1064 inciperet
765 1014 997 1065 provinciam
1019 1019 1180 1058 vastare,
1204 1013 1255 1050 iia
1285 1020 1324 1050 nt
1354 1013 1604 1063 pedetentim,
1625 1015 1690 1064 qni

235 1080 464 1118 favorabiles
485 1080 534 1116 ab
562 1079 667 1116 initio
698 1079 860 1124 fuerant,
893 1092 976 1116 esse
1007 1079 1218 1128 inciperent
1238 1077 1384 1114 odiosi:
1428 1077 1541 1128 [⁶249]
1570 1078 1690 1115 7ltnnc

234 1144 306 1181 sibi
326 1144 575 1181 novissimum
597 1143 704 1181 8belli
734 1156 779 1180 ac
813 1149 892 1179 tum
916 1142 1067 1178 minime
1097 1140 1365 1191 negligendum
1397 1147 1500 1178 ratus
1533 1141 1688 1185 Caesar;

232 1219 281 1244 eo
301 1208 439 1257 raptim
461 1206 742 1257 proficiscitur:
780 1205 858 1243 duo
879 1205 914 1241 in
937 1206 1009 1242 lioe
1043 1205 1113 1242 iter
1132 1205 1193 1241 vix
1214 1204 1347 1242 auditu
1381 1204 1580 1241 eredibilia
1600 1204 1692 1241 inci-

233 1271 371 1308 derunt
389 1287 398 1311 ι
439 1284 525 1308 nam
547 1277 584 1308 et
605 1271 654 1307 ab
671 1270 764 1307 urbe
784 1270 905 1307 Roma
925 1269 961 1305 in
984 1268 1209 1317 Hispaniam
1227 1269 1441 1305 ulteriorem
1462 1266 1689 1305 immensum

232 1339 341 1370 terrae
361 1335 527 1384 spatium
549 1347 738 1377 emensus,
763 1344 853 1370 1111.
871 1339 907 1369 et
927 1343 1005 1367 xx.
1023 1331 1085 1367 die
1106 1332 1301 1380 pervenit:
1333 1330 1478 1374 viatori,
1497 1343 1544 1367 ne
1560 1329 1689 1368 (licam

234 1398 430 1442 exercitui,
453 1399 628 1435 celeritas
654 1396 848 1447 optanda:
881 1408 1058 1445 magnum
1081 1395 1175 1431 hoc:
1208 1394 1311 1444 qnod
1335 1394 1508 1444 seqnitur
1538 1394 1686 1443 majus:

232 1461 368 1499 horum
397 1462 589 1512 siqnidem
621 1469 697 1500 tam
728 1473 940 1512 paucorum
971 1459 1097 1509 spatio
1124 1458 1284 1503 dierum,
1316 1465 1393 1495 tam
1424 1458 1560 1495 multas
1592 1459 1691 1495 inter

233 1538 343 1563 curas
363 1530 497 1575 poema
521 1527 685 1576 scripsit,
708 1525 812 1575 qnod
833 1524 1046 1573 inscripsit:
1090 1529 1098 1544 ‘
1113 1524 1223 1560 Iterz'
1243 1522 1346 1572 qnod
1368 1522 1459 1559 illud
1482 1521 1633 1558 scilicet
1650 1521 1688 1558 in

232 1589 366 1627 itinere
385 1590 592 1628 edidisset:
621 1591 674 1627 sic
711 1589 876 1627 Pierides
911 1587 1024 1624 armis
1055 1587 1229 1631 inserere,
1263 1593 1301 1622 et
1325 1597 1522 1634 nunqnam
1542 1584 1688 1622 otiosus

230 1666 313 1691 esse
346 1654 548 1692 didicerat.
604 1655 731 1692 Primo
760 1652 921 1690 Caesaris
954 1653 990 1688 in
1026 1651 1244 1700 Hispaniam
1274 1649 1456 1693 adventu,
1487 1648 1689 1686 civitatum

232 1724 359 1755 motus
394 1719 526 1769 ingens
562 1719 652 1756 fnit:
695 1717 863 1766 undique
896 1716 1010 1766 legati
1045 1715 1091 1752 ad
1131 1728 1232 1758 eum,
1265 1713 1434 1763 undique
1468 1712 1688 1762 transfuga).

230 1781 314 1819 Jam
345 1782 445 1819 enim
464 1782 531 1818 ⁹ad
567 1781 790 1832 Pompejani
817 1781 992 1829 juvenes,
1014 1779 1092 1815 sive
1122 1779 1157 1815 in
1187 1778 1315 1815 odium
1351 1777 1427 1813 sive
1461 1777 1497 1813 in
1531 1775 1688 1814 taedium

232 1852 377 1883 vertere
397 1855 607 1895 coeperant,
629 1853 667 1882 et
697 1852 739 1882 ut
759 1845 863 1882 nulla
883 1852 982 1889 esset
1003 1844 1040 1880 in
1069 1843 1121 1879 eis·
1143 1843 1268 1892 culpa,
1292 1854 1370 1879 mos
1399 1847 1456 1878 est
1476 1847 1600 1877 tamen
1620 1852 1689 1876 an-

231 1908 362 1958 tiquus
394 1911 639 1959 populorum,
674 1923 823 1959 semper
856 1922 976 1945 novos
1014 1908 1200 1951 dominos,
1232 1918 1346 1943 novas
1375 1918 1433 1942 res
1465 1913 1621 1954 optare:
1651 1909 1690 1940 et

229 1971 329 2008 fama
346 1974 508 2010 Caesaris
524 1973 624 2010 haud
641 1974 827 2011 immerito
848 1986 963 2023 snper
982 1985 1114 2009 omnes
1130 1977 1362 2013 excreverat,
1385 1976 1424 2005 ut
1446 1968 1604 2005 universi
1620 1967 1692 2004 ho-

230 2035 353 2072 mines
387 2037 470 2085 ejus
508 2036 711 2086 splendore
749 2043 991 2085 caperentur,
1031 2041 1292 2083 cuperentque
1324 2035 1485 2069 ¹0ceram
1521 2044 1687 2075 cernere,

231 2112 345 2148 quem
385 2113 503 2149 nsque
537 2101 635 2137 adeo
671 2100 877 2137 mirabilem
908 2099 1130 2136 audiebant.
1189 2098 1230 2134 In
1262 2098 1334 2134 lioc
1369 2096 1571 2145 principio,
1606 2097 1688 2144 ipso

230 2163 344 2200 maris
365 2163 402 2200 in
429 2164 541 2208 ostio,
572 2164 638 2200 nbi
657 2164 838 2200 Oceanus
869 2164 977 2200 terris
1004 2163 1181 2206 illabitur,
1203 2169 1240 2197 et
1272 2160 1591 2197 mediterraneum
1613 2159 1687 2195 lioc

230 2227 388 2276 pelagus
410 2234 578 2264 nostrum
597 2227 718 2276 parit;
750 2227 848 2263 inter
869 2227 1014 2275 legatos
1031 2225 1191 2262 invicem
1209 2225 1384 2273 partium,
1404 2225 1490 2261 hinc
1516 2222 1686 2267 Didium,

228 2290 332 2328 illinc
357 2292 511 2334 Varum,
531 2297 569 2327 et
597 2291 785 2327 ambobus
817 2303 904 2326 cuni
927 2291 1008 2338 ipsu
1038 2296 1262 2338 tempestate
1283 2294 1464 2325 certatum
1498 2294 1580 2325 est:
1615 2298 1687 2323 nec

231 2353 354 2390 minus
384 2367 403 2390 a
426 2354 545 2391 ventis
580 2362 617 2390 et
650 2353 832 2391 fluctibus
860 2367 972 2402 quam
1005 2354 1054 2390 ab
1083 2353 1256 2390 hostibus
1279 2351 1435 2400 periculi
1465 2358 1581 2399 atque
1603 2349 1688 2386 lior-

229 2417 337 2460 roris,
369 2418 458 2453 dnm
487 2425 523 2454 et
555 2418 641 2454 hinc
674 2419 801 2455 hostes
830 2419 1016 2461 saevirent,
1049 2424 1087 2454 et
1115 2417 1217 2453 illine
1248 2415 1433 2452 saevitiam
1465 2415 1685 2464 rabiemque

229 2480 423 2517 hominnm
449 2482 563 2517 maria
585 2486 803 2518 coercerent
828 2491 987 2530 utraque
1009 2481 1126 2517 classe
1160 2480 1258 2516 bello
1289 2479 1398 2516 simul
1420 2487 1457 2515 et
1487 2477 1686 2527 naufragio

228 2544 438 2588 laborante,
475 2544 562 2581 (luae
583 2553 718 2594 partes,
740 2545 818 2581 (luo
847 2547 975 2589 marin,
998 2545 1138 2594 duplex
1161 2544 1276 2588 snror,
1310 2543 1388 2580 duo
1408 2548 1683 2579 elementorum

270 2713 291 2744 6
316 2713 419 2753 Lege,
435 2712 674 2752 Pompejos.—7
700 2713 815 2752 Forte,
839 2712 969 2743 iwc.--s
996 2713 1099 2754 Lege,
1124 2711 1312 2743 bellum—9
1334 2709 1479 2741 Videtur
1501 2707 1682 2740 delendum

228 2767 366 2798 ‹aL—lo
383 2767 488 2807 Lege,
502 2775 614 2797 corum.
