<?xml version="1.0" encoding="UTF-8"?>
<!DOCTYPE html PUBLIC "-//W3C//DTD XHTML 1.0 Transitional//EN"
    "http://www.w3.org/TR/xhtml1/DTD/xhtml1-transitional.dtd">
<html xmlns="http://www.w3.org/1999/xhtml" xml:lang="en" lang="en">
 <head>
  <title>
</title>
<meta http-equiv="Content-Type" content="text/html;charset=utf-8" />
  <meta name='ocr-system' content='tesseract 3.04.00' />
  <meta name='ocr-capabilities' content='ocr_page ocr_carea ocr_par ocr_line ocrx_word'/>
</head>
<body>
  <div class='ocr_page' id='page_1' title='image "./operaomniaexedit04caesuoft_0171.png"; bbox 0 0 1850 3109; ppageno 0'>
   <div class='ocr_carea' id='block_1_1' title="bbox 458 192 1263 233">
    <p class='ocr_par' dir='ltr' id='par_1_1' title="bbox 458 192 1263 233">
     <span class='ocr_line' id='line_1_1' title="bbox 458 192 1263 233; baseline -0.004 0"><span class='ocrx_word' id='word_1_1' title='bbox 458 204 562 233; x_wconf 75' lang='lat' dir='ltr'>CAP.</span> <span class='ocrx_word' id='word_1_2' title='bbox 593 192 663 232; x_wconf 80' lang='lat'>59.</span> <span class='ocrx_word' id='word_1_3' title='bbox 691 200 790 230; x_wconf 72' lang='lat' dir='ltr'>me.</span> <span class='ocrx_word' id='word_1_4' title='bbox 827 201 888 230; x_wconf 73' lang='lat' dir='ltr'>oe</span> <span class='ocrx_word' id='word_1_5' title='bbox 922 200 1078 230; x_wconf 61' lang='lat' dir='ltr'>necto</span> <span class='ocrx_word' id='word_1_6' title='bbox 1111 201 1263 231; x_wconf 67' lang='lat' dir='ltr'>Amzx.</span> 
     </span>
    </p>
   </div>
   <div class='ocr_carea' id='block_1_2' title="bbox 123 292 834 2864">
    <p class='ocr_par' dir='ltr' id='par_1_2' title="bbox 125 292 834 1244">
     <span class='ocr_line' id='line_1_2' title="bbox 134 292 832 338; baseline -0.009 -10"><span class='ocrx_word' id='word_1_7' title='bbox 134 298 201 328; x_wconf 78' lang='lat' dir='ltr'>Ms.</span> <span class='ocrx_word' id='word_1_8' title='bbox 228 297 312 338; x_wconf 78' lang='lat' dir='ltr'>ch.</span> <span class='ocrx_word' id='word_1_9' title='bbox 345 299 376 327; x_wconf 81' lang='lat' dir='ltr'>et</span> <span class='ocrx_word' id='word_1_10' title='bbox 409 295 549 326; x_wconf 73' lang='lat' dir='ltr'>cohortes</span> <span class='ocrx_word' id='word_1_11' title='bbox 582 302 618 324; x_wconf 84' lang='grc' dir='ltr'>ιν</span> <span class='ocrx_word' id='word_1_12' title='bbox 645 302 686 324; x_wconf 75' lang='lat' dir='ltr'>ex</span> <span class='ocrx_word' id='word_1_13' title='bbox 718 301 755 323; x_wconf 82' lang='lat' dir='ltr'>xi</span> <span class='ocrx_word' id='word_1_14' title='bbox 786 292 832 323; x_wconf 86' lang='lat' dir='ltr'>le-</span> 
     </span>
     <span class='ocr_line' id='line_1_3' title="bbox 133 343 834 385; baseline -0.007 -8"><span class='ocrx_word' id='word_1_15' title='bbox 133 347 244 384; x_wconf 63' lang='lat' dir='ltr'>gione,</span> <span class='ocrx_word' id='word_1_16' title='bbox 275 351 311 377; x_wconf 89' lang='lat' dir='ltr'>et</span> <span class='ocrx_word' id='word_1_17' title='bbox 341 354 362 375; x_wconf 94' lang='lat' dir='ltr'>v</span> <span class='ocrx_word' id='word_1_18' title='bbox 398 344 499 385; x_wconf 74' lang='lat' dir='ltr'>logio.</span> <span class='ocrx_word' id='word_1_19' title='bbox 535 343 601 374; x_wconf 87' lang='lat' dir='ltr'>Ms.</span> <span class='ocrx_word' id='word_1_20' title='bbox 636 343 764 373; x_wconf 84' lang='lat' dir='ltr'>Elicus.</span> <span class='ocrx_word' id='word_1_21' title='bbox 801 346 834 373; x_wconf 80' lang='lat' dir='ltr'>et</span> 
     </span>
     <span class='ocr_line' id='line_1_4' title="bbox 132 394 832 433; baseline -0.006 -6"><span class='ocrx_word' id='word_1_22' title='bbox 132 397 267 428; x_wconf 67' lang='lat' dir='ltr'>cohortes</span> <span class='ocrx_word' id='word_1_23' title='bbox 287 404 323 427; x_wconf 84' lang='lat' dir='ltr'>iv</span> <span class='ocrx_word' id='word_1_24' title='bbox 347 405 386 426; x_wconf 68' lang='lat' dir='ltr'>ex</span> <span class='ocrx_word' id='word_1_25' title='bbox 409 404 427 424; x_wconf 93' lang='lat' dir='ltr'>v</span> <span class='ocrx_word' id='word_1_26' title='bbox 447 394 577 433; x_wconf 77' lang='lat' dir='ltr'>legione.</span> <span class='ocrx_word' id='word_1_27' title='bbox 611 394 721 424; x_wconf 80' lang='lat' dir='ltr'>Clark.</span> <span class='ocrx_word' id='word_1_28' title='bbox 753 394 832 424; x_wconf 90' lang='lat' dir='ltr'>Non</span> 
     </span>
     <span class='ocr_line' id='line_1_5' title="bbox 131 444 834 485; baseline -0.007 -7"><span class='ocrx_word' id='word_1_29' title='bbox 131 446 283 478; x_wconf 80' lang='lat' dir='ltr'>liaesitavi</span> <span class='ocrx_word' id='word_1_30' title='bbox 303 445 454 485; x_wconf 88' lang='lat' dir='ltr'>recipere</span> <span class='ocrx_word' id='word_1_31' title='bbox 473 445 655 475; x_wconf 85' lang='lat' dir='ltr'>lectionem</span> <span class='ocrx_word' id='word_1_32' title='bbox 675 444 740 474; x_wconf 55' lang='grc' dir='ltr'>ΜΒ.</span> <span class='ocrx_word' id='word_1_33' title='bbox 766 444 834 474; x_wconf 88' lang='lat' dir='ltr'>Eli-</span> 
     </span>
     <span class='ocr_line' id='line_1_6' title="bbox 131 493 834 536; baseline -0.004 -9"><span class='ocrx_word' id='word_1_34' title='bbox 131 497 239 528; x_wconf 75' lang='lat' dir='ltr'>ensis:</span> <span class='ocrx_word' id='word_1_35' title='bbox 273 504 370 536; x_wconf 85' lang='lat' dir='ltr'>quam</span> <span class='ocrx_word' id='word_1_36' title='bbox 399 495 535 525; x_wconf 84' lang='lat' dir='ltr'>omnino</span> <span class='ocrx_word' id='word_1_37' title='bbox 561 493 740 525; x_wconf 84' lang='lat' dir='ltr'>confirmat</span> <span class='ocrx_word' id='word_1_38' title='bbox 771 494 834 525; x_wconf 88' lang='lat' dir='ltr'>Pe-</span> 
     </span>
     <span class='ocr_line' id='line_1_7' title="bbox 131 544 832 586; baseline -0.003 -8"><span class='ocrx_word' id='word_1_39' title='bbox 131 551 198 578; x_wconf 87' lang='lat' dir='ltr'>tav.</span> <span class='ocrx_word' id='word_1_40' title='bbox 225 550 260 576; x_wconf 88' lang='lat' dir='ltr'>et</span> <span class='ocrx_word' id='word_1_41' title='bbox 294 545 415 585; x_wconf 86' lang='lat' dir='ltr'>Margo</span> <span class='ocrx_word' id='word_1_42' title='bbox 446 545 509 575; x_wconf 87' lang='lat' dir='ltr'>Ed.</span> <span class='ocrx_word' id='word_1_43' title='bbox 542 544 701 586; x_wconf 86' lang='lat' dir='ltr'>Gryphii.</span> <span class='ocrx_word' id='word_1_44' title='bbox 738 545 832 576; x_wconf 83' lang='lat' dir='ltr'>Leid.</span> 
     </span>
     <span class='ocr_line' id='line_1_8' title="bbox 129 595 832 635; baseline -0.001 -8"><span class='ocrx_word' id='word_1_45' title='bbox 129 606 181 635; x_wconf 88' lang='lat' dir='ltr'>pr.</span> <span class='ocrx_word' id='word_1_46' title='bbox 217 595 388 626; x_wconf 79' lang='lat' dir='ltr'><strong><em>cohortium</em></strong></span> <span class='ocrx_word' id='word_1_47' title='bbox 423 598 453 626; x_wconf 78' lang='lat' dir='ltr'>et</span> <span class='ocrx_word' id='word_1_48' title='bbox 484 605 507 626; x_wconf 88' lang='lat' dir='ltr'>v</span> <span class='ocrx_word' id='word_1_49' title='bbox 538 596 671 634; x_wconf 75' lang='lat' dir='ltr'>legione.</span> <span class='ocrx_word' id='word_1_50' title='bbox 699 596 764 626; x_wconf 83' lang='lat' dir='ltr'>coh.</span> <span class='ocrx_word' id='word_1_51' title='bbox 795 604 832 626; x_wconf 83' lang='lat' dir='ltr'>iv</span> 
     </span>
     <span class='ocr_line' id='line_1_9' title="bbox 128 646 833 685; baseline 0 -7"><span class='ocrx_word' id='word_1_52' title='bbox 128 656 168 678; x_wconf 77' lang='lat' dir='ltr'>ea:</span> <span class='ocrx_word' id='word_1_53' title='bbox 205 655 232 677; x_wconf 84' lang='lat' dir='ltr'>n</span> <span class='ocrx_word' id='word_1_54' title='bbox 271 646 389 685; x_wconf 77' lang='lat' dir='ltr'>leg-ione</span> <span class='ocrx_word' id='word_1_55' title='bbox 421 646 515 677; x_wconf 89' lang='lat' dir='ltr'>Leid.</span> <span class='ocrx_word' id='word_1_56' title='bbox 552 656 620 677; x_wconf 87' lang='lat' dir='ltr'>sec.</span> <span class='ocrx_word' id='word_1_57' title='bbox 657 651 692 678; x_wconf 88' lang='lat' dir='ltr'>et</span> <span class='ocrx_word' id='word_1_58' title='bbox 726 647 833 678; x_wconf 86' lang='lat' dir='ltr'>Dorv.</span> 
     </span>
     <span class='ocr_line' id='line_1_10' title="bbox 126 696 833 736; baseline 0 -9"><span class='ocrx_word' id='word_1_59' title='bbox 126 696 193 728; x_wconf 84' lang='lat' dir='ltr'>Sed</span> <span class='ocrx_word' id='word_1_60' title='bbox 211 696 306 728; x_wconf 81' lang='lat' dir='ltr'>addit</span> <span class='ocrx_word' id='word_1_61' title='bbox 322 696 418 728; x_wconf 85' lang='lat' dir='ltr'>Leid.</span> <span class='ocrx_word' id='word_1_62' title='bbox 435 706 503 728; x_wconf 87' lang='lat' dir='ltr'>sec.</span> <span class='ocrx_word' id='word_1_63' title='bbox 521 700 550 727; x_wconf 80' lang='lat' dir='ltr'>et</span> <span class='ocrx_word' id='word_1_64' title='bbox 566 705 587 727; x_wconf 89' lang='lat' dir='ltr'><strong>v</strong></span> <span class='ocrx_word' id='word_1_65' title='bbox 602 697 747 736; x_wconf 77' lang='lat' dir='ltr'><strong><em>legiones.</em></strong></span> <span class='ocrx_word' id='word_1_66' title='bbox 764 699 794 727; x_wconf 86' lang='lat' dir='ltr'>et</span> <span class='ocrx_word' id='word_1_67' title='bbox 810 705 833 727; x_wconf 86' lang='lat' dir='ltr'><strong>v</strong></span> 
     </span>
     <span class='ocr_line' id='line_1_11' title="bbox 128 747 833 786; baseline -0.001 -8"><span class='ocrx_word' id='word_1_68' title='bbox 128 747 264 786; x_wconf 73' lang='lat' dir='ltr'>legiones</span> <span class='ocrx_word' id='word_1_69' title='bbox 292 748 391 778; x_wconf 85' lang='lat' dir='ltr'>Voss.</span> <span class='ocrx_word' id='word_1_70' title='bbox 418 747 483 778; x_wconf 77' lang='lat' dir='ltr'>coh.</span> <span class='ocrx_word' id='word_1_71' title='bbox 510 750 574 778; x_wconf 78' lang='lat' dir='ltr'>tres</span> <span class='ocrx_word' id='word_1_72' title='bbox 602 756 642 778; x_wconf 78' lang='lat' dir='ltr'>ex</span> <span class='ocrx_word' id='word_1_73' title='bbox 665 756 686 777; x_wconf 93' lang='lat' dir='ltr'>v</span> <span class='ocrx_word' id='word_1_74' title='bbox 713 747 833 786; x_wconf 79' lang='lat' dir='ltr'>leg-ione</span> 
     </span>
     <span class='ocr_line' id='line_1_12' title="bbox 127 797 832 838; baseline -0.001 -9"><span class='ocrx_word' id='word_1_75' title='bbox 127 797 232 830; x_wconf 81' lang='lat' dir='ltr'>etiam</span> <span class='ocrx_word' id='word_1_76' title='bbox 247 798 367 838; x_wconf 81' lang='lat' dir='ltr'>Margo</span> <span class='ocrx_word' id='word_1_77' title='bbox 383 798 484 829; x_wconf 87' lang='lat' dir='ltr'>Vasc.</span> <span class='ocrx_word' id='word_1_78' title='bbox 499 798 584 829; x_wconf 90' lang='lat' dir='ltr'>Cum</span> <span class='ocrx_word' id='word_1_79' title='bbox 602 797 754 829; x_wconf 88' lang='lat' dir='ltr'>Romana</span> <span class='ocrx_word' id='word_1_80' title='bbox 767 797 832 828; x_wconf 87' lang='lat' dir='ltr'>Ed.</span> 
     </span>
     <span class='ocr_line' id='line_1_13' title="bbox 127 848 832 880; baseline -0.003 0"><span class='ocrx_word' id='word_1_81' title='bbox 127 848 299 880; x_wconf 84' lang='lat' dir='ltr'>consentit</span> <span class='ocrx_word' id='word_1_82' title='bbox 321 848 461 880; x_wconf 86' lang='lat' dir='ltr'>Mediol.</span> <span class='ocrx_word' id='word_1_83' title='bbox 488 848 616 880; x_wconf 83' lang='lat' dir='ltr'>habens</span> <span class='ocrx_word' id='word_1_84' title='bbox 638 852 700 879; x_wconf 80' lang='lat' dir='ltr'>tres</span> <span class='ocrx_word' id='word_1_85' title='bbox 722 858 762 879; x_wconf 75' lang='lat' dir='ltr'>ex</span> <span class='ocrx_word' id='word_1_86' title='bbox 786 857 832 878; x_wconf 87' lang='lat' dir='ltr'>se-</span> 
     </span>
     <span class='ocr_line' id='line_1_14' title="bbox 125 898 831 940; baseline -0.001 -10"><span class='ocrx_word' id='word_1_87' title='bbox 125 900 225 931; x_wconf 81' lang='lat' dir='ltr'>cunda</span> <span class='ocrx_word' id='word_1_88' title='bbox 233 899 350 939; x_wconf 70' lang='lat' dir='ltr'>leg-ione</span> <span class='ocrx_word' id='word_1_89' title='bbox 360 903 390 931; x_wconf 81' lang='lat' dir='ltr'>et</span> <span class='ocrx_word' id='word_1_90' title='bbox 402 901 512 940; x_wconf 74' lang='lat' dir='ltr'>quinta</span> <span class='ocrx_word' id='word_1_91' title='bbox 523 901 614 938; x_wconf 81' lang='lat' dir='ltr'>legio.</span> <span class='ocrx_word' id='word_1_92' title='bbox 632 898 696 930; x_wconf 90' lang='lat' dir='ltr'>Ed.</span> <span class='ocrx_word' id='word_1_93' title='bbox 707 899 831 930; x_wconf 84' lang='lat' dir='ltr'>Venet.</span> 
     </span>
     <span class='ocr_line' id='line_1_15' title="bbox 126 949 832 990; baseline -0.003 -9"><span class='ocrx_word' id='word_1_94' title='bbox 126 954 190 981; x_wconf 75' lang='lat' dir='ltr'>tres</span> <span class='ocrx_word' id='word_1_95' title='bbox 214 951 279 982; x_wconf 81' lang='lat' dir='ltr'>coh.</span> <span class='ocrx_word' id='word_1_96' title='bbox 309 954 340 982; x_wconf 82' lang='lat' dir='ltr'>et</span> <span class='ocrx_word' id='word_1_97' title='bbox 365 960 424 981; x_wconf 76' lang='lat' dir='ltr'>sec.</span> <span class='ocrx_word' id='word_1_98' title='bbox 446 951 526 990; x_wconf 74' lang='lat' dir='ltr'>legio</span> <span class='ocrx_word' id='word_1_99' title='bbox 552 953 582 981; x_wconf 81' lang='lat' dir='ltr'>et</span> <span class='ocrx_word' id='word_1_100' title='bbox 609 950 718 990; x_wconf 78' lang='lat' dir='ltr'>quinta</span> <span class='ocrx_word' id='word_1_101' title='bbox 739 949 832 988; x_wconf 74' lang='lat' dir='ltr'>legio.</span> 
     </span>
     <span class='ocr_line' id='line_1_16' title="bbox 129 1000 832 1039; baseline -0.007 -4"><span class='ocrx_word' id='word_1_102' title='bbox 129 1002 216 1035; x_wconf 84' lang='lat' dir='ltr'>Quae</span> <span class='ocrx_word' id='word_1_103' title='bbox 248 1006 331 1034; x_wconf 89' lang='lat' dir='ltr'>nata</span> <span class='ocrx_word' id='word_1_104' title='bbox 363 1011 438 1033; x_wconf 86' lang='lat' dir='ltr'>esse</span> <span class='ocrx_word' id='word_1_105' title='bbox 471 1011 513 1033; x_wconf 82' lang='lat' dir='ltr'>ex</span> <span class='ocrx_word' id='word_1_106' title='bbox 545 1001 637 1032; x_wconf 88' lang='lat' dir='ltr'>varia</span> <span class='ocrx_word' id='word_1_107' title='bbox 673 1000 832 1039; x_wconf 82' lang='lat' dir='ltr'>lectione,</span> 
     </span>
     <span class='ocr_line' id='line_1_17' title="bbox 127 1050 833 1093; baseline -0.003 -10"><span class='ocrx_word' id='word_1_108' title='bbox 127 1052 315 1083; x_wconf 81' lang='lat' dir='ltr'>clarissime</span> <span class='ocrx_word' id='word_1_109' title='bbox 328 1053 446 1093; x_wconf 86' lang='lat' dir='ltr'>liquet.</span> <span class='ocrx_word' id='word_1_110' title='bbox 471 1053 630 1084; x_wconf 84' lang='lat' dir='ltr'>Ceterum</span> <span class='ocrx_word' id='word_1_111' title='bbox 643 1050 684 1082; x_wconf 87' lang='lat' dir='ltr'>de</span> <span class='ocrx_word' id='word_1_112' title='bbox 697 1051 833 1081; x_wconf 80' lang='lat' dir='ltr'>Obuculu</span> 
     </span>
     <span class='ocr_line' id='line_1_18' title="bbox 127 1101 832 1142; baseline 0 -10"><span class='ocrx_word' id='word_1_113' title='bbox 127 1102 181 1133; x_wconf 78' lang='lat' dir='ltr'>adi</span> <span class='ocrx_word' id='word_1_114' title='bbox 205 1103 348 1134; x_wconf 88' lang='lat' dir='ltr'>Casaub.</span> <span class='ocrx_word' id='word_1_115' title='bbox 366 1102 410 1132; x_wconf 89' lang='lat' dir='ltr'>ad</span> <span class='ocrx_word' id='word_1_116' title='bbox 433 1102 588 1133; x_wconf 89' lang='lat' dir='ltr'>Strabon.</span> <span class='ocrx_word' id='word_1_117' title='bbox 607 1112 640 1142; x_wconf 87' lang='lat' dir='ltr'>p.</span> <span class='ocrx_word' id='word_1_118' title='bbox 656 1105 730 1132; x_wconf 84' lang='lat'>208.</span> <span class='ocrx_word' id='word_1_119' title='bbox 767 1101 832 1132; x_wconf 88' lang='lat' dir='ltr'>Ed.</span> 
     </span>
     <span class='ocr_line' id='line_1_19' title="bbox 125 1151 831 1192; baseline -0.004 -8"><span class='ocrx_word' id='word_1_120' title='bbox 125 1152 237 1184; x_wconf 76' lang='lat' dir='ltr'>Amst.</span> <span class='ocrx_word' id='word_1_121' title='bbox 262 1157 297 1183; x_wconf 90' lang='lat' dir='ltr'>et</span> <span class='ocrx_word' id='word_1_122' title='bbox 317 1151 512 1192; x_wconf 79' lang='lat' dir='ltr'>wesseling.</span> <span class='ocrx_word' id='word_1_123' title='bbox 537 1151 578 1182; x_wconf 88' lang='lat' dir='ltr'>ad</span> <span class='ocrx_word' id='word_1_124' title='bbox 599 1151 727 1182; x_wconf 86' lang='lat' dir='ltr'>Anton.</span> <span class='ocrx_word' id='word_1_125' title='bbox 751 1152 831 1182; x_wconf 82' lang='lat' dir='ltr'>Itin.</span> 
     </span>
     <span class='ocr_line' id='line_1_20' title="bbox 126 1205 249 1244; baseline 0 -10"><span class='ocrx_word' id='word_1_126' title='bbox 126 1212 160 1244; x_wconf 86' lang='lat' dir='ltr'>p.</span> <span class='ocrx_word' id='word_1_127' title='bbox 174 1205 249 1234; x_wconf 74' lang='lat'>413.</span> 
     </span>
    </p>

    <p class='ocr_par' dir='ltr' id='par_1_3' title="bbox 170 1252 829 1294">
     <span class='ocr_line' id='line_1_21' title="bbox 170 1252 829 1294; baseline -0.002 -10"><span class='ocrx_word' id='word_1_128' title='bbox 170 1255 209 1284; x_wconf 86' lang='lat'>15</span> <span class='ocrx_word' id='word_1_129' title='bbox 235 1253 355 1285; x_wconf 76' lang='lat' dir='ltr'>Habito</span> <span class='ocrx_word' id='word_1_130' title='bbox 366 1253 506 1294; x_wconf 76' lang='lat' dir='ltr'>concilio]</span> <span class='ocrx_word' id='word_1_131' title='bbox 520 1253 572 1284; x_wconf 89' lang='lat' dir='ltr'>Ex</span> <span class='ocrx_word' id='word_1_132' title='bbox 582 1253 677 1284; x_wconf 88' lang='lat' dir='ltr'>Msto</span> <span class='ocrx_word' id='word_1_133' title='bbox 690 1252 829 1284; x_wconf 87' lang='lat' dir='ltr'>Norvic.</span> 
     </span>
    </p>

    <p class='ocr_par' dir='ltr' id='par_1_4' title="bbox 123 1304 832 2301">
     <span class='ocr_line' id='line_1_22' title="bbox 126 1304 830 1347; baseline 0 -11"><span class='ocrx_word' id='word_1_134' title='bbox 126 1309 161 1336; x_wconf 87' lang='lat' dir='ltr'>et</span> <span class='ocrx_word' id='word_1_135' title='bbox 171 1305 318 1347; x_wconf 82' lang='lat' dir='ltr'>antiquis</span> <span class='ocrx_word' id='word_1_136' title='bbox 327 1305 429 1337; x_wconf 85' lang='lat' dir='ltr'>editt.</span> <span class='ocrx_word' id='word_1_137' title='bbox 440 1305 673 1346; x_wconf 88' lang='lat' dir='ltr'>reponendum</span> <span class='ocrx_word' id='word_1_138' title='bbox 684 1304 830 1336; x_wconf 80' lang='lat' dir='ltr'>arbitror</span> 
     </span>
     <span class='ocr_line' id='line_1_23' title="bbox 125 1354 829 1395; baseline 0 -9"><span class='ocrx_word' id='word_1_139' title='bbox 125 1354 378 1392; x_wconf 57' lang='lat' dir='ltr'>habitoconsilm</span> <span class='ocrx_word' id='word_1_140' title='bbox 392 1356 554 1387; x_wconf 89' lang='lat' dir='ltr'>nonenim</span> <span class='ocrx_word' id='word_1_141' title='bbox 568 1364 683 1387; x_wconf 84' lang='lat' dir='ltr'>omnes</span> <span class='ocrx_word' id='word_1_142' title='bbox 692 1355 829 1395; x_wconf 88' lang='lat' dir='ltr'>milites,</span> 
     </span>
     <span class='ocr_line' id='line_1_24' title="bbox 126 1405 829 1447; baseline 0 -11"><span class='ocrx_word' id='word_1_143' title='bbox 126 1405 185 1436; x_wconf 84' lang='lat' dir='ltr'>sed</span> <span class='ocrx_word' id='word_1_144' title='bbox 198 1405 352 1436; x_wconf 86' lang='lat' dir='ltr'>tribunos</span> <span class='ocrx_word' id='word_1_145' title='bbox 365 1406 668 1447; x_wconf 89' lang='lat' dir='ltr'>tantum,aliosque</span> <span class='ocrx_word' id='word_1_146' title='bbox 680 1405 712 1436; x_wconf 91' lang='lat' dir='ltr'>id</span> <span class='ocrx_word' id='word_1_147' title='bbox 723 1415 829 1446; x_wconf 81' lang='lat' dir='ltr'>genus</span> 
     </span>
     <span class='ocr_line' id='line_1_25' title="bbox 124 1455 831 1487; baseline 0.003 -2"><span class='ocrx_word' id='word_1_148' title='bbox 124 1455 262 1487; x_wconf 86' lang='lat' dir='ltr'>videtur</span> <span class='ocrx_word' id='word_1_149' title='bbox 285 1464 503 1487; x_wconf 81' lang='lat' dir='ltr'>convocasse.</span> <span class='ocrx_word' id='word_1_150' title='bbox 541 1456 654 1487; x_wconf 67' lang='lat' dir='ltr'>Dacis.</span> <span class='ocrx_word' id='word_1_151' title='bbox 695 1456 831 1487; x_wconf 78' lang='lat' dir='ltr'>Consilio</span> 
     </span>
     <span class='ocr_line' id='line_1_26' title="bbox 124 1507 831 1548; baseline 0 -10"><span class='ocrx_word' id='word_1_152' title='bbox 124 1507 283 1548; x_wconf 77' lang='lat' dir='ltr'>rescripsi</span> <span class='ocrx_word' id='word_1_153' title='bbox 308 1507 509 1548; x_wconf 88' lang='lat' dir='ltr'>jubentibus</span> <span class='ocrx_word' id='word_1_154' title='bbox 544 1507 628 1539; x_wconf 84' lang='lat' dir='ltr'>Mss.</span> <span class='ocrx_word' id='word_1_155' title='bbox 664 1507 831 1545; x_wconf 86' lang='lat' dir='ltr'>omnibus,</span> 
     </span>
     <span class='ocr_line' id='line_1_27' title="bbox 123 1557 830 1590; baseline 0.001 -2"><span class='ocrx_word' id='word_1_156' title='bbox 123 1557 206 1589; x_wconf 89' lang='lat' dir='ltr'>item</span> <span class='ocrx_word' id='word_1_157' title='bbox 223 1558 310 1589; x_wconf 90' lang='lat' dir='ltr'>Edd.</span> <span class='ocrx_word' id='word_1_158' title='bbox 326 1559 422 1590; x_wconf 86' lang='lat' dir='ltr'>Vett.</span> <span class='ocrx_word' id='word_1_159' title='bbox 440 1564 476 1590; x_wconf 89' lang='lat' dir='ltr'>et</span> <span class='ocrx_word' id='word_1_160' title='bbox 499 1568 580 1590; x_wconf 91' lang='lat' dir='ltr'>sano</span> <span class='ocrx_word' id='word_1_161' title='bbox 597 1568 710 1590; x_wconf 85' lang='lat' dir='ltr'>sensu.</span> <span class='ocrx_word' id='word_1_162' title='bbox 741 1558 830 1589; x_wconf 77' lang='lat' dir='ltr'>Vide</span> 
     </span>
     <span class='ocr_line' id='line_1_28' title="bbox 126 1609 646 1650; baseline 0.004 -11"><span class='ocrx_word' id='word_1_163' title='bbox 126 1609 169 1640; x_wconf 84' lang='lat' dir='ltr'>ad</span> <span class='ocrx_word' id='word_1_164' title='bbox 185 1609 226 1640; x_wconf 88' lang='lat' dir='ltr'>B.</span> <span class='ocrx_word' id='word_1_165' title='bbox 241 1609 285 1640; x_wconf 88' lang='lat' dir='ltr'>G.</span> <span class='ocrx_word' id='word_1_166' title='bbox 302 1619 336 1641; x_wconf 82' lang='lat' dir='ltr'>v.</span> <span class='ocrx_word' id='word_1_167' title='bbox 354 1612 406 1641; x_wconf 85' lang='lat'>28.</span> <span class='ocrx_word' id='word_1_168' title='bbox 422 1620 430 1640; x_wconf 89' lang='lat'>:</span> <span class='ocrx_word' id='word_1_169' title='bbox 457 1614 492 1640; x_wconf 88' lang='lat' dir='ltr'>et</span> <span class='ocrx_word' id='word_1_170' title='bbox 509 1609 646 1650; x_wconf 84' lang='lat' dir='ltr'>saepius.</span> 
     </span>
     <span class='ocr_line' id='line_1_29' title="bbox 132 1659 831 1701; baseline 0 -10"><span class='ocrx_word' id='word_1_171' title='bbox 132 1683 135 1685; x_wconf 84' lang='lat'>-</span> <span class='ocrx_word' id='word_1_172' title='bbox 167 1662 208 1692; x_wconf 79' lang='lat'>23</span> <span class='ocrx_word' id='word_1_173' title='bbox 221 1659 385 1700; x_wconf 68' lang='lat' dir='ltr'>Segouiam</span> <span class='ocrx_word' id='word_1_174' title='bbox 392 1662 433 1692; x_wconf 86' lang='lat' dir='ltr'>ud</span> <span class='ocrx_word' id='word_1_175' title='bbox 441 1661 561 1701; x_wconf 85' lang='lat' dir='ltr'>flumen</span> <span class='ocrx_word' id='word_1_176' title='bbox 571 1660 720 1692; x_wconf 75' lang='lat' dir='ltr'>Silicense</span> <span class='ocrx_word' id='word_1_177' title='bbox 732 1660 831 1700; x_wconf 80' lang='lat' dir='ltr'>venit]</span> 
     </span>
     <span class='ocr_line' id='line_1_30' title="bbox 126 1710 831 1752; baseline 0 -10"><span class='ocrx_word' id='word_1_178' title='bbox 126 1710 167 1742; x_wconf 84' lang='lat' dir='ltr'>In</span> <span class='ocrx_word' id='word_1_179' title='bbox 181 1710 276 1742; x_wconf 83' lang='lat' dir='ltr'>hisce</span> <span class='ocrx_word' id='word_1_180' title='bbox 297 1711 380 1742; x_wconf 87' lang='lat' dir='ltr'>locis</span> <span class='ocrx_word' id='word_1_181' title='bbox 402 1712 494 1742; x_wconf 86' lang='lat' dir='ltr'>nulla</span> <span class='ocrx_word' id='word_1_182' title='bbox 509 1716 716 1742; x_wconf 80' lang='lat' dir='ltr'>memoratur</span> <span class='ocrx_word' id='word_1_183' title='bbox 730 1712 831 1752; x_wconf 83' lang='lat' dir='ltr'>Sego·</span> 
     </span>
     <span class='ocr_line' id='line_1_31' title="bbox 125 1761 832 1803; baseline 0.001 -11"><span class='ocrx_word' id='word_1_184' title='bbox 125 1762 191 1802; x_wconf 92' lang='lat' dir='ltr'>via,</span> <span class='ocrx_word' id='word_1_185' title='bbox 200 1762 328 1793; x_wconf 89' lang='lat' dir='ltr'>nullum</span> <span class='ocrx_word' id='word_1_186' title='bbox 338 1761 462 1794; x_wconf 84' lang='lat' dir='ltr'>flumen</span> <span class='ocrx_word' id='word_1_187' title='bbox 473 1763 650 1794; x_wconf 87' lang='lat' dir='ltr'>Silicense.</span> <span class='ocrx_word' id='word_1_188' title='bbox 667 1762 832 1803; x_wconf 80' lang='lat' dir='ltr'>Seguntia</span> 
     </span>
     <span class='ocr_line' id='line_1_32' title="bbox 126 1812 832 1854; baseline 0 -11"><span class='ocrx_word' id='word_1_189' title='bbox 126 1821 218 1852; x_wconf 85' lang='lat' dir='ltr'>vero,</span> <span class='ocrx_word' id='word_1_190' title='bbox 235 1822 334 1854; x_wconf 87' lang='lat' dir='ltr'>quam</span> <span class='ocrx_word' id='word_1_191' title='bbox 348 1812 560 1844; x_wconf 86' lang='lat' dir='ltr'>Ptolemaeus</span> <span class='ocrx_word' id='word_1_192' title='bbox 573 1817 675 1844; x_wconf 88' lang='lat' dir='ltr'>vocat</span> <span class='ocrx_word' id='word_1_193' title='bbox 697 1815 832 1851; x_wconf 73' lang='grc' dir='ltr'>Σαγουν-</span> 
     </span>
     <span class='ocr_line' id='line_1_33' title="bbox 124 1863 830 1906; baseline 0.001 -11"><span class='ocrx_word' id='word_1_194' title='bbox 124 1863 204 1905; x_wconf 81' lang='grc' dir='ltr'><strong><em>τίαν,</em></strong></span> <span class='ocrx_word' id='word_1_195' title='bbox 218 1864 301 1896; x_wconf 87' lang='lat' dir='ltr'>urbs</span> <span class='ocrx_word' id='word_1_196' title='bbox 324 1868 359 1895; x_wconf 84' lang='lat' dir='ltr'>et</span> <span class='ocrx_word' id='word_1_197' title='bbox 374 1865 516 1896; x_wconf 78' lang='lat' dir='ltr'>Baeticae</span> <span class='ocrx_word' id='word_1_198' title='bbox 533 1870 568 1896; x_wconf 88' lang='lat' dir='ltr'>et</span> <span class='ocrx_word' id='word_1_199' title='bbox 590 1864 739 1905; x_wconf 78' lang='lat' dir='ltr'>Singulis</span> <span class='ocrx_word' id='word_1_200' title='bbox 758 1866 830 1906; x_wconf 80' lang='lat' dir='ltr'>ejus</span> 
     </span>
     <span class='ocr_line' id='line_1_34' title="bbox 125 1913 832 1956; baseline 0.001 -11"><span class='ocrx_word' id='word_1_201' title='bbox 125 1913 321 1946; x_wconf 79' lang='lat' dir='ltr'>Provinciae</span> <span class='ocrx_word' id='word_1_202' title='bbox 351 1913 485 1954; x_wconf 86' lang='lat' dir='ltr'>fluvius,</span> <span class='ocrx_word' id='word_1_203' title='bbox 518 1914 580 1946; x_wconf 89' lang='lat' dir='ltr'>sed</span> <span class='ocrx_word' id='word_1_204' title='bbox 620 1925 640 1946; x_wconf 91' lang='lat' dir='ltr'>a</span> <span class='ocrx_word' id='word_1_205' title='bbox 669 1916 832 1956; x_wconf 73' lang='lat' dir='ltr'>Segontia</span> 
     </span>
     <span class='ocr_line' id='line_1_35' title="bbox 125 1964 830 2007; baseline 0.003 -12"><span class='ocrx_word' id='word_1_206' title='bbox 125 1964 238 2005; x_wconf 84' lang='lat' dir='ltr'>paullo</span> <span class='ocrx_word' id='word_1_207' title='bbox 266 1965 439 2005; x_wconf 82' lang='lat' dir='ltr'>remotior,</span> <span class='ocrx_word' id='word_1_208' title='bbox 463 1966 491 1996; x_wconf 82' lang='lat' dir='ltr'>si</span> <span class='ocrx_word' id='word_1_209' title='bbox 518 1965 653 1997; x_wconf 77' lang='lat' dir='ltr'>Chattis</span> <span class='ocrx_word' id='word_1_210' title='bbox 678 1966 830 2007; x_wconf 59' lang='lat' dir='ltr'>Geograv</span> 
     </span>
     <span class='ocr_line' id='line_1_36' title="bbox 126 2014 831 2057; baseline 0.004 -12"><span class='ocrx_word' id='word_1_211' title='bbox 126 2015 237 2056; x_wconf 81' lang='lat' dir='ltr'>phicis</span> <span class='ocrx_word' id='word_1_212' title='bbox 254 2014 350 2047; x_wconf 87' lang='lat' dir='ltr'>fides.</span> <span class='ocrx_word' id='word_1_213' title='bbox 389 2017 529 2048; x_wconf 87' lang='lat' dir='ltr'>Norvic.</span> <span class='ocrx_word' id='word_1_214' title='bbox 546 2017 648 2048; x_wconf 83' lang='lat' dir='ltr'>habet</span> <span class='ocrx_word' id='word_1_215' title='bbox 664 2017 831 2057; x_wconf 79' lang='lat' dir='ltr'>adflumen</span> 
     </span>
     <span class='ocr_line' id='line_1_37' title="bbox 125 2065 832 2107; baseline 0.003 -11"><span class='ocrx_word' id='word_1_216' title='bbox 125 2065 284 2097; x_wconf 79' lang='lat' dir='ltr'>Silicense.</span> <span class='ocrx_word' id='word_1_217' title='bbox 323 2067 358 2097; x_wconf 92' lang='lat' dir='ltr'>Si</span> <span class='ocrx_word' id='word_1_218' title='bbox 382 2067 475 2107; x_wconf 86' lang='lat' dir='ltr'>legas</span> <span class='ocrx_word' id='word_1_219' title='bbox 499 2066 627 2097; x_wconf 82' lang='lat' dir='ltr'>Sacilim</span> <span class='ocrx_word' id='word_1_220' title='bbox 655 2068 694 2097; x_wconf 81' lang='lat' dir='ltr'>nd</span> <span class='ocrx_word' id='word_1_221' title='bbox 708 2066 832 2107; x_wconf 83' lang='lat' dir='ltr'>flumen</span> 
     </span>
     <span class='ocr_line' id='line_1_38' title="bbox 126 2115 832 2158; baseline 0.003 -12"><span class='ocrx_word' id='word_1_222' title='bbox 126 2115 273 2155; x_wconf 80' lang='lat' dir='ltr'>Singulz&#39;n</span> <span class='ocrx_word' id='word_1_223' title='bbox 287 2117 421 2156; x_wconf 84' lang='lat' dir='ltr'>devenit,</span> <span class='ocrx_word' id='word_1_224' title='bbox 445 2117 585 2158; x_wconf 86' lang='lat' dir='ltr'>pulchre</span> <span class='ocrx_word' id='word_1_225' title='bbox 599 2117 736 2158; x_wconf 84' lang='lat' dir='ltr'>quidem</span> <span class='ocrx_word' id='word_1_226' title='bbox 754 2127 832 2148; x_wconf 92' lang='lat' dir='ltr'>con-</span> 
     </span>
     <span class='ocr_line' id='line_1_39' title="bbox 125 2168 830 2207; baseline 0.001 -9"><span class='ocrx_word' id='word_1_227' title='bbox 125 2168 240 2199; x_wconf 72' lang='lat' dir='ltr'>veniet</span> <span class='ocrx_word' id='word_1_228' title='bbox 255 2168 319 2200; x_wconf 85' lang='lat' dir='ltr'>loci</span> <span class='ocrx_word' id='word_1_229' title='bbox 343 2168 450 2207; x_wconf 86' lang='lat' dir='ltr'>situs;</span> <span class='ocrx_word' id='word_1_230' title='bbox 474 2169 522 2200; x_wconf 88' lang='lat' dir='ltr'>ita</span> <span class='ocrx_word' id='word_1_231' title='bbox 545 2173 659 2200; x_wconf 84' lang='lat' dir='ltr'>tamen</span> <span class='ocrx_word' id='word_1_232' title='bbox 678 2169 830 2200; x_wconf 87' lang='lat' dir='ltr'>Hirtium</span> 
     </span>
     <span class='ocr_line' id='line_1_40' title="bbox 125 2218 830 2259; baseline 0.004 -11"><span class='ocrx_word' id='word_1_233' title='bbox 125 2218 304 2258; x_wconf 80' lang='lat' dir='ltr'>scripsisse</span> <span class='ocrx_word' id='word_1_234' title='bbox 331 2228 393 2259; x_wconf 90' lang='lat' dir='ltr'>pro</span> <span class='ocrx_word' id='word_1_235' title='bbox 414 2223 507 2250; x_wconf 85' lang='lat' dir='ltr'>certo</span> <span class='ocrx_word' id='word_1_236' title='bbox 531 2229 599 2250; x_wconf 92' lang='lat' dir='ltr'>non</span> <span class='ocrx_word' id='word_1_237' title='bbox 624 2218 830 2251; x_wconf 85' lang='lat' dir='ltr'>affirmarim.</span> 
     </span>
     <span class='ocr_line' id='line_1_41' title="bbox 126 2269 422 2301; baseline 0.007 -2"><span class='ocrx_word' id='word_1_238' title='bbox 126 2269 238 2300; x_wconf 74' lang='lat' dir='ltr'>Daris.</span> <span class='ocrx_word' id='word_1_239' title='bbox 263 2278 336 2300; x_wconf 91' lang='lat' dir='ltr'>cur.</span> <span class='ocrx_word' id='word_1_240' title='bbox 353 2279 422 2301; x_wconf 85' lang='lat' dir='ltr'>sec.</span> 
     </span>
    </p>

    <p class='ocr_par' dir='ltr' id='par_1_5' title="bbox 123 2320 833 2565">
     <span class='ocr_line' id='line_1_42' title="bbox 168 2320 830 2361; baseline 0.002 -10"><span class='ocrx_word' id='word_1_241' title='bbox 168 2327 273 2351; x_wconf 79' lang='lat' dir='ltr'>Lviu.</span> <span class='ocrx_word' id='word_1_242' title='bbox 291 2323 306 2351; x_wconf 84' lang='lat'>1</span> <span class='ocrx_word' id='word_1_243' title='bbox 338 2321 462 2352; x_wconf 75' lang='lat' dir='ltr'>Veteres</span> <span class='ocrx_word' id='word_1_244' title='bbox 475 2320 621 2361; x_wconf 82' lang='lat' dir='ltr'>legiones]</span> <span class='ocrx_word' id='word_1_245' title='bbox 649 2321 688 2352; x_wconf 91' lang='lat' dir='ltr'>In</span> <span class='ocrx_word' id='word_1_246' title='bbox 702 2321 830 2352; x_wconf 89' lang='lat' dir='ltr'>Lovan.</span> 
     </span>
     <span class='ocr_line' id='line_1_43' title="bbox 123 2372 833 2412; baseline 0 -10"><span class='ocrx_word' id='word_1_247' title='bbox 123 2375 276 2403; x_wconf 68' lang='lat' dir='ltr'>veterem:</span> <span class='ocrx_word' id='word_1_248' title='bbox 300 2376 336 2402; x_wconf 84' lang='lat' dir='ltr'>at</span> <span class='ocrx_word' id='word_1_249' title='bbox 362 2372 396 2402; x_wconf 90' lang='lat' dir='ltr'>iu</span> <span class='ocrx_word' id='word_1_250' title='bbox 418 2372 576 2403; x_wconf 86' lang='lat' dir='ltr'>Leidens.</span> <span class='ocrx_word' id='word_1_251' title='bbox 601 2381 653 2412; x_wconf 85' lang='lat' dir='ltr'>pr.</span> <span class='ocrx_word' id='word_1_252' title='bbox 670 2376 833 2403; x_wconf 75' lang='lat' dir='ltr'>veteranas</span> 
     </span>
     <span class='ocr_line' id='line_1_44' title="bbox 125 2422 831 2463; baseline 0.003 -11"><span class='ocrx_word' id='word_1_253' title='bbox 125 2422 184 2461; x_wconf 81' lang='lat' dir='ltr'>leg.</span> <span class='ocrx_word' id='word_1_254' title='bbox 216 2422 407 2463; x_wconf 87' lang='lat' dir='ltr'>Utrumque</span> <span class='ocrx_word' id='word_1_255' title='bbox 424 2423 521 2454; x_wconf 84' lang='lat' dir='ltr'>bene.</span> <span class='ocrx_word' id='word_1_256' title='bbox 555 2422 646 2453; x_wconf 87' lang='lat' dir='ltr'>Hinc</span> <span class='ocrx_word' id='word_1_257' title='bbox 664 2422 708 2452; x_wconf 91' lang='lat' dir='ltr'>nil</span> <span class='ocrx_word' id='word_1_258' title='bbox 727 2427 831 2454; x_wconf 85' lang='lat' dir='ltr'>muta.</span> 
     </span>
     <span class='ocr_line' id='line_1_45' title="bbox 127 2472 829 2506; baseline 0.001 -3"><span class='ocrx_word' id='word_1_259' title='bbox 127 2472 193 2503; x_wconf 82' lang='lat' dir='ltr'>Adi</span> <span class='ocrx_word' id='word_1_260' title='bbox 221 2472 265 2504; x_wconf 89' lang='lat' dir='ltr'>ad</span> <span class='ocrx_word' id='word_1_261' title='bbox 290 2473 396 2505; x_wconf 87' lang='lat' dir='ltr'>Hirtii</span> <span class='ocrx_word' id='word_1_262' title='bbox 423 2473 529 2505; x_wconf 83' lang='lat' dir='ltr'>nostri</span> <span class='ocrx_word' id='word_1_263' title='bbox 556 2475 598 2506; x_wconf 88' lang='lat' dir='ltr'>B.</span> <span class='ocrx_word' id='word_1_264' title='bbox 621 2474 666 2505; x_wconf 84' lang='lat' dir='ltr'>G.</span> <span class='ocrx_word' id='word_1_265' title='bbox 691 2483 773 2505; x_wconf 83' lang='lat' dir='ltr'>vm.</span> <span class='ocrx_word' id='word_1_266' title='bbox 797 2477 829 2505; x_wconf 88' lang='grc'>8.</span> 
     </span>
     <span class='ocr_line' id='line_1_46' title="bbox 127 2523 554 2565; baseline 0.005 -12"><span class='ocrx_word' id='word_1_267' title='bbox 127 2528 135 2540; x_wconf 80' lang='lat'>⁶</span> <span class='ocrx_word' id='word_1_268' title='bbox 154 2523 362 2555; x_wconf 82' lang='lat' dir='ltr'>Veterrimas</span> <span class='ocrx_word' id='word_1_269' title='bbox 378 2524 554 2565; x_wconf 67' lang='lat' dir='ltr'>legiones!</span> 
     </span>
    </p>

    <p class='ocr_par' dir='ltr' id='par_1_6' title="bbox 128 2574 832 2864">
     <span class='ocr_line' id='line_1_47' title="bbox 167 2574 830 2615; baseline 0.003 -11"><span class='ocrx_word' id='word_1_270' title='bbox 167 2576 189 2604; x_wconf 76' lang='lat'>4</span> <span class='ocrx_word' id='word_1_271' title='bbox 216 2574 340 2605; x_wconf 81' lang='lat' dir='ltr'>Viribus</span> <span class='ocrx_word' id='word_1_272' title='bbox 366 2574 429 2614; x_wconf 77' lang='lat' dir='ltr'>uti]</span> <span class='ocrx_word' id='word_1_273' title='bbox 464 2575 542 2605; x_wconf 92' lang='lat' dir='ltr'>Sive</span> <span class='ocrx_word' id='word_1_274' title='bbox 572 2575 735 2615; x_wconf 87' lang='lat' dir='ltr'>majorem</span> <span class='ocrx_word' id='word_1_275' title='bbox 763 2575 830 2606; x_wconf 85' lang='lat' dir='ltr'>vim</span> 
     </span>
     <span class='ocr_line' id='line_1_48' title="bbox 129 2622 831 2665; baseline 0.006 -13"><span class='ocrx_word' id='word_1_276' title='bbox 129 2622 301 2663; x_wconf 80' lang='lat' dir='ltr'>adhibere,</span> <span class='ocrx_word' id='word_1_277' title='bbox 322 2629 357 2656; x_wconf 90' lang='lat' dir='ltr'>et</span> <span class='ocrx_word' id='word_1_278' title='bbox 376 2624 552 2665; x_wconf 89' lang='lat' dir='ltr'>imperium</span> <span class='ocrx_word' id='word_1_279' title='bbox 578 2625 831 2656; x_wconf 79' lang='lat' dir='ltr'>vehementissi-</span> 
     </span>
     <span class='ocr_line' id='line_1_49' title="bbox 128 2674 831 2713; baseline 0.006 -11"><span class='ocrx_word' id='word_1_280' title='bbox 128 2681 182 2703; x_wconf 83' lang='lat' dir='ltr'>me</span> <span class='ocrx_word' id='word_1_281' title='bbox 211 2681 386 2713; x_wconf 82' lang='lat' dir='ltr'>exercere,</span> <span class='ocrx_word' id='word_1_282' title='bbox 420 2674 566 2706; x_wconf 88' lang='lat' dir='ltr'>confisus</span> <span class='ocrx_word' id='word_1_283' title='bbox 597 2675 732 2706; x_wconf 88' lang='lat' dir='ltr'>nomine</span> <span class='ocrx_word' id='word_1_284' title='bbox 760 2676 831 2706; x_wconf 79' lang='lat' dir='ltr'>Cae-</span> 
     </span>
     <span class='ocr_line' id='line_1_50' title="bbox 129 2723 832 2766; baseline 0.007 -15"><span class='ocrx_word' id='word_1_285' title='bbox 129 2723 222 2754; x_wconf 77' lang='lat' dir='ltr'>saris.</span> <span class='ocrx_word' id='word_1_286' title='bbox 269 2725 382 2756; x_wconf 82' lang='lat' dir='ltr'>Quare</span> <span class='ocrx_word' id='word_1_287' title='bbox 399 2725 537 2755; x_wconf 80' lang='lat' dir='ltr'>retineri</span> <span class='ocrx_word' id='word_1_288' title='bbox 554 2729 669 2765; x_wconf 85' lang='lat' dir='ltr'>potest</span> <span class='ocrx_word' id='word_1_289' title='bbox 694 2726 832 2766; x_wconf 82' lang='lat' dir='ltr'>vulgata</span> 
     </span>
     <span class='ocr_line' id='line_1_51' title="bbox 129 2772 831 2816; baseline 0.004 -13"><span class='ocrx_word' id='word_1_290' title='bbox 129 2772 242 2804; x_wconf 84' lang='lat' dir='ltr'>lectio.</span> <span class='ocrx_word' id='word_1_291' title='bbox 288 2774 469 2805; x_wconf 69' lang='lat' dir='ltr'>Ciacconio</span> <span class='ocrx_word' id='word_1_292' title='bbox 485 2779 598 2808; x_wconf 82' lang='lat' dir='ltr'>tamen</span> <span class='ocrx_word' id='word_1_293' title='bbox 622 2776 675 2806; x_wconf 87' lang='lat' dir='ltr'>hic</span> <span class='ocrx_word' id='word_1_294' title='bbox 695 2785 831 2816; x_wconf 83' lang='lat' dir='ltr'>quoque</span> 
     </span>
     <span class='ocr_line' id='line_1_52' title="bbox 131 2823 830 2864; baseline 0.004 -10"><span class='ocrx_word' id='word_1_295' title='bbox 131 2823 244 2864; x_wconf 83' lang='lat' dir='ltr'>piacet</span> <span class='ocrx_word' id='word_1_296' title='bbox 254 2829 373 2855; x_wconf 87' lang='lat' dir='ltr'>contra</span> <span class='ocrx_word' id='word_1_297' title='bbox 386 2825 469 2855; x_wconf 83' lang='lat' dir='ltr'>Mss.</span> <span class='ocrx_word' id='word_1_298' title='bbox 481 2825 554 2856; x_wconf 78' lang='lat' dir='ltr'>niti.</span> <span class='ocrx_word' id='word_1_299' title='bbox 577 2825 664 2856; x_wconf 89' lang='lat' dir='ltr'>Vide</span> <span class='ocrx_word' id='word_1_300' title='bbox 679 2826 722 2857; x_wconf 88' lang='lat' dir='ltr'>ad</span> <span class='ocrx_word' id='word_1_301' title='bbox 734 2826 775 2857; x_wconf 89' lang='grc' dir='ltr'>Β.</span> <span class='ocrx_word' id='word_1_302' title='bbox 787 2826 830 2857; x_wconf 93' lang='lat' dir='ltr'>G.</span> 
     </span>
    </p>
   </div>
   <div class='ocr_carea' id='block_1_3' title="bbox 1480 192 1594 234">
    <p class='ocr_par' dir='ltr' id='par_1_7' title="bbox 1480 192 1594 234">
     <span class='ocr_line' id='line_1_53' title="bbox 1480 192 1594 234; baseline 0.018 -2"><span class='ocrx_word' id='word_1_303' title='bbox 1480 192 1594 234; x_wconf 74' lang='lat'>1565</span> 
     </span>
    </p>
   </div>
   <div class='ocr_carea' id='block_1_4' title="bbox 875 291 1594 2865">
    <p class='ocr_par' dir='ltr' id='par_1_8' title="bbox 883 291 1594 626">
     <span class='ocr_line' id='line_1_54' title="bbox 883 291 1592 328; baseline 0.004 -5"><span class='ocrx_word' id='word_1_304' title='bbox 883 301 933 323; x_wconf 79' lang='lat' dir='ltr'>xv.</span> <span class='ocrx_word' id='word_1_305' title='bbox 961 295 1013 323; x_wconf 74' lang='grc'>21.</span> <span class='ocrx_word' id='word_1_306' title='bbox 1059 293 1067 309; x_wconf 89' lang='lat'>‘</span> <span class='ocrx_word' id='word_1_307' title='bbox 1092 291 1213 323; x_wconf 91' lang='lat' dir='ltr'>Studio</span> <span class='ocrx_word' id='word_1_308' title='bbox 1245 292 1467 324; x_wconf 83' lang='lat' dir='ltr'>nitebantur.&#39;</span> <span class='ocrx_word' id='word_1_309' title='bbox 1514 295 1592 328; x_wconf 81' lang='lat' dir='ltr'>Liv.</span> 
     </span>
     <span class='ocr_line' id='line_1_55' title="bbox 884 342 1593 376; baseline 0.003 -2"><span class='ocrx_word' id='word_1_310' title='bbox 884 351 926 374; x_wconf 83' lang='grc' dir='ltr'>Η.</span> <span class='ocrx_word' id='word_1_311' title='bbox 951 345 1000 373; x_wconf 81' lang='grc'>14.</span> <span class='ocrx_word' id='word_1_312' title='bbox 1033 342 1042 359; x_wconf 92' lang='lat'>‘</span> <span class='ocrx_word' id='word_1_313' title='bbox 1061 348 1134 374; x_wconf 87' lang='lat' dir='ltr'>arte</span> <span class='ocrx_word' id='word_1_314' title='bbox 1158 343 1319 373; x_wconf 82' lang='lat' dir='ltr'>adversus</span> <span class='ocrx_word' id='word_1_315' title='bbox 1339 344 1405 374; x_wconf 79' lang='lat' dir='ltr'>vim</span> <span class='ocrx_word' id='word_1_316' title='bbox 1428 353 1495 374; x_wconf 82' lang='lat' dir='ltr'>usae</span> <span class='ocrx_word' id='word_1_317' title='bbox 1511 344 1530 374; x_wconf 89' lang='lat'>:’</span> <span class='ocrx_word' id='word_1_318' title='bbox 1557 350 1593 376; x_wconf 85' lang='lat' dir='ltr'>et</span> 
     </span>
     <span class='ocr_line' id='line_1_56' title="bbox 886 393 1591 425; baseline 0 -1"><span class='ocrx_word' id='word_1_319' title='bbox 886 394 931 424; x_wconf 88' lang='lat' dir='ltr'>ibi</span> <span class='ocrx_word' id='word_1_320' title='bbox 971 394 1151 424; x_wconf 79' lang='lat' dir='ltr'>Rhenanus</span> <span class='ocrx_word' id='word_1_321' title='bbox 1190 394 1318 424; x_wconf 85' lang='lat' dir='ltr'>mavult</span> <span class='ocrx_word' id='word_1_322' title='bbox 1350 399 1470 424; x_wconf 87' lang='lat' dir='ltr'>contra</span> <span class='ocrx_word' id='word_1_323' title='bbox 1504 393 1591 425; x_wconf 81' lang='lat' dir='ltr'>Mss.</span> 
     </span>
     <span class='ocr_line' id='line_1_57' title="bbox 883 444 1591 475; baseline 0 -1"><span class='ocrx_word' id='word_1_324' title='bbox 883 445 970 474; x_wconf 66' lang='lat' dir='ltr'>nim.</span> <span class='ocrx_word' id='word_1_325' title='bbox 997 445 1157 475; x_wconf 78' lang='lat' dir='ltr'>Postodio</span> <span class='ocrx_word' id='word_1_326' title='bbox 1171 445 1309 475; x_wconf 76' lang='lat' dir='ltr'>Caesaris</span> <span class='ocrx_word' id='word_1_327' title='bbox 1322 445 1354 474; x_wconf 90' lang='lat' dir='ltr'>in</span> <span class='ocrx_word' id='word_1_328' title='bbox 1369 444 1453 474; x_wconf 72' lang='lat' dir='ltr'>Mss.</span> <span class='ocrx_word' id='word_1_329' title='bbox 1465 444 1591 474; x_wconf 88' lang='lat' dir='ltr'>Lovan.</span> 
     </span>
     <span class='ocr_line' id='line_1_58' title="bbox 884 494 1594 526; baseline -0.001 -1"><span class='ocrx_word' id='word_1_330' title='bbox 884 496 992 525; x_wconf 88' lang='lat' dir='ltr'>Dorv.</span> <span class='ocrx_word' id='word_1_331' title='bbox 1021 500 1056 526; x_wconf 86' lang='lat' dir='ltr'>et</span> <span class='ocrx_word' id='word_1_332' title='bbox 1086 495 1181 526; x_wconf 76' lang='lat' dir='ltr'>Leid.</span> <span class='ocrx_word' id='word_1_333' title='bbox 1208 505 1276 526; x_wconf 87' lang='lat' dir='ltr'>sec.</span> <span class='ocrx_word' id='word_1_334' title='bbox 1302 494 1439 525; x_wconf 82' lang='lat' dir='ltr'>additur</span> <span class='ocrx_word' id='word_1_335' title='bbox 1460 495 1594 525; x_wconf 65' lang='lat' dir='ltr'>nominis</span> 
     </span>
     <span class='ocr_line' id='line_1_59' title="bbox 884 544 1592 586; baseline 0.003 -13"><span class='ocrx_word' id='word_1_336' title='bbox 884 544 1052 583; x_wconf 49' lang='lat' dir='ltr'>natjan-ihus</span> <span class='ocrx_word' id='word_1_337' title='bbox 1064 545 1181 576; x_wconf 75' lang='lat' dir='ltr'>rii-ibus</span> <span class='ocrx_word' id='word_1_338' title='bbox 1196 550 1356 586; x_wconf 79' lang='lat' dir='ltr'>corrupte</span> <span class='ocrx_word' id='word_1_339' title='bbox 1372 545 1528 585; x_wconf 79' lang='lat' dir='ltr'>repetitis</span> <span class='ocrx_word' id='word_1_340' title='bbox 1543 545 1592 575; x_wconf 84' lang='lat' dir='ltr'>liis</span> 
     </span>
     <span class='ocr_line' id='line_1_60' title="bbox 887 596 1009 626; baseline 0.008 -1"><span class='ocrx_word' id='word_1_341' title='bbox 887 596 1009 626; x_wconf 74' lang='lat' dir='ltr'>verbis.</span> 
     </span>
    </p>

    <p class='ocr_par' dir='ltr' id='par_1_9' title="bbox 875 646 1593 1651">
     <span class='ocr_line' id='line_1_61' title="bbox 927 646 1592 686; baseline 0.002 -10"><span class='ocrx_word' id='word_1_342' title='bbox 927 649 947 676; x_wconf 88' lang='grc'>9</span> <span class='ocrx_word' id='word_1_343' title='bbox 971 646 1010 676; x_wconf 84' lang='lat' dir='ltr'>Id</span> <span class='ocrx_word' id='word_1_344' title='bbox 1022 656 1080 686; x_wconf 79' lang='lat' dir='ltr'>qua</span> <span class='ocrx_word' id='word_1_345' title='bbox 1094 649 1194 677; x_wconf 77' lang='lat' dir='ltr'>mente</span> <span class='ocrx_word' id='word_1_346' title='bbox 1206 650 1372 677; x_wconf 74' lang='lat' dir='ltr'>commotus</span> <span class='ocrx_word' id='word_1_347' title='bbox 1381 646 1509 686; x_wconf 79' lang='lat' dir='ltr'>fecerit,</span> <span class='ocrx_word' id='word_1_348' title='bbox 1523 656 1592 677; x_wconf 82' lang='lat' dir='ltr'>con·</span> 
     </span>
     <span class='ocr_line' id='line_1_62' title="bbox 875 696 1591 737; baseline -0.001 -9"><span class='ocrx_word' id='word_1_349' title='bbox 875 698 1003 737; x_wconf 75' lang='lat' dir='ltr'>jectum</span> <span class='ocrx_word' id='word_1_350' title='bbox 1027 697 1102 728; x_wconf 82' lang='lat' dir='ltr'>sciri</span> <span class='ocrx_word' id='word_1_351' title='bbox 1130 707 1191 728; x_wconf 84' lang='lat' dir='ltr'>non</span> <span class='ocrx_word' id='word_1_352' title='bbox 1219 696 1334 737; x_wconf 76' lang='lat' dir='ltr'>potest]</span> <span class='ocrx_word' id='word_1_353' title='bbox 1387 697 1486 728; x_wconf 88' lang='lat' dir='ltr'>Unde</span> <span class='ocrx_word' id='word_1_354' title='bbox 1518 697 1591 728; x_wconf 80' lang='lat' dir='ltr'>haec</span> 
     </span>
     <span class='ocr_line' id='line_1_63' title="bbox 885 747 1591 787; baseline -0.001 -9"><span class='ocrx_word' id='word_1_355' title='bbox 885 748 989 779; x_wconf 89' lang='lat' dir='ltr'>lectio</span> <span class='ocrx_word' id='word_1_356' title='bbox 1016 753 1095 779; x_wconf 90' lang='lat' dir='ltr'>nata</span> <span class='ocrx_word' id='word_1_357' title='bbox 1123 748 1178 787; x_wconf 89' lang='lat' dir='ltr'>sit,</span> <span class='ocrx_word' id='word_1_358' title='bbox 1202 747 1289 778; x_wconf 84' lang='lat' dir='ltr'>haud</span> <span class='ocrx_word' id='word_1_359' title='bbox 1314 747 1416 778; x_wconf 86' lang='lat' dir='ltr'>facile</span> <span class='ocrx_word' id='word_1_360' title='bbox 1434 747 1591 778; x_wconf 85' lang='lat' dir='ltr'>dixerim.</span> 
     </span>
     <span class='ocr_line' id='line_1_64' title="bbox 885 797 1591 838; baseline -0.004 -8"><span class='ocrx_word' id='word_1_361' title='bbox 885 799 1020 830; x_wconf 88' lang='lat' dir='ltr'>Primus</span> <span class='ocrx_word' id='word_1_362' title='bbox 1045 799 1153 830; x_wconf 88' lang='lat' dir='ltr'>Aldus</span> <span class='ocrx_word' id='word_1_363' title='bbox 1177 809 1237 829; x_wconf 81' lang='lat' dir='ltr'>non</span> <span class='ocrx_word' id='word_1_364' title='bbox 1264 797 1411 837; x_wconf 88' lang='lat' dir='ltr'>addidit,</span> <span class='ocrx_word' id='word_1_365' title='bbox 1431 806 1531 838; x_wconf 80' lang='lat' dir='ltr'>quem</span> <span class='ocrx_word' id='word_1_366' title='bbox 1548 797 1591 827; x_wconf 85' lang='lat' dir='ltr'>de</span> 
     </span>
     <span class='ocr_line' id='line_1_65' title="bbox 884 847 1593 887; baseline -0.003 -7"><span class='ocrx_word' id='word_1_367' title='bbox 884 859 977 880; x_wconf 89' lang='lat' dir='ltr'>more</span> <span class='ocrx_word' id='word_1_368' title='bbox 1003 859 1063 881; x_wconf 88' lang='lat' dir='ltr'>suo</span> <span class='ocrx_word' id='word_1_369' title='bbox 1085 849 1274 887; x_wconf 85' lang='lat' dir='ltr'>Manutius,</span> <span class='ocrx_word' id='word_1_370' title='bbox 1299 847 1491 887; x_wconf 84' lang='lat' dir='ltr'>Plautinus,</span> <span class='ocrx_word' id='word_1_371' title='bbox 1513 848 1593 878; x_wconf 69' lang='lat' dir='ltr'>Sm-</span> 
     </span>
     <span class='ocr_line' id='line_1_66' title="bbox 885 899 1592 941; baseline -0.001 -11"><span class='ocrx_word' id='word_1_372' title='bbox 885 900 970 941; x_wconf 85' lang='lat' dir='ltr'>liger</span> <span class='ocrx_word' id='word_1_373' title='bbox 1008 905 1044 931; x_wconf 91' lang='lat' dir='ltr'>et</span> <span class='ocrx_word' id='word_1_374' title='bbox 1071 899 1195 941; x_wconf 87' lang='lat' dir='ltr'>reliqui</span> <span class='ocrx_word' id='word_1_375' title='bbox 1220 904 1419 940; x_wconf 78' lang='lat' dir='ltr'>sequuntur.</span> <span class='ocrx_word' id='word_1_376' title='bbox 1456 899 1592 930; x_wconf 66' lang='lat' dir='ltr'>Ceterai</span> 
     </span>
     <span class='ocr_line' id='line_1_67' title="bbox 885 949 1593 990; baseline -0.004 -8"><span class='ocrx_word' id='word_1_377' title='bbox 885 951 973 982; x_wconf 90' lang='lat' dir='ltr'>Edd.</span> <span class='ocrx_word' id='word_1_378' title='bbox 1002 952 1147 983; x_wconf 81' lang='lat' dir='ltr'>Veteres</span> <span class='ocrx_word' id='word_1_379' title='bbox 1179 951 1354 990; x_wconf 77' lang='lat' dir='ltr'>conjectura</span> <span class='ocrx_word' id='word_1_380' title='bbox 1382 949 1458 980; x_wconf 86' lang='lat' dir='ltr'>sciri</span> <span class='ocrx_word' id='word_1_381' title='bbox 1480 952 1593 989; x_wconf 77' lang='lat' dir='ltr'>polest,</span> 
     </span>
     <span class='ocr_line' id='line_1_68' title="bbox 886 1000 1592 1041; baseline -0.003 -9"><span class='ocrx_word' id='word_1_382' title='bbox 886 1002 984 1041; x_wconf 88' lang='lat' dir='ltr'>plane</span> <span class='ocrx_word' id='word_1_383' title='bbox 1001 1002 1172 1033; x_wconf 87' lang='lat' dir='ltr'>contrario</span> <span class='ocrx_word' id='word_1_384' title='bbox 1185 1011 1298 1033; x_wconf 86' lang='lat' dir='ltr'>sensu.</span> <span class='ocrx_word' id='word_1_385' title='bbox 1322 1000 1371 1032; x_wconf 90' lang='lat' dir='ltr'>At</span> <span class='ocrx_word' id='word_1_386' title='bbox 1385 1010 1463 1032; x_wconf 85' lang='lat' dir='ltr'>vero</span> <span class='ocrx_word' id='word_1_387' title='bbox 1481 1000 1592 1031; x_wconf 88' lang='lat' dir='ltr'>Codd.</span> 
     </span>
     <span class='ocr_line' id='line_1_69' title="bbox 886 1051 1590 1093; baseline -0.003 -10"><span class='ocrx_word' id='word_1_388' title='bbox 886 1053 1013 1092; x_wconf 88' lang='lat' dir='ltr'>Ursini,</span> <span class='ocrx_word' id='word_1_389' title='bbox 1041 1054 1228 1093; x_wconf 79' lang='lat' dir='ltr'>ciacconii,</span> <span class='ocrx_word' id='word_1_390' title='bbox 1253 1058 1289 1084; x_wconf 95' lang='lat' dir='ltr'>et</span> <span class='ocrx_word' id='word_1_391' title='bbox 1315 1062 1430 1084; x_wconf 86' lang='lat' dir='ltr'>omnes</span> <span class='ocrx_word' id='word_1_392' title='bbox 1454 1051 1590 1083; x_wconf 89' lang='lat' dir='ltr'>omnino</span> 
     </span>
     <span class='ocr_line' id='line_1_70' title="bbox 885 1103 1593 1144; baseline 0 -11"><span class='ocrx_word' id='word_1_393' title='bbox 885 1103 950 1134; x_wconf 88' lang='lat' dir='ltr'>mei</span> <span class='ocrx_word' id='word_1_394' title='bbox 972 1103 1135 1134; x_wconf 82' lang='lat' dir='ltr'>exhibent</span> <span class='ocrx_word' id='word_1_395' title='bbox 1156 1104 1190 1134; x_wconf 79' lang='lat' dir='ltr'>id</span> <span class='ocrx_word' id='word_1_396' title='bbox 1208 1114 1269 1144; x_wconf 82' lang='lat' dir='ltr'>qua</span> <span class='ocrx_word' id='word_1_397' title='bbox 1292 1107 1403 1141; x_wconf 72' lang='lat' dir='ltr'>mente,</span> <span class='ocrx_word' id='word_1_398' title='bbox 1423 1103 1593 1134; x_wconf 69' lang='lat' dir='ltr'>communie</span> 
     </span>
     <span class='ocr_line' id='line_1_71' title="bbox 884 1154 1591 1196; baseline 0.001 -12"><span class='ocrx_word' id='word_1_399' title='bbox 884 1159 951 1185; x_wconf 81' lang='lat' dir='ltr'>erat</span> <span class='ocrx_word' id='word_1_400' title='bbox 967 1156 1151 1193; x_wconf 74' lang='lat' dir='ltr'>conjectura.</span> <span class='ocrx_word' id='word_1_401' title='bbox 1184 1156 1234 1186; x_wconf 90' lang='lat' dir='ltr'>Ut</span> <span class='ocrx_word' id='word_1_402' title='bbox 1256 1155 1419 1196; x_wconf 89' lang='lat' dir='ltr'>suspicer,</span> <span class='ocrx_word' id='word_1_403' title='bbox 1436 1154 1554 1193; x_wconf 78' lang='lat' dir='ltr'>fecerit</span> <span class='ocrx_word' id='word_1_404' title='bbox 1570 1164 1591 1186; x_wconf 81' lang='lat' dir='ltr'>a</span> 
     </span>
     <span class='ocr_line' id='line_1_72' title="bbox 884 1204 1591 1236; baseline 0.003 -2"><span class='ocrx_word' id='word_1_405' title='bbox 884 1204 1083 1236; x_wconf 87' lang='lat' dir='ltr'>Glossatore</span> <span class='ocrx_word' id='word_1_406' title='bbox 1119 1206 1240 1236; x_wconf 87' lang='lat' dir='ltr'>saltem</span> <span class='ocrx_word' id='word_1_407' title='bbox 1285 1205 1438 1235; x_wconf 88' lang='lat' dir='ltr'>additum</span> <span class='ocrx_word' id='word_1_408' title='bbox 1475 1204 1591 1236; x_wconf 78' lang='lat' dir='ltr'>fuisse.</span> 
     </span>
     <span class='ocr_line' id='line_1_73' title="bbox 885 1254 1591 1296; baseline 0 -10"><span class='ocrx_word' id='word_1_409' title='bbox 885 1254 977 1286; x_wconf 90' lang='lat' dir='ltr'>Num</span> <span class='ocrx_word' id='word_1_410' title='bbox 1001 1255 1140 1296; x_wconf 85' lang='lat' dir='ltr'>scripsit</span> <span class='ocrx_word' id='word_1_411' title='bbox 1163 1256 1217 1287; x_wconf 79' lang='lat' dir='ltr'>sed</span> <span class='ocrx_word' id='word_1_412' title='bbox 1238 1256 1272 1286; x_wconf 86' lang='lat' dir='ltr'>id</span> <span class='ocrx_word' id='word_1_413' title='bbox 1296 1265 1356 1296; x_wconf 79' lang='lat' dir='ltr'>qua</span> <span class='ocrx_word' id='word_1_414' title='bbox 1382 1259 1505 1291; x_wconf 63' lang='lat' dir='ltr'>memte,-</span> <span class='ocrx_word' id='word_1_415' title='bbox 1531 1265 1591 1286; x_wconf 83' lang='lat' dir='ltr'>non</span> 
     </span>
     <span class='ocr_line' id='line_1_74' title="bbox 882 1304 1592 1347; baseline 0 -11"><span class='ocrx_word' id='word_1_416' title='bbox 882 1316 946 1337; x_wconf 82' lang='lat' dir='ltr'>una</span> <span class='ocrx_word' id='word_1_417' title='bbox 961 1309 1028 1337; x_wconf 80' lang='lat' dir='ltr'>erut</span> <span class='ocrx_word' id='word_1_418' title='bbox 1043 1304 1240 1345; x_wconf 80' lang='lat' dir='ltr'>conjectura?</span> <span class='ocrx_word' id='word_1_419' title='bbox 1271 1306 1392 1337; x_wconf 81' lang='lat' dir='ltr'>Plures</span> <span class='ocrx_word' id='word_1_420' title='bbox 1413 1307 1592 1347; x_wconf 79' lang='lat' dir='ltr'>conjectu·</span> 
     </span>
     <span class='ocr_line' id='line_1_75' title="bbox 883 1356 1590 1398; baseline -0.001 -10"><span class='ocrx_word' id='word_1_421' title='bbox 883 1366 938 1387; x_wconf 83' lang='lat' dir='ltr'>ras</span> <span class='ocrx_word' id='word_1_422' title='bbox 963 1357 1158 1388; x_wconf 85' lang='lat' dir='ltr'>adscribere</span> <span class='ocrx_word' id='word_1_423' title='bbox 1175 1367 1332 1398; x_wconf 78' lang='lat' dir='ltr'>possen13</span> <span class='ocrx_word' id='word_1_424' title='bbox 1363 1356 1424 1388; x_wconf 91' lang='lat' dir='ltr'>sed</span> <span class='ocrx_word' id='word_1_425' title='bbox 1447 1366 1495 1387; x_wconf 88' lang='lat' dir='ltr'>eae</span> <span class='ocrx_word' id='word_1_426' title='bbox 1513 1366 1590 1388; x_wconf 88' lang='lat' dir='ltr'>cum</span> 
     </span>
     <span class='ocr_line' id='line_1_76' title="bbox 882 1407 1590 1449; baseline 0.001 -11"><span class='ocrx_word' id='word_1_427' title='bbox 882 1407 964 1438; x_wconf 86' lang='lat' dir='ltr'>mihi</span> <span class='ocrx_word' id='word_1_428' title='bbox 989 1417 1055 1439; x_wconf 91' lang='lat' dir='ltr'>non</span> <span class='ocrx_word' id='word_1_429' title='bbox 1079 1407 1305 1449; x_wconf 85' lang='lat' dir='ltr'>satisfaciant,</span> <span class='ocrx_word' id='word_1_430' title='bbox 1331 1408 1454 1440; x_wconf 86' lang='lat' dir='ltr'>lectori</span> <span class='ocrx_word' id='word_1_431' title='bbox 1480 1408 1590 1439; x_wconf 85' lang='lat' dir='ltr'>minus</span> 
     </span>
     <span class='ocr_line' id='line_1_77' title="bbox 883 1457 1591 1499; baseline 0.004 -10"><span class='ocrx_word' id='word_1_432' title='bbox 883 1458 1069 1499; x_wconf 90' lang='lat' dir='ltr'>placituras</span> <span class='ocrx_word' id='word_1_433' title='bbox 1095 1458 1276 1499; x_wconf 87' lang='lat' dir='ltr'>arbitrans,</span> <span class='ocrx_word' id='word_1_434' title='bbox 1302 1459 1392 1490; x_wconf 90' lang='lat' dir='ltr'>nolo.</span> <span class='ocrx_word' id='word_1_435' title='bbox 1417 1459 1458 1489; x_wconf 90' lang='lat' dir='ltr'>B.</span> <span class='ocrx_word' id='word_1_436' title='bbox 1482 1457 1591 1492; x_wconf 84' lang='lat' dir='ltr'>Afric.</span> 
     </span>
     <span class='ocr_line' id='line_1_78' title="bbox 883 1508 1591 1547; baseline 0.001 -7"><span class='ocrx_word' id='word_1_437' title='bbox 883 1519 913 1540; x_wconf 89' lang='lat' dir='ltr'>c.</span> <span class='ocrx_word' id='word_1_438' title='bbox 929 1511 982 1540; x_wconf 86' lang='lat'>59.</span> <span class='ocrx_word' id='word_1_439' title='bbox 996 1512 1050 1541; x_wconf 82' lang='lat'>86.</span> <span class='ocrx_word' id='word_1_440' title='bbox 1073 1509 1083 1526; x_wconf 88' lang='lat'>‘</span> <span class='ocrx_word' id='word_1_441' title='bbox 1101 1509 1143 1540; x_wconf 88' lang='lat' dir='ltr'>Id</span> <span class='ocrx_word' id='word_1_442' title='bbox 1166 1509 1231 1540; x_wconf 84' lang='lat' dir='ltr'>hoc</span> <span class='ocrx_word' id='word_1_443' title='bbox 1253 1508 1414 1539; x_wconf 83' lang='lat' dir='ltr'>consilio&#39;</span> <span class='ocrx_word' id='word_1_444' title='bbox 1439 1509 1591 1547; x_wconf 82' lang='lat' dir='ltr'>sc.fecz&#39;t.</span> 
     </span>
     <span class='ocr_line' id='line_1_79' title="bbox 884 1559 1590 1599; baseline 0.001 -10"><span class='ocrx_word' id='word_1_445' title='bbox 884 1560 926 1590; x_wconf 89' lang='lat' dir='ltr'>V.</span> <span class='ocrx_word' id='word_1_446' title='bbox 957 1563 994 1590; x_wconf 90' lang='lat' dir='ltr'>et</span> <span class='ocrx_word' id='word_1_447' title='bbox 1025 1569 1054 1590; x_wconf 93' lang='lat' dir='ltr'>c.</span> <span class='ocrx_word' id='word_1_448' title='bbox 1083 1562 1136 1590; x_wconf 82' lang='grc'>96.</span> <span class='ocrx_word' id='word_1_449' title='bbox 1172 1559 1213 1590; x_wconf 89' lang='grc' dir='ltr'>Β.</span> <span class='ocrx_word' id='word_1_450' title='bbox 1235 1559 1334 1599; x_wconf 89' lang='lat' dir='ltr'>Hisp.</span> <span class='ocrx_word' id='word_1_451' title='bbox 1363 1568 1393 1590; x_wconf 92' lang='lat' dir='ltr'>c.</span> <span class='ocrx_word' id='word_1_452' title='bbox 1410 1563 1441 1590; x_wconf 88' lang='lat'>5.</span> <span class='ocrx_word' id='word_1_453' title='bbox 1466 1560 1474 1576; x_wconf 73' lang='lat'><strong>⁶</strong></span> <span class='ocrx_word' id='word_1_454' title='bbox 1493 1559 1590 1590; x_wconf 88' lang='lat' dir='ltr'>Idem</span> 
     </span>
     <span class='ocr_line' id='line_1_80' title="bbox 883 1610 1090 1651; baseline -0.005 -9"><span class='ocrx_word' id='word_1_455' title='bbox 883 1610 1090 1651; x_wconf 71' lang='lat' dir='ltr'>Pompeius!</span> 
     </span>
    </p>

    <p class='ocr_par' dir='ltr' id='par_1_10' title="bbox 879 1660 1592 1955">
     <span class='ocr_line' id='line_1_81' title="bbox 926 1660 1590 1702; baseline -0.005 -9"><span class='ocrx_word' id='word_1_456' title='bbox 926 1665 964 1693; x_wconf 95' lang='grc'>11</span> <span class='ocrx_word' id='word_1_457' title='bbox 992 1663 1052 1693; x_wconf 87' lang='lat' dir='ltr'>Cn.</span> <span class='ocrx_word' id='word_1_458' title='bbox 1076 1662 1217 1702; x_wconf 84' lang='lat' dir='ltr'>Pompeii</span> <span class='ocrx_word' id='word_1_459' title='bbox 1239 1671 1346 1692; x_wconf 86' lang='lat' dir='ltr'>nomen</span> <span class='ocrx_word' id='word_1_460' title='bbox 1368 1661 1401 1691; x_wconf 82' lang='lat' dir='ltr'>in</span> <span class='ocrx_word' id='word_1_461' title='bbox 1423 1661 1520 1691; x_wconf 73' lang='lat' dir='ltr'>scutis</span> <span class='ocrx_word' id='word_1_462' title='bbox 1544 1660 1590 1691; x_wconf 79' lang='lat' dir='ltr'>in-</span> 
     </span>
     <span class='ocr_line' id='line_1_82' title="bbox 879 1711 1591 1753; baseline -0.001 -10"><span class='ocrx_word' id='word_1_463' title='bbox 879 1713 1029 1753; x_wconf 70' lang='lat' dir='ltr'>scriptum</span> <span class='ocrx_word' id='word_1_464' title='bbox 1045 1711 1206 1752; x_wconf 71' lang='lat' dir='ltr'>haberent]</span> <span class='ocrx_word' id='word_1_465' title='bbox 1229 1712 1336 1743; x_wconf 82' lang='lat' dir='ltr'>Moris</span> <span class='ocrx_word' id='word_1_466' title='bbox 1351 1711 1439 1742; x_wconf 89' lang='lat' dir='ltr'>enim</span> <span class='ocrx_word' id='word_1_467' title='bbox 1453 1716 1538 1748; x_wconf 88' lang='lat' dir='ltr'>erat,</span> <span class='ocrx_word' id='word_1_468' title='bbox 1551 1715 1591 1742; x_wconf 88' lang='lat' dir='ltr'>ut</span> 
     </span>
     <span class='ocr_line' id='line_1_83' title="bbox 881 1761 1590 1802; baseline 0 -11"><span class='ocrx_word' id='word_1_469' title='bbox 881 1761 1005 1793; x_wconf 88' lang='lat' dir='ltr'>milites</span> <span class='ocrx_word' id='word_1_470' title='bbox 1027 1771 1150 1793; x_wconf 88' lang='lat' dir='ltr'>nomen</span> <span class='ocrx_word' id='word_1_471' title='bbox 1176 1761 1410 1802; x_wconf 77' lang='lat' dir='ltr'>Imperatoris,</span> <span class='ocrx_word' id='word_1_472' title='bbox 1437 1761 1498 1792; x_wconf 90' lang='lat' dir='ltr'>sub</span> <span class='ocrx_word' id='word_1_473' title='bbox 1523 1770 1590 1801; x_wconf 75' lang='lat' dir='ltr'>quo</span> 
     </span>
     <span class='ocr_line' id='line_1_84' title="bbox 880 1811 1592 1851; baseline -0.001 -8"><span class='ocrx_word' id='word_1_474' title='bbox 880 1813 1073 1851; x_wconf 84' lang='lat' dir='ltr'>merebant,</span> <span class='ocrx_word' id='word_1_475' title='bbox 1100 1812 1205 1844; x_wconf 90' lang='lat' dir='ltr'>scutis</span> <span class='ocrx_word' id='word_1_476' title='bbox 1231 1811 1470 1843; x_wconf 84' lang='lat' dir='ltr'>inscriberent.</span> <span class='ocrx_word' id='word_1_477' title='bbox 1500 1811 1592 1842; x_wconf 80' lang='lat' dir='ltr'>Vide</span> 
     </span>
     <span class='ocr_line' id='line_1_85' title="bbox 880 1862 1591 1903; baseline -0.001 -8"><span class='ocrx_word' id='word_1_478' title='bbox 880 1864 971 1896; x_wconf 83' lang='lat' dir='ltr'>Just.</span> <span class='ocrx_word' id='word_1_479' title='bbox 990 1863 1097 1903; x_wconf 84' lang='lat' dir='ltr'>Lipsii</span> <span class='ocrx_word' id='word_1_480' title='bbox 1110 1862 1210 1894; x_wconf 84' lang='lat' dir='ltr'>Anal.</span> <span class='ocrx_word' id='word_1_481' title='bbox 1228 1863 1269 1893; x_wconf 90' lang='lat' dir='ltr'>ad</span> <span class='ocrx_word' id='word_1_482' title='bbox 1288 1862 1363 1893; x_wconf 87' lang='lat' dir='ltr'>Mil.</span> <span class='ocrx_word' id='word_1_483' title='bbox 1380 1863 1476 1893; x_wconf 90' lang='lat' dir='ltr'>Rom.</span> <span class='ocrx_word' id='word_1_484' title='bbox 1494 1862 1516 1894; x_wconf 91' lang='lat' dir='ltr'>l.</span> <span class='ocrx_word' id='word_1_485' title='bbox 1534 1870 1591 1894; x_wconf 77' lang='lat'>111.</span> 
     </span>
     <span class='ocr_line' id='line_1_86' title="bbox 882 1913 1360 1955; baseline -0.004 -10"><span class='ocrx_word' id='word_1_486' title='bbox 882 1914 974 1945; x_wconf 86' lang='lat' dir='ltr'>Dial.</span> <span class='ocrx_word' id='word_1_487' title='bbox 992 1917 1023 1945; x_wconf 81' lang='lat'>2.</span> <span class='ocrx_word' id='word_1_488' title='bbox 1042 1924 1120 1955; x_wconf 84' lang='lat' dir='ltr'>pag.</span> <span class='ocrx_word' id='word_1_489' title='bbox 1137 1916 1212 1945; x_wconf 83' lang='grc'><strong>436.</strong></span> <span class='ocrx_word' id='word_1_490' title='bbox 1248 1913 1360 1944; x_wconf 76' lang='lat' dir='ltr'>Ducis.</span> 
     </span>
    </p>

    <p class='ocr_par' dir='ltr' id='par_1_11' title="bbox 877 1964 1593 2310">
     <span class='ocr_line' id='line_1_87' title="bbox 926 1964 1590 2006; baseline -0.005 -9"><span class='ocrx_word' id='word_1_491' title='bbox 926 1969 965 1998; x_wconf 84' lang='lat'>12</span> <span class='ocrx_word' id='word_1_492' title='bbox 984 1965 1188 2006; x_wconf 77' lang='lat' dir='ltr'>Legionibns]</span> <span class='ocrx_word' id='word_1_493' title='bbox 1212 1964 1360 1995; x_wconf 87' lang='lat' dir='ltr'>Ursinus</span> <span class='ocrx_word' id='word_1_494' title='bbox 1376 1964 1535 1995; x_wconf 88' lang='lat' dir='ltr'>emendat</span> <span class='ocrx_word' id='word_1_495' title='bbox 1548 1965 1590 1995; x_wconf 85' lang='lat' dir='ltr'>Ie-</span> 
     </span>
     <span class='ocr_line' id='line_1_88' title="bbox 877 2016 1591 2057; baseline -0.001 -9"><span class='ocrx_word' id='word_1_496' title='bbox 877 2017 1103 2057; x_wconf 79' lang='lat' dir='ltr'>gionariorum.</span> <span class='ocrx_word' id='word_1_497' title='bbox 1135 2016 1203 2048; x_wconf 88' lang='lat' dir='ltr'>Sed</span> <span class='ocrx_word' id='word_1_498' title='bbox 1218 2025 1419 2057; x_wconf 82' lang='lat' dir='ltr'>perperam:</span> <span class='ocrx_word' id='word_1_499' title='bbox 1447 2021 1485 2047; x_wconf 89' lang='lat' dir='ltr'>ut</span> <span class='ocrx_word' id='word_1_500' title='bbox 1497 2021 1591 2048; x_wconf 83' lang='lat' dir='ltr'>recte</span> 
     </span>
     <span class='ocr_line' id='line_1_89' title="bbox 881 2067 1591 2106; baseline -0.003 -7"><span class='ocrx_word' id='word_1_501' title='bbox 881 2068 1016 2099; x_wconf 89' lang='lat' dir='ltr'>notavit</span> <span class='ocrx_word' id='word_1_502' title='bbox 1028 2067 1242 2099; x_wconf 87' lang='lat' dir='ltr'>Ciacconius.</span> <span class='ocrx_word' id='word_1_503' title='bbox 1275 2067 1472 2098; x_wconf 82' lang='lat' dir='ltr'>Conventus</span> <span class='ocrx_word' id='word_1_504' title='bbox 1488 2067 1591 2106; x_wconf 88' lang='lat' dir='ltr'>enim,</span> 
     </span>
     <span class='ocr_line' id='line_1_90' title="bbox 882 2117 1592 2159; baseline 0 -10"><span class='ocrx_word' id='word_1_505' title='bbox 882 2129 949 2150; x_wconf 88' lang='lat' dir='ltr'>non</span> <span class='ocrx_word' id='word_1_506' title='bbox 973 2124 1044 2150; x_wconf 85' lang='lat' dir='ltr'>erat</span> <span class='ocrx_word' id='word_1_507' title='bbox 1068 2119 1142 2159; x_wconf 86' lang='lat' dir='ltr'>ipse</span> <span class='ocrx_word' id='word_1_508' title='bbox 1159 2118 1410 2158; x_wconf 60' lang='lat' dir='ltr'>legionariorum,</span> <span class='ocrx_word' id='word_1_509' title='bbox 1432 2117 1492 2148; x_wconf 83' lang='lat' dir='ltr'>sed</span> <span class='ocrx_word' id='word_1_510' title='bbox 1514 2127 1592 2149; x_wconf 60' lang='lat' dir='ltr'>cone</span> 
     </span>
     <span class='ocr_line' id='line_1_91' title="bbox 881 2167 1593 2209; baseline -0.003 -9"><span class='ocrx_word' id='word_1_511' title='bbox 881 2175 1002 2201; x_wconf 85' lang='lat' dir='ltr'>ventus</span> <span class='ocrx_word' id='word_1_512' title='bbox 1033 2170 1147 2200; x_wconf 62' lang='lat' dir='ltr'>ciuium</span> <span class='ocrx_word' id='word_1_513' title='bbox 1180 2168 1340 2209; x_wconf 83' lang='lat' dir='ltr'>prodibat</span> <span class='ocrx_word' id='word_1_514' title='bbox 1371 2167 1414 2198; x_wconf 84' lang='lat' dir='ltr'>ad</span> <span class='ocrx_word' id='word_1_515' title='bbox 1448 2169 1593 2208; x_wconf 80' lang='lat' dir='ltr'>legiones.</span> 
     </span>
     <span class='ocr_line' id='line_1_92' title="bbox 885 2219 1593 2260; baseline -0.004 -8"><span class='ocrx_word' id='word_1_516' title='bbox 885 2222 993 2252; x_wconf 77' lang='lat' dir='ltr'>Clark.</span> <span class='ocrx_word' id='word_1_517' title='bbox 1016 2221 1159 2252; x_wconf 88' lang='lat' dir='ltr'>Ursinus</span> <span class='ocrx_word' id='word_1_518' title='bbox 1178 2220 1236 2260; x_wconf 87' lang='lat' dir='ltr'>ait,</span> <span class='ocrx_word' id='word_1_519' title='bbox 1249 2220 1407 2250; x_wconf 87' lang='lat' dir='ltr'>Latinum</span> <span class='ocrx_word' id='word_1_520' title='bbox 1420 2219 1593 2250; x_wconf 84' lang='lat' dir='ltr'>Latinium</span> 
     </span>
     <span class='ocr_line' id='line_1_93' title="bbox 882 2271 1073 2310; baseline 0.005 -10"><span class='ocrx_word' id='word_1_521' title='bbox 882 2271 930 2301; x_wconf 90' lang='lat' dir='ltr'>ita</span> <span class='ocrx_word' id='word_1_522' title='bbox 948 2272 1073 2310; x_wconf 83' lang='lat' dir='ltr'>legere.</span> 
     </span>
    </p>

    <p class='ocr_par' dir='ltr' id='par_1_12' title="bbox 881 2319 1592 2555">
     <span class='ocr_line' id='line_1_94' title="bbox 927 2319 1592 2362; baseline -0.005 -9"><span class='ocrx_word' id='word_1_523' title='bbox 927 2325 966 2353; x_wconf 82' lang='lat'>13</span> <span class='ocrx_word' id='word_1_524' title='bbox 993 2322 1138 2352; x_wconf 83' lang='lat' dir='ltr'>Mntrum</span> <span class='ocrx_word' id='word_1_525' title='bbox 1150 2321 1310 2361; x_wconf 78' lang='lat' dir='ltr'>familias]</span> <span class='ocrx_word' id='word_1_526' title='bbox 1340 2321 1469 2351; x_wconf 90' lang='lat' dir='ltr'>Lovan.</span> <span class='ocrx_word' id='word_1_527' title='bbox 1486 2329 1526 2351; x_wconf 88' lang='lat' dir='ltr'>m.</span> <span class='ocrx_word' id='word_1_528' title='bbox 1545 2319 1592 2362; x_wconf 86' lang='lat' dir='ltr'>fi-</span> 
     </span>
     <span class='ocr_line' id='line_1_95' title="bbox 882 2371 1591 2409; baseline -0.003 -6"><span class='ocrx_word' id='word_1_529' title='bbox 882 2372 1017 2404; x_wconf 80' lang='lat' dir='ltr'>delium.-</span> <span class='ocrx_word' id='word_1_530' title='bbox 1034 2372 1105 2404; x_wconf 84' lang='lat' dir='ltr'>fors</span> <span class='ocrx_word' id='word_1_531' title='bbox 1122 2372 1375 2409; x_wconf 79' lang='lat' dir='ltr'>m.samiliarum.</span> <span class='ocrx_word' id='word_1_532' title='bbox 1407 2371 1539 2402; x_wconf 88' lang='lat' dir='ltr'>Passim</span> <span class='ocrx_word' id='word_1_533' title='bbox 1556 2371 1591 2402; x_wconf 82' lang='lat' dir='ltr'>in</span> 
     </span>
     <span class='ocr_line' id='line_1_96' title="bbox 882 2421 1591 2462; baseline 0 -9"><span class='ocrx_word' id='word_1_534' title='bbox 882 2423 933 2454; x_wconf 88' lang='lat' dir='ltr'>his</span> <span class='ocrx_word' id='word_1_535' title='bbox 951 2422 1200 2454; x_wconf 82' lang='lat' dir='ltr'>commentariis</span> <span class='ocrx_word' id='word_1_536' title='bbox 1213 2423 1333 2461; x_wconf 83' lang='lat' dir='ltr'>Mater,</span> <span class='ocrx_word' id='word_1_537' title='bbox 1345 2421 1591 2462; x_wconf 83' lang='lat' dir='ltr'>paterfamilioe.·</span> 
     </span>
     <span class='ocr_line' id='line_1_97' title="bbox 881 2471 1589 2504; baseline 0 0"><span class='ocrx_word' id='word_1_538' title='bbox 881 2473 925 2504; x_wconf 94' lang='lat' dir='ltr'>V.</span> <span class='ocrx_word' id='word_1_539' title='bbox 954 2473 1029 2504; x_wconf 91' lang='lat' dir='ltr'>Iud.</span> <span class='ocrx_word' id='word_1_540' title='bbox 1060 2478 1227 2504; x_wconf 88' lang='lat' dir='ltr'>notarum.</span> <span class='ocrx_word' id='word_1_541' title='bbox 1258 2471 1426 2503; x_wconf 60' lang='lat' dir='ltr'>Com-ad</span> <span class='ocrx_word' id='word_1_542' title='bbox 1453 2473 1589 2504; x_wconf 86' lang='lat' dir='ltr'>Sallust.</span> 
     </span>
     <span class='ocr_line' id='line_1_98' title="bbox 882 2520 1482 2555; baseline -0.003 -1"><span class='ocrx_word' id='word_1_543' title='bbox 882 2523 922 2554; x_wconf 90' lang='lat' dir='ltr'>B.</span> <span class='ocrx_word' id='word_1_544' title='bbox 937 2523 1012 2555; x_wconf 86' lang='lat' dir='ltr'>Cat.</span> <span class='ocrx_word' id='word_1_545' title='bbox 1031 2533 1060 2554; x_wconf 89' lang='lat' dir='ltr'>c.</span> <span class='ocrx_word' id='word_1_546' title='bbox 1077 2526 1130 2554; x_wconf 76' lang='lat'>45.</span> <span class='ocrx_word' id='word_1_547' title='bbox 1153 2523 1162 2539; x_wconf 88' lang='lat'>‘</span> <span class='ocrx_word' id='word_1_548' title='bbox 1179 2521 1240 2553; x_wconf 90' lang='lat' dir='ltr'>filii</span> <span class='ocrx_word' id='word_1_549' title='bbox 1255 2520 1482 2553; x_wconf 62' lang='lat' dir='ltr'>familiarum)</span> 
     </span>
    </p>

    <p class='ocr_par' dir='ltr' id='par_1_13' title="bbox 881 2571 1591 2865">
     <span class='ocr_line' id='line_1_99' title="bbox 925 2571 1591 2613; baseline -0.005 -9"><span class='ocrx_word' id='word_1_550' title='bbox 925 2582 999 2605; x_wconf 75' lang='grc' dir='ltr'>ΠΧ.</span> <span class='ocrx_word' id='word_1_551' title='bbox 1035 2576 1056 2604; x_wconf 86' lang='grc'>6</span> <span class='ocrx_word' id='word_1_552' title='bbox 1096 2573 1216 2604; x_wconf 79' lang='lat' dir='ltr'>Nomen</span> <span class='ocrx_word' id='word_1_553' title='bbox 1247 2573 1390 2613; x_wconf 82' lang='lat' dir='ltr'>Pompeii</span> <span class='ocrx_word' id='word_1_554' title='bbox 1426 2583 1466 2602; x_wconf 74' lang='lat' dir='ltr'>ex</span> <span class='ocrx_word' id='word_1_555' title='bbox 1493 2571 1591 2602; x_wconf 74' lang='lat' dir='ltr'>scutis</span> 
     </span>
     <span class='ocr_line' id='line_1_100' title="bbox 881 2621 1590 2662; baseline -0.006 -7"><span class='ocrx_word' id='word_1_556' title='bbox 881 2625 1104 2660; x_wconf 45' lang='lat' dir='ltr'>detraxerim&amp;</span> <span class='ocrx_word' id='word_1_557' title='bbox 1136 2624 1332 2661; x_wconf 80' lang='lat' dir='ltr'>Marcellum,</span> <span class='ocrx_word' id='word_1_558' title='bbox 1345 2623 1396 2662; x_wconf 84' lang='lat' dir='ltr'>qui</span> <span class='ocrx_word' id='word_1_559' title='bbox 1408 2632 1439 2652; x_wconf 90' lang='lat' dir='ltr'>se</span> <span class='ocrx_word' id='word_1_560' title='bbox 1455 2621 1590 2652; x_wconf 61' lang='lat' dir='ltr'>Caesm&#39;is</span> 
     </span>
     <span class='ocr_line' id='line_1_101' title="bbox 881 2672 1589 2714; baseline -0.007 -8"><span class='ocrx_word' id='word_1_561' title='bbox 881 2685 1018 2706; x_wconf 74' lang='lat' dir='ltr'>caussam</span> <span class='ocrx_word' id='word_1_562' title='bbox 1039 2674 1234 2713; x_wconf 78' lang='lat' dir='ltr'>defensurum</span> <span class='ocrx_word' id='word_1_563' title='bbox 1254 2673 1468 2714; x_wconf 76' lang='lat' dir='ltr'>profitebatur,</span> <span class='ocrx_word' id='word_1_564' title='bbox 1482 2672 1589 2702; x_wconf 76' lang='lat' dir='ltr'>ducent</span> 
     </span>
     <span class='ocr_line' id='line_1_102' title="bbox 882 2721 1589 2764; baseline -0.004 -9"><span class='ocrx_word' id='word_1_565' title='bbox 882 2725 1093 2764; x_wconf 66' lang='lat' dir='ltr'>adsciverunt]</span> <span class='ocrx_word' id='word_1_566' title='bbox 1133 2724 1261 2756; x_wconf 87' lang='lat' dir='ltr'>Contra</span> <span class='ocrx_word' id='word_1_567' title='bbox 1291 2731 1330 2752; x_wconf 85' lang='lat' dir='ltr'>ea</span> <span class='ocrx_word' id='word_1_568' title='bbox 1360 2721 1465 2752; x_wconf 86' lang='lat' dir='ltr'>tradit</span> <span class='ocrx_word' id='word_1_569' title='bbox 1494 2721 1589 2752; x_wconf 79' lang='lat' dir='ltr'>Dion</span> 
     </span>
     <span class='ocr_line' id='line_1_103' title="bbox 883 2772 1588 2815; baseline -0.006 -9"><span class='ocrx_word' id='word_1_570' title='bbox 883 2775 905 2806; x_wconf 88' lang='lat' dir='ltr'>l.</span> <span class='ocrx_word' id='word_1_571' title='bbox 924 2783 1013 2806; x_wconf 72' lang='lat' dir='ltr'>nir.</span> <span class='ocrx_word' id='word_1_572' title='bbox 1029 2785 1064 2815; x_wconf 78' lang='lat' dir='ltr'>p.</span> <span class='ocrx_word' id='word_1_573' title='bbox 1082 2777 1155 2805; x_wconf 80' lang='lat'>192.</span> <span class='ocrx_word' id='word_1_574' title='bbox 1178 2783 1245 2804; x_wconf 87' lang='lat' dir='ltr'>non</span> <span class='ocrx_word' id='word_1_575' title='bbox 1263 2772 1362 2803; x_wconf 86' lang='lat' dir='ltr'>modo</span> <span class='ocrx_word' id='word_1_576' title='bbox 1384 2772 1588 2804; x_wconf 74' lang='lat' dir='ltr'>Marcellum</span> 
     </span>
     <span class='ocr_line' id='line_1_104' title="bbox 884 2821 1586 2865; baseline -0.004 -10"><span class='ocrx_word' id='word_1_577' title='bbox 884 2825 1055 2865; x_wconf 80' lang='lat' dir='ltr'>utriusque</span> <span class='ocrx_word' id='word_1_578' title='bbox 1072 2824 1178 2864; x_wconf 87' lang='lat' dir='ltr'>partis</span> <span class='ocrx_word' id='word_1_579' title='bbox 1195 2823 1336 2864; x_wconf 80' lang='lat' dir='ltr'>gratiam</span> <span class='ocrx_word' id='word_1_580' title='bbox 1345 2821 1586 2864; x_wconf 81' lang='lat' dir='ltr'>captasse‚sed</span> 
     </span>
    </p>
   </div>
  </div>
 </body>
</html>
