1850 3109
199 164 313 206 1832
637 174 673 204 J.
705 173 843 204 censi
876 176 1228 207 COMMENTARII

202 286 319 312 rone:
355 272 404 312 de
425 272 566 323 quibus
587 278 664 310 tam
686 273 935 323 contemptim
957 275 1145 312 sentiebant
1165 281 1220 321 ut,
1251 281 1422 314 moturus
1450 277 1546 315 inter
1573 291 1661 317 suos

201 338 343 375 diceret
360 353 368 381 ;
402 343 411 358 ‘
427 337 534 374 vado
551 336 598 374 ad
619 337 829 374 exercitum
852 336 930 372 sine
948 336 1062 381 duce,
1079 351 1165 375 mox
1181 346 1345 376 revertar
1357 340 1406 377 ad
1428 340 1568 379 ducem
1584 342 1663 380 sine

200 403 370 439 exercitu
387 405 407 437 :'
441 402 552 451 [190]
581 414 626 437 eo
656 412 745 436 xero
767 399 954 447 pergenti,
978 400 1147 437 Massilia
1170 401 1357 440 soederata
1382 404 1531 449 civitas,
1554 412 1593 443 et
1612 406 1663 443 ab

202 465 285 516 ipso
309 465 498 514 principio
514 462 696 500 Romanis
716 462 966 507 amicissima;
998 476 1072 500 non
1093 465 1150 501 sui
1171 465 1274 511 odio,
1291 467 1355 504 sed
1375 468 1517 517 ingenti
1537 469 1664 507 studio

203 531 249 568 R.
270 530 313 566 P.
334 536 464 578 portas
496 526 659 563 clausit:
700 539 815 575 quain
845 527 906 563 ille
926 540 1015 564 cum
1044 528 1245 565 obsidione
1273 530 1466 576 cinxisset,
1499 534 1664 571 Decimo

201 595 322 631 Bruto
357 604 444 628 cuni
474 596 583 641 parte
611 590 808 639 copiarum
840 591 1139 641 oppugnandam
1172 592 1333 642 linquit:
1380 594 1461 643 ipse
1495 602 1665 645 coeptum

202 659 273 696 iter
302 668 499 705 peragens,
528 654 577 691 ad
612 654 816 703 Hispanias
853 656 974 693 venit:
1006 656 1058 694 ibi
1089 670 1110 693 a
1140 657 1295 705 Petrejo
1334 663 1372 694 et
1411 658 1571 696 Afranio
1601 658 1667 710 qui

201 719 315 770 primi
352 724 610 762 occurrerant,
651 717 793 754 bellum
828 718 1034 768 iucipiens:
1076 733 1163 757 cum
1200 721 1303 757 nullo
1340 727 1558 771 temporum
1590 723 1667 760 dis-

201 783 358 822 crimine
379 795 487 832 aeque
517 781 578 818 die
606 794 650 818 ac
672 788 785 818 nocte
816 781 948 819 hostes
968 783 1254 833 aggrederetur,
1289 785 1490 822 consilinm
1520 785 1667 824 ducum

201 848 287 892 suit,
308 860 354 884 ne
384 845 582 883 nocturnis
614 845 713 882 boris
734 845 941 895 aliquando
961 852 1189 896 pugnarent,
1224 848 1329 896 quod
1359 854 1451 885 tunc
1477 862 1597 898 pavor
1616 849 1667 887 ad

202 910 392 962 ignaviam
413 909 606 959 impellat3
628 922 697 946 nec
718 909 778 954 sit,
800 909 865 959 qui
884 909 1073 947 submotis
1092 911 1254 948 testibus
1275 912 1491 949 concitatos
1511 919 1672 951 revocet

203 981 322 1025 atque
356 974 577 1018 contineat;
614 974 699 1010 luce
732 973 924 1022 pudorem
963 974 1132 1018 obstare,
1169 981 1208 1011 et
1240 974 1385 1012 ducum
1424 975 1596 1025 imperiO,
1630 984 1671 1016 et

201 1040 369 1091 potentia
388 1038 629 1076 tribunorum
658 1044 775 1087 atque
810 1038 1077 1075 centurionum
1107 1038 1272 1084 frrenari,
1294 1044 1333 1076 et
1361 1039 1408 1076 ad
1431 1039 1610 1078 virtutem
1631 1048 1671 1080 et

202 1103 252 1141 ad
272 1102 388 1140 fidem
409 1101 560 1145 retrahi,
583 1107 624 1138 ut
644 1108 780 1139 contra
802 1109 944 1139 metum
966 1108 1206 1152 mortemque
1227 1102 1492 1140 consisterent.
1549 1105 1671 1144 Caete·

202 1180 286 1205 rum
307 1166 387 1204 fato
404 1180 462 1203 res
484 1165 642 1203 bellicas
662 1166 853 1211 volvente,
873 1166 922 1204 ad
947 1167 1107 1204 Ilerdam
1130 1167 1317 1216 compulsi
1341 1168 1483 1205 hostes.
1541 1169 1670 1207 Caesar

202 1244 293 1268 vero
316 1230 486 1268 maximis
506 1229 705 1274 imbribus,
727 1237 766 1268 et
786 1230 931 1268 diluvio
952 1244 1152 1280 aquarum,
1177 1230 1320 1280 ingenti
1342 1230 1496 1280 quidem
1517 1232 1571 1269 rei
1592 1233 1670 1270 fru-

204 1294 399 1332 mentariae
430 1294 559 1343 inopia
581 1294 895 1340 circumventus;
929 1294 1188 1344 perseveravit
1209 1300 1335 1331 tamen
1366 1294 1403 1331 in
1429 1295 1611 1345 incoepto,
1633 1301 1672 1334 et

203 1371 335 1396 omnes
357 1358 604 1395 difficultates
632 1359 713 1394 sola
745 1364 781 1395 et
812 1359 923 1396 solita
957 1359 1097 1396 virtute
1127 1358 1333 1408 superavit,
1372 1358 1497 1397 donec
1518 1359 1671 1397 tandem

205 1421 392 1460 abeuntes
413 1421 580 1459 ⁷³sceleri
602 1428 718 1472 atque
737 1422 846 1459 arido
867 1423 902 1459 in
927 1428 1055 1459 monte
1084 1422 1340 1472 deprehensos
1369 1422 1534 1467 obsedit,
1554 1429 1672 1473 atque

204 1484 260 1523 ita
275 1485 544 1530 circumdedit,
566 1492 608 1523 ut
624 1485 749 1523 nullus
765 1485 813 1522 ad
835 1485 966 1536 fugam
985 1485 1106 1523 exitus
1119 1492 1266 1536 pateret
1282 1501 1291 1530 ;
1314 1498 1389 1535 qua
1404 1485 1673 1536 desperatione

205 1550 320 1603 pulsi,
343 1564 432 1588 cum
453 1550 553 1587 fame
572 1556 611 1587 et
632 1550 695 1587 siti
717 1550 850 1587 ultima
871 1556 1143 1601 premerentur,
1164 1563 1266 1600 saepe
1291 1562 1491 1599 erumpere
1520 1556 1558 1587 et
1578 1551 1674 1589 mori

207 1617 428 1654 voluerunt.
486 1614 640 1657 Quibus
662 1614 791 1652 Caesar
811 1621 945 1652 contra
962 1627 1073 1651 suum
1093 1627 1234 1652 morem
1261 1626 1400 1664 pugnae
1422 1613 1574 1663 copiam
1594 1627 1673 1652 non

207 1680 314 1725 fecit,
346 1679 413 1716 sed
444 1678 544 1716 intra
575 1678 805 1715 munitiones
837 1691 954 1728 seque
987 1690 1156 1727 suosque
1184 1677 1397 1715 continuit:
1438 1677 1550 1725 cujus
1580 1677 1673 1716 facti

207 1749 314 1782 certa
350 1747 431 1780 erat
462 1742 558 1779 ratio
584 1755 594 1779 ε
636 1741 817 1791 sperabat
844 1741 944 1778 enim
977 1754 1043 1778 eos
1073 1740 1123 1778 ad
1161 1748 1330 1778 extrema
1358 1740 1570 1791 perductos
1594 1742 1672 1779 sine

206 1807 345 1857 proelio
377 1806 476 1844 vinci
506 1819 644 1856 posse:
687 1819 757 1843 cur
779 1805 890 1856 igitur
909 1811 977 1842 aut
1006 1819 1096 1843 suos
1123 1805 1267 1856 optime
1287 1805 1335 1843 de
1368 1818 1408 1843 se
1429 1805 1582 1843 meritos
1601 1805 1675 1842 sibi

211 1870 456 1909 charissimos
486 1869 667 1920 perieulis
699 1876 816 1920 atque
846 1869 1064 1907 vulneribus
1091 1875 1312 1920 exponeret,
1347 1869 1428 1906 sine
1450 1868 1600 1919 quibus,
1632 1874 1674 1906 ut

209 1935 380 1973 secunda
403 1935 478 1972 sint
506 1935 653 1984 proelia,
675 1934 833 1972 victoria
854 1935 916 1971 vix
945 1934 1120 1983 contigit,
1141 1939 1181 1971 et
1210 1933 1374 1971 fortunae
1403 1932 1674 1976 committeret,

209 1998 316 2049 quod
348 1999 618 2048 expectatione
639 2011 874 2048 quamquam
905 1998 1037 2043 serius,
1059 1998 1176 2036 tutius
1204 2003 1332 2034 tamen
1354 2001 1496 2046 posset,
1518 2008 1606 2033 cum
1627 1995 1675 2032 sit

210 2062 320 2100 ducis
334 2061 504 2099 officium
525 2074 601 2098 non
620 2061 742 2098 minus
763 2061 922 2098 consilio
944 2074 1059 2111 quam
1079 2061 1179 2098 ferro
1194 2060 1242 2097 ad
1265 2059 1462 2097 victoriam
1479 2059 1671 2109 aspirare:

210 2140 257 2164 ex
277 2127 426 2164 diverso
457 2130 582 2163 autem
604 2138 674 2163 cur
700 2138 777 2162 non
794 2137 858 2162 eos
887 2124 1037 2162 vincere
1062 2124 1195 2161 mallet
1214 2136 1330 2173 quam
1346 2122 1541 2168 occidere,
1562 2121 1676 2173 [191]

211 2190 278 2241 qui
297 2191 386 2228 licet
402 2196 531 2228 essent
557 2189 777 2235 adversarii,
795 2188 896 2226 cives
917 2194 1048 2227 erant:
1084 2189 1158 2226 hoc
1179 2187 1290 2225 ducis
1320 2187 1456 2237 optimi
1475 2186 1676 2224 consilium

211 2255 354 2293 assueti
375 2254 547 2293 caedibus
576 2253 713 2291 milites
744 2266 820 2291 non
840 2252 1066 2298 laudabant,
1089 2252 1156 2290 sed
1177 2252 1341 2290 invicem
1371 2250 1675 2295 murmurabant,

213 2319 321 2369 quod
341 2319 419 2356 dux
438 2332 525 2356 cum
547 2324 679 2368 posset
699 2318 851 2355 vincere
871 2324 1078 2362 recusaret,
1100 2330 1139 2354 se
1156 2329 1311 2366 quoque
1325 2314 1435 2352 ducis
1456 2314 1616 2364 imperio
1637 2313 1674 2350 in

212 2382 391 2433 proelium
411 2396 487 2419 non
503 2382 635 2420 ituros.
670 2381 736 2418 Ille
751 2387 879 2419 autem
896 2394 1011 2431 quem
1033 2393 1108 2417 non
1129 2379 1240 2417 facile
1255 2392 1312 2416 res
1325 2384 1534 2423 moverent,
1552 2377 1678 2415 verbis

212 2447 408 2491 immotus,
422 2446 459 2482 iu
480 2446 664 2483 sententia
676 2445 919 2495 persistebat,
936 2445 1133 2482 victoriam
1152 2444 1389 2481 incruentam
1407 2454 1585 2492 sperans:
1606 2453 1677 2479 nec

214 2509 348 2548 fefellit
367 2510 516 2560 opinio:
547 2523 666 2546 uuum
687 2509 761 2546 hoc
776 2508 917 2546 7⁹inter
937 2522 1059 2546 mores
1074 2507 1218 2546 accidit
1235 2512 1444 2545 memoratu
1462 2505 1623 2556 dignum
1638 2509 1679 2543 et

214 2574 429 2625 ⁵0exiguum
445 2575 633 2612 Caesareae
647 2573 848 2611 ⁸¹levitatis
861 2572 1044 2610 indicium
1061 2587 1069 2611 :
1094 2572 1186 2610 dum
1202 2571 1300 2610 enim
1315 2571 1412 2609 inter
1426 2576 1555 2620 partes
1568 2567 1679 2606 dedi-

255 2673 297 2701 78
328 2671 432 2711 Lege,
446 2670 570 2707 Ilerdoe,
596 2671 686 2710 atque
700 2669 893 2700 uram—79
908 2668 1010 2709 Lege,
1037 2667 1119 2699 inter
1135 2668 1334 2699 moras.—80
1357 2665 1460 2706 Lege,
1474 2662 1678 2696 eximium.—

215 2727 253 2756 81
274 2725 377 2765 Lege,
390 2723 541 2755 lenitatis.
