1850 3109
390 178 571 209 1.1n.111.
606 166 802 207 (minim.
837 177 900 206 DF.
935 177 1090 205 ummo
1124 178 1292 207 culm.

102 273 172 310 jam
204 272 328 303 Brutus
366 271 498 302 viderat
533 274 568 301 et
607 270 809 301 (Jiaceonius

107 321 347 362 corrigendum
375 330 447 351 esse
472 320 650 351 nitebatur:
675 326 709 351 et
727 321 808 351 viris

108 371 215 402 doctis
232 372 354 402 merito
368 369 572 411 unffi-agatur
594 370 750 402 Schelius
766 371 806 402 ad

109 422 235 462 llygin.
267 432 298 462 p.
328 423 402 452 296.
451 421 536 451 vide
567 422 665 461 plura
695 420 736 452 ad
766 422 806 452 Β.

107 472 196 503 Gall.
225 480 272 502 iv.
299 474 350 502 24.
380 473 388 488 ‘
407 471 533 502 Eadem
560 473 739 502 alacritato
769 482 806 502 ac

106 521 217 552 studio
235 521 430 552 nitebantur
444 521 463 559 ;’
490 523 590 562 vulgo
607 522 783 553 utebantur.

147 575 166 603 5
191 572 380 603 Praese'dium
408 573 562 612 quoddam
583 573 806 613 occupavisset]

104 622 303 654 Fra-sidium
326 632 388 663 pro
405 623 545 654 castello
562 633 619 654 seu
637 624 710 654 loco
735 634 805 654 mu-

105 673 175 704 nito
200 673 255 704 hic
279 674 425 714 ponitur.
469 674 525 705 Sic
555 674 644 714 apud
672 674 804 705 Livium

105 732 181 755 xxi.
213 728 264 755 57.
300 725 460 756 ‘Pavore
481 724 633 755 hostilius
664 725 804 764 injecto,

104 772 276 804 defensum
294 774 428 814 egregie
442 774 634 815 praesidinm
651 774 726 806 est.’
760 776 804 806 Et

103 823 216 862 paullo
233 829 329 863 post:
354 825 363 841 ‘
382 823 472 855 fama
501 824 643 865 impigre
671 824 802 855 defensi

103 873 145 904 ad
160 872 371 905 Placentiam
388 875 558 915 praesidii?
597 877 692 907 Petr.
709 876 804 906 Ciac-

103 924 220 954 conius
235 925 387 965 reposuit
398 926 544 966 proesidio
559 927 663 956 collem
681 935 804 965 occupa-

101 975 205 1013 risset,
234 976 322 1017 quod
351 977 435 1007 hanc
463 977 604 1017 praesidii
634 975 803 1016 significa-

103 1025 228 1057 tionem
259 1027 291 1056 in
322 1027 468 1058 animum
510 1036 573 1058 non
612 1031 800 1058 revocaret.

105 1076 219 1107 Dacis.
264 1076 332 1108 Adi
354 1077 489 1108 omniuo
514 1083 610 1108 notas
627 1077 668 1106 ad
686 1086 733 1108 w.
751 1080 802 1108 33.

101 1128 151 1157 31.
167 1128 175 1143 ‘
192 1127 268 1158 Non
293 1127 467 1167 oppidum,
481 1136 548 1157 non
564 1126 780 1166 praesidium!

145 1179 183 1208 13
208 1177 356 1218 Recipere
370 1187 402 1208 se
415 1176 546 1216 statuit]
593 1176 649 1207 Ita
665 1176 801 1217 quidem

101 1226 197 1258 Petr.
241 1226 443 1258 Ciacconius
471 1226 502 1256 111
542 1225 671 1257 duobus
700 1226 801 1257 Mstis

101 1277 242 1318 reperit,
274 1277 322 1308 sic
346 1276 453 1307 edidit
480 1276 569 1307 Phil.
597 1276 802 1313 Beroaldus,

100 1331 135 1358 et
151 1327 199 1359 sic
215 1328 340 1358 lectum
357 1327 465 1358 voluit
493 1326 598 1357 Gabr.
623 1326 775 1357 Faernus
792 1337 800 1364 ;

100 1375 184 1418 qu'os
202 1382 338 1408 secutus
367 1382 419 1408 est
434 1377 507 1410 Jos.
522 1377 688 1416 Scaliger.
734 1377 799 1407 Sed

100 1427 235 1458 omnino
252 1428 497 1468 reponendum,
508 1427 644 1467 recipere
655 1437 685 1458 se
693 1427 804 1467 jussit,

100 1486 137 1508 nr.
161 1477 287 1508 diserte
310 1477 450 1508 Norvic.
498 1477 553 1508 Sic
584 1477 686 1508 etiam
712 1478 800 1518 Gry-

99 1528 198 1568 phius
228 1532 262 1559 et
288 1529 430 1560 Ursinus
463 1527 614 1559 edidere.
671 1528 801 1559 Merito

100 1587 200 1616 sane;
225 1588 301 1609 nam
319 1588 381 1619 pro
397 1583 539 1618 recepta
563 1577 734 1608 scribendi
752 1587 801 1608 ra-

100 1629 193 1660 tione
222 1630 337 1660 Caesar
365 1639 434 1660 snae
458 1633 591 1659 tautum
615 1629 729 1668 saluti,
744 1638 800 1659 ne-

100 1679 220 1720 glectis
233 1679 312 1718 suis,
321 1678 680 1720 consulere-videretur
692 1689 700 1716 ;
711 1677 800 1719 quod

101 1734 136 1761 et
185 1729 398 1770 imperatoris
439 1728 618 1759 fortissimi
650 1727 799 1759 moribus

99 1785 135 1812 et
165 1779 228 1821 ipsi
251 1780 299 1810 rei
329 1779 547 1810 contrarium.
585 1778 696 1809 Daris.
727 1788 799 1809 cur.

99 1839 166 1862 sec.
193 1831 301 1861 Recte
313 1829 510 1870 judicatCl.
523 1829 693 1860 Davisius.
722 1829 800 1860 Non

99 1885 230 1912 tantum
243 1880 365 1911 statuit
382 1880 511 1919 Caesar,
525 1890 557 1911 se
572 1881 723 1921 recipere,
739 1881 799 1911 sed

91 1930 207 1971 jussit,
223 1941 294 1962 suos
308 1939 339 1961 se
351 1931 497 1971 recipere,
507 1930 628 1971 quibus
643 1930 798 1961 timebat.

97 1982 201 2014 Jassit
228 1991 322 2020 vero,
338 1991 403 2012 non
428 1981 553 2020 statuit,
577 1986 739 2012 exaratur
765 1981 798 2011 in

98 2032 182 2064 Mss.
219 2032 355 2073 optimis
395 2032 514 2063 Petav.
563 2032 676 2072 CnJac.
707 2031 797 2062 Scal.

99 2081 194 2113 Leid.
211 2092 262 2122 pr.
285 2083 384 2113 Voss.
411 2087 446 2113 et
470 2082 559 2113 Edd.
574 2083 675 2113 Vasc.
692 2081 797 2113 Basil.

97 2133 216 2173 steph.
235 2132 472 2171 Aldi‚Stradae
491 2138 527 2164 et
543 2133 696 2163 aliorum.

141 2185 182 2213 19
204 2183 370 2223 Legiones]
406 2183 445 2213 ln
470 2183 566 2214 Leid.
583 2192 635 2223 pr.
654 2188 706 2214 est
721 2183 798 2222 Iegi-

97 2242 205 2264 onum:
243 2232 333 2263 unde
360 2230 470 2263 facilis
492 2237 581 2263 esset
606 2232 798 2264 emendatio

98 2283 179 2323 legio
208 2293 288 2314 nona
316 2292 375 2313 seu
403 2292 453 2313 ix.
478 2292 508 2314 c.
531 2293 593 2313 sese
615 2283 799 2323 recepisset.-

97 2333 141 2365 de
158 2344 225 2375 qua
247 2335 390 2364 maxime
407 2334 527 2373 agitur.
573 2333 660 2364 Vide
677 2334 738 2374 §2-
764 2338 800 2364 et

97 2393 172 2425 cap.
186 2393 257 2426 seq.
285 2385 346 2424 §4
393 2384 460 2415 Sed
492 2383 617 2414 ibidem
645 2385 708 2424 §2
725 2384 801 2423 legi-

96 2443 166 2465 ones
179 2434 302 2465 reduci:
317 2433 374 2464 ubi
389 2433 540 2465 Faernus
553 2434 702 2465 malebat
719 2443 799 2475 quo-

97 2494 162 2526 que
178 2485 339 2524 legionem.

140 2545 236 2570 XLvi.
260 2541 280 2569 9
295 2538 516 2577 Propulerunt,
528 2540 563 2568 ut
580 2537 684 2575 fossas
700 2541 800 2568 trans-

96 2587 271 2627 conderent]
319 2588 407 2618 Sana
437 2593 490 2619 est
518 2589 592 2620 haec
622 2589 739 2627 lectio,
763 2593 799 2620 et

97 2636 180 2668 nihil
206 2646 302 2677 opus,
331 2644 367 2669 ut
399 2648 473 2669 cum
501 2638 580 2669 Pet.
613 2638 798 2669 Ciacconio

96 2686 302 2716 rescribatur
323 2688 521 2728 propulerunt
535 2691 567 2718 et
580 2687 686 2726 fossas
701 2692 800 2720 trans-

93 2734 276 2772 cenderunt;
298 2742 410 2768 crates
434 2738 525 2768 enim
547 2748 623 2769 eum
645 2738 679 2769 in
694 2737 797 2769 finem

182 2787 299 2827 Delph.
313 2791 341 2818 ιε
362 2789 437 2820 Var.
454 2789 540 2821 Clas-

765 2791 874 2822 Ctesur

1452 168 1562 210 1489

861 269 1035 309 dejecere,
1074 274 1111 301 ut
1143 270 1181 300 iis
1205 270 1310 301 fossas
1335 271 1561 303 insternerent

862 325 1117 361 aequarentqnc.
1164 320 1219 351 Sic
1233 320 1275 352 dc
1294 322 1380 352 Bcll.
1392 322 1484 352 Gall.
1500 332 1562 353 vii.

861 371 913 399 w.
939 369 1158 400 ‘Proximam
1185 368 1309 400 fossam
1334 370 1487 402 cratibus
1516 371 1565 402 in·

861 419 1004 457 tegunt)
1051 420 1137 451 Vide
1155 426 1190 452 et
1207 421 1360 460 ejusdem
1386 421 1463 452 libri
1488 431 1563 463 cap.

861 471 914 498 86.
938 469 1048 500 Duris.

904 522 944 549 10
970 520 1104 561 checli]
1130 522 1188 553 Nil
1205 528 1308 553 muto.
1354 522 1442 553 Vide
1459 523 1563 561 enim,

861 578 935 609 qnae
965 570 1155 601 notavimus
1188 572 1230 602 ud
1262 583 1290 604 (·.
1323 576 1375 604 35.
1434 574 1562 605 Verum

858 629 959 659 quum
973 619 1006 650 in
1018 620 1084 650 ΜΞ.
1116 621 1301 662 0130001111,
1314 624 1435 654 Petav.
1452 625 1565 656 Palat.

858 669 951 700 Leid.
969 680 1020 710 pr.
1039 675 1074 701 ct
1101 680 1168 702 sce.
1194 678 1355 704 exaretur
1378 674 1500 714 dejecti,
1528 674 1561 704 id

857 720 1017 752 damnare
1035 732 1099 753 non
1131 723 1263 754 ausim:
1293 726 1379 756 colle
1419 725 1563 765 scilicet,

857 782 954 813 quem
968 780 1238 814 occupaverant.

901 825 939 853 1-1
966 824 1223 865 Constipatipilu
1239 826 1448 866 conjecerunt]
1493 828 1562 858 Ms.

858 873 932 904 Pal.
959 875 1147 914 complicati.
1189 875 1255 906 Sed
1274 881 1387 906 noster
1404 881 1440 907 et
1463 877 1562 917 Cuja-

856 923 971 954 cianus
998 934 1036 955 ac
1061 925 1138 956 Pet.
1161 927 1343 966 conspirati,
1364 926 1563 967 συνεσπείρα·

855 985 959 1011 μενοι;
984 984 1043 1005 seu
1069 977 1254 1014 conglobali.
1321 978 1409 1008 Nam
1437 979 1560 1019 σπεῖρα,

857 1028 894 1054 ut
927 1023 1118 1064 Hesychius
1155 1028 1311 1066 exponit,
1344 1038 1478 1069 quoque
1509 1034 1563 1059 est

854 1075 986 1113 πλῆθος,
997 1073 1118 1114 τάγμα,
1136 1080 1170 1105 et
1186 1076 1306 1107 Suiilas
1323 1078 1441 1113 πλῆθος
1465 1088 1558 1117 στρα-

854 1122 1025 1163 τευμάτων,
1041 1129 1076 1155 et
1106 1123 1262 1164 φάλαγγα
1289 1128 1454 1166 explicat,
1470 1128 1559 1158 unde

855 1175 966 1213 σπεῖρα
981 1170 1152 1213 στρατηγὶς
1178 1176 1284 1205 cohors
1309 1177 1461 1215 proetoria
1491 1176 1564 1217 Ap-

855 1223 956 1263 piano
973 1234 981 1261 ;
1008 1225 1146 1264 proprie
1160 1224 1187 1255 si
1206 1229 1320 1255 vertas
1339 1225 1449 1265 globus
1464 1226 1532 1256 erit
1552 1237 1560 1257 :

855 1282 963 1314 eaque
999 1273 1138 1313 propria
1168 1274 1327 1305 Romanis
1362 1285 1440 1314 vox,
1470 1275 1561 1307 unde

855 1323 1039 1355 Annalium
1066 1325 1215 1365 scriptor
1243 1326 1303 1357 lib.
1334 1329 1383 1357 14.
1410 1328 1419 1343 ‘
1436 1328 1560 1358 Donec

857 1375 1064 1406 Cari-lienem
1096 1375 1230 1416 integer
1261 1386 1280 1406 a
1311 1381 1408 1417 tergo
1441 1378 1561 1418 globus

854 1424 1104 1456 circumvenit.'
1150 1427 1242 1457 Vere
1256 1426 1320 1458 hoc
1336 1429 1458 1467 σπεῖρα.
1495 1428 1562 1458 En-

854 1475 929 1506 nius
948 1480 1075 1515 tamen‚
1092 1482 1128 1507 ut
1143 1485 1184 1506 ex
1199 1477 1301 1508 Festo
1316 1476 1487 1517 discimuS,
1503 1478 1560 1508 ho-

852 1526 979 1557 minnm
1008 1526 1260 1558 multitudinem
1282 1527 1332 1558 ita
1359 1527 1559 1568 appellavit,

854 1577 943 1607 unde
960 1577 1210 1608 hemistichium
1233 1578 1298 1609 hoc
1317 1578 1405 1618 ejus,
1422 1580 1431 1595 ⁴
1446 1578 1561 1618 Spiras

853 1626 1044 1667 legionibus
1060 1631 1216 1658 nexunt.‘
1242 1628 1343 1660 Quod
1356 1628 1445 1659 idem
1459 1638 1559 1669 quam

853 1677 879 1707 si
907 1677 1002 1708 dicas
1027 1679 1205 1719 conspirat-i.
1251 1679 1382 1709 Plinius
1413 1678 1455 1709 de
1479 1679 1560 1709 viris

853 1728 1046 1758 illustribus
1063 1738 1137 1759 eain
1154 1738 1272 1759 vocem
1301 1729 1441 1769 proprie
1465 1739 1561 1759 usui·-

854 1778 949 1818 pavit
965 1778 1008 1809 de
1024 1783 1198 1819 serpente,
1222 1780 1231 1796 ‘
1247 1778 1377 1819 Anguis
1390 1789 1407 1810 e
1422 1779 1559 1810 sedibus

854 1829 924 1869 ejus
947 1829 1096 1869 elapsus,
1120 1829 1339 1869 venerabilis,
1365 1840 1429 1861 non
1453 1829 1558 1861 horri-

852 1879 944 1918 bilis,
957 1889 1020 1919 per
1046 1879 1191 1910 mediam
1209 1880 1326 1910 urbem
1350 1889 1426 1910 011111
1453 1880 1559 1910 admi-

854 1929 988 1960 ratione
1018 1929 1168 1960 omnium
1199 1930 1364 1970 perrexit,
1392 1935 1440 1968 et,
1463 1940 1499 1961 se
1522 1931 1558 1961 iu

851 1979 1025 2010 Volumnii
1061 1979 1284 2011 tabernaculo
1324 1980 1560 2021 conspiravit!

853 2030 1032 2062 Quomodo
1046 2031 1145 2061 Maro
1169 2031 1212 2062 de
1227 2032 1434 2070 Laocoonte,
1448 2032 1458 2049 ‘
1477 2032 1560 2063 Cor-

852 2081 992 2121 ripiunt,
1016 2080 1185 2122 spirisque
1206 2082 1314 2122 ligant
1337 2081 1558 2122 ingentibus!

856 2131 991 2162 Vossius.
1035 2132 1091 2163 Sic
1110 2131 1248 2163 edidere
1261 2132 1352 2164 Just.
1370 2132 1505 2173 Lipsius
1519 2136 1557 2163 et

850 2181 923 2213 Jos.
953 2182 1105 2222 Scaliger
1135 2191 1177 2212 ex
1207 2183 1409 2223 conjectura
1445 2182 1559 2213 Paulli

852 2232 1014 2262 Manutii.
1061 2232 1178 2263 Codex
1209 2233 1322 2263 Palat.
1357 2232 1557 2272 complicati,-

852 2282 950 2312 editt.
970 2281 1069 2312 Rom.
1081 2283 1167 2314 Ven.
1184 2283 1343 2313 Beroald.
1361 2283 1555 2322 conspicati,-

852 2333 935 2363 Mss.
962 2333 1060 2363 Voss.
1078 2333 1198 2363 Petav.
1215 2333 1333 2373 Cujac.
1361 2338 1397 2363 et
1414 2333 1554 2364 Norvic.

851 2383 1031 2423 conspirati,
1048 2394 1123 2424 quae
1139 2388 1233 2414 recta
1251 2390 1300 2413 cst
1317 2383 1501 2423 scriptura,
1516 2394 1555 2414 ac

852 2434 942 2465 idem
971 2434 1126 2473 denotat,
1157 2435 1245 2475 quod
1282 2434 1491 2473 condensati,
1520 2434 1556 2464 iu

851 2484 987 2526 globum
1010 2485 1156 2515 collecti.
1202 2485 1291 2515 Vide
1323 2485 1457 2526 Marqu.
1484 2485 1555 2516 Gu-

851 2535 942 2565 dium
970 2535 1013 2565 ad
1030 2535 1169 2565 Phaedri
1194 2535 1277 2566 Fab.
1297 2544 1319 2566 1.
1335 2539 1364 2565 2.
1382 2538 1413 2565 4.
1442 2534 1554 2565 Dacis.

854 2585 1033 2625 Conspicati
1049 2585 1150 2616 etiam
1165 2591 1218 2615 est
1235 2586 1268 2614 in
1282 2586 1366 2615 Mss.
1382 2583 1502 2615 Leidd.
1518 2588 1554 2613 et

851 2636 948 2666 Voss.
971 2635 1109 2676 aliisque
1137 2641 1173 2666 et
1201 2635 1284 2666 Edd.
1303 2634 1397 2665 Med.
1414 2634 1553 2664 Vascos.

849 2687 969 2726 steph.
983 2688 1048 2717 διε.
1094 2687 1166 2727 Ego
1198 2684 1380 2724 conspirati,
1396 2683 1486 2724 quod
1516 2688 1553 2714 et

851 2742 961 2769 restat
974 2737 1009 2767 iu
1026 2737 1143 2768 Ursini
1160 2735 1301 2774 Codice,
1315 2734 1468 2775 recipere
1485 2742 1564 2766 non·

1393 2790 1411 2817 5
1435 2787 1464 2818 Β
