1850 3109
297 176 411 218 1552

345 285 382 313 13
409 281 763 321 Domitius,—-q11um—
772 281 929 319 judicaret
945 293 998 317 ,·-

299 331 466 371 statueret]
513 332 576 362 Ms.
615 332 702 370 Reg.
739 335 888 362 statuens.
950 331 998 361 Ut

298 381 386 413 forle
418 387 491 413 tota
518 382 581 412 ista
613 381 771 421 periodus
809 383 870 411 hoc
900 381 998 411 modo

299 433 427 472 scripta
451 442 524 462 esse
549 431 721 472 potuerit:
747 431 915 468 Domitius,
941 440 998 461 nou

298 487 417 514 taurum
434 485 473 513 ad
493 483 688 521 explicandos
706 485 844 520 sumptus
860 481 906 511 rei
922 481 1000 510 mili-

299 535 380 564 tutis
408 534 569 573 pecuniam
597 533 798 563 necessariam
828 541 889 562 csse
911 531 1000 571 judi-

300 594 378 614 cans
396 595 403 621 ;
426 585 477 614 sed
490 583 583 613 eliam
607 587 747 623 turpe—
760 588 1000 620 essestatuens,

301 640 363 665 ecc.
389 635 497 664 Clark.
542 634 638 665 Licet
666 633 825 664 admittas
850 637 1004 671 statuens,

301 686 389 725 quod
405 686 514 716 inveni
531 695 664 726 quoque
680 686 712 716 in
725 686 798 715 Pal.
816 685 1000 722 L‹›id.sec.,

299 746 365 767 non
381 746 464 777 opus
481 741 594 767 tamen
613 736 793 778 quidquam
822 736 854 765 in
873 744 1001 775 praece-

301 786 460 817 dentibus
492 791 634 817 mutare.
680 786 801 816 'l'utius
835 791 888 816 est
919 786 1000 816 nihil

302 837 468 874 innovari,
484 847 546 868 nec
570 837 670 868 etiam
695 847 792 876 opum
838 837 1001 867 Statuerat

304 886 400 918 Leid.
429 896 480 926 pr.
498 887 607 926 Bong.
625 891 660 917 et
677 887 775 916 Voss.

345 941 385 969 30
404 939 458 968 Ex
468 938 683 968 tumultuariis
690 936 855 976 militibus]
868 938 1003 967 Tumul-

302 988 403 1018 tuarii
429 988 552 1018 milites
579 988 737 1018 dicuntur
764 989 798 1027 ii,
813 988 869 1028 qui
886 988 928 1019 ob
953 993 1004 1018 tu·

301 1038 457 1075 multum,
486 1038 538 1068 vel
558 1038 732 1078 inopinum
755 1038 846 1069 aliud
872 1039 1003 1079 pericu-

301 1089 370 1119 lum
394 1088 519 1129 raptim
543 1093 621 1119 sunt
648 1088 842 1129 conscripti.
889 1089 1003 1120 Livius

303 1147 415 1170 xxxv.
438 1142 468 1170 2.
506 1139 564 1169 ‘Si
594 1140 756 1170 tumultus
777 1139 810 1169 in
839 1139 1005 1179 Hispania

303 1194 406 1228 esset,
445 1190 581 1230 placere
605 1189 842 1220 tumultuarios
879 1189 1004 1221 milites

306 1244 406 1269 extra
445 1239 579 1270 Italiam
623 1239 726 1270 scribi
768 1249 788 1270 a
834 1240 1003 1271 Praetore.

304 1290 404 1320 Mens
431 1299 472 1320 ea
495 1290 634 1320 Senatui
663 1289 740 1327 suit,
767 1293 803 1320 ut
832 1289 864 1319 in
882 1289 1005 1331 Hispa-

303 1340 359 1371 nia
386 1341 596 1371 tumultuarii
627 1341 751 1371 milites
782 1340 1002 1381 legerentur!

302 1391 394 1422 vide
411 1397 445 1422 et
463 1391 612 1422 Godesc.
637 1390 863 1422 Stewechium
879 1391 920 1422 ad
939 1392 1005 1422 Ve-

303 1443 385 1484 getii
403 1452 458 1474 111.
477 1446 507 1473 8.
556 1444 671 1474 Daris.

346 1495 384 1524 31
411 1493 581 1533 Patisium]
628 1493 683 1524 Ita
708 1503 749 1524 ex
777 1493 893 1524 Ursin.
919 1493 1004 1524 Cod.

304 1544 437 1584 recepit
469 1545 632 1583 Scaliger,
666 1549 701 1575 et
732 1543 950 1575 confirmatur
987 1554 1006 1574 a

304 1595 390 1625 Mas.
417 1594 513 1632 meis,
543 1594 701 1625 Ciaccon.
731 1598 766 1625 et
795 1594 914 1624 Brant.
942 1594 1006 1624 nisi

305 1644 396 1686 quod
435 1645 587 1675 Pausiam
619 1644 678 1675 det
703 1645 812 1682 Bong.
848 1644 887 1675 In
918 1643 1005 1675 Edd.

303 1695 398 1726 Vett.
439 1700 511 1725 erat
544 1695 721 1725 Paciscium
744 1695 798 1725 vel
834 1695 1006 1733 Patiscum,

306 1745 396 1786 quod
426 1751 477 1776 est
506 1746 539 1775 in
557 1745 688 1776 Aldinis
705 1750 739 1776 et
771 1745 1005 1776 Plautini-anis.

306 1795 355 1827 At
385 1796 530 1827 Patiscus
554 1800 628 1827 erat
658 1796 906 1837 Pompeianus:
943 1797 1007 1826 nisi

306 1850 421 1886 partes
460 1846 537 1877 dein
568 1847 761 1877 mutaverit.
815 1847 903 1877 Vide
935 1847 1005 1878 Cic.

305 1896 417 1935 Epist.
436 1897 528 1927 Fam.
548 1906 586 1927 11.
604 1900 635 1927 2.
660 1905 739 1927 vui.
756 1900 785 1927 9.
804 1905 869 1928 xii.
887 1900 939 1927 13.
955 1900 1006 1928 15.

305 1945 456 1976 Πετίσκος
470 1947 553 1977 male
568 1946 726 1987 Appiano
743 1948 780 1978 Β.
791 1948 863 1978 Civ.
879 1956 917 1978 ιι.
931 1951 1005 1978 503.

306 1996 436 2027 Petissz'i
467 1997 630 2028 Urbinatis
641 1998 722 2027 alibi
743 1998 896 2028 meminit
913 1998 1007 2029 Cice—

306 2055 357 2077 ro.
373 2047 461 2077 Vide
480 2047 643 2078 Ciaccon.

350 2101 390 2129 33
417 2098 566 2138 Comana]
612 2100 667 2130 Ita
703 2099 933 2138 scribendum,
974 2099 1007 2130 in

307 2146 514 2179 Accusativo
544 2150 678 2189 plurali.
733 2150 826 2180 Editi
858 2150 1008 2180 nonnulli

309 2199 455 2229 Comana¹
466 2210 475 2229 :
486 2200 544 2230 scd
561 2210 750 2240 perperam.
767 2202 910 2240 Semper
919 2200 1007 2230 enim

307 2249 416 2280 utitur
437 2251 552 2281 Caesar
574 2251 636 2281 hoc
659 2250 791 2281 nomine
810 2251 840 2281 in
869 2259 1008 2281 numero

308 2300 443 2340 plurali.
492 2301 598 2332 Flark.
645 2301 738 2332 Male
760 2301 925 2332 Cellarius
951 2300 1007 2331 de-

308 2348 419 2381 fendit
455 2352 623 2387 Camarum
660 2351 748 2392 quod
774 2353 880 2382 solum
912 2356 1009 2391 typo-

308 2400 476 2431 thetarum
504 2401 584 2431 vitio
614 2402 645 2431 in
663 2402 726 2432 Ed.
755 2402 868 2432 Elzev.
899 2401 1009 2440 inrep-

310 2450 366 2482 sit.
390 2451 511 2481 Statim
529 2452 537 2467 ‘
555 2462 573 2481 a
589 2451 772 2482 C‹›manis.’
796 2461 826 2482 c.
843 2454 896 2482 60.
922 2453 929 2466 ²
947 2451 1010 2480 Ve-

309 2501 361 2533 nit
384 2501 531 2533 Comama
546 2502 565 2539 ς’
592 2503 647 2532 ubi
662 2501 737 2532 vide
755 2502 936 2533 Ciaccon.:
962 2501 1010 2531 uti

311 2556 346 2583 et
369 2561 398 2582 c.
413 2555 465 2583 66.
488 2554 497 2568 ⁴
517 2552 618 2582 Venit
636 2551 810 2583 Comana!

355 2609 470 2632 xxxv.
494 2606 512 2632 5
539 2603 594 2632 Cn.
619 2601 792 2642 Domitius]
816 2601 1009 2632 Dclcndum

311 2661 437 2684 censeo
446 2661 642 2693 praenomen
655 2663 731 2684 cum
744 2652 836 2683 Leid.
853 2662 903 2692 pr.
924 2652 1008 2682 Nam

310 2702 345 2733 in
367 2703 464 2734 Leid.
487 2712 557 2734 sec.
572 2708 627 2733 est
645 2703 683 2733 C.
700 2703 733 2733 in
755 2703 852 2733 Voss.
869 2706 904 2733 et
921 2701 1010 2733 Edd.

310 2752 449 2784 vascos.
486 2752 619 2794 Gryph.
653 2753 817 2794 Stephan.
847 2752 889 2783 P.
920 2752 1012 2783 Dom.

759 186 900 217 NOTAE
934 185 1197 217 VARIORUM
1232 186 1283 216 ΙΝ

1049 281 1148 314 Quod
1167 281 1287 311 mirum
1303 289 1378 311 cum
1396 290 1425 310 c.
1440 289 1541 320 prave.
1566 279 1625 311 Cn.
1642 279 1750 313 audit.

1051 332 1170 362 Paullo
1197 337 1275 363 ante
1303 332 1345 362 ob
1372 331 1523 362 eamdem
1549 330 1751 362 varietatem

1049 388 1208 422 suspecta
1243 387 1295 412 est
1327 392 1391 412 vox
1428 390 1571 421 respousa
1603 380 1752 413 Grutero

1050 433 1209 472 mihique.
1257 432 1346 462 vide
1366 432 1474 462 varias
1492 431 1666 462 lectiones.

1096 485 1130 512 ll
1158 482 1374 522 Audaciusque
1401 482 1432 512 in
1456 482 1605 512 Armenia
1639 481 1751 512 substi-

1050 533 1155 574 tisset]
1191 534 1312 564 Sensus
1342 534 1505 573 pmtulat,
1534 538 1571 563 ut
1601 532 1752 572 legamus

1050 584 1197 614 audacius
1211 585 1244 614 in
1256 583 1405 614 Armenia
1425 584 1623 622 substitisset,
1638 584 1755 614 deleta

1052 636 1221 676 particula
1235 635 1427 675 copulante,
1444 635 1525 665 licet
1547 644 1621 665 eam
1638 644 1754 666 omnes

1053 685 1161 716 Codd.
1192 685 1373 716 exhibeant
1399 690 1525 724 praeter
1541 684 1638 715 editt.
1663 684 1754 715 Rob.

1052 735 1216 775 Stephani
1244 736 1285 767 Α.
1303 737 1349 766 D.
1369 737 1462 765 1544.
1488 733 1603 764 Dat-is.
1648 733 1756 765 Auda-

1052 786 1128 817 cius.
1175 787 1230 817 Ita
1258 786 1386 826 optime
1418 784 1568 816 restituit
1594 783 1755 815 Davisius

1054 846 1096 867 ex
1126 837 1284 867 Editioue
1303 836 1478 876 Stephani,
1507 844 1651 875 quacum
1676 843 1755 866 con-

1053 887 1158 917 sentit
1195 887 1262 918 Ms.
1299 886 1422 917 Vossii.
1470 885 1605 927 Reliqui
1641 893 1756 916 omnes

1055 936 1137 967 Mss.
1161 941 1196 967 et
1224 936 1316 967 Editi
1344 936 1598 975 corruptissime
1629 935 1758 966 habent

1053 986 1282 1026 audaciusque5
1318 986 1408 1027 quod
1441 986 1642 1016 sententiam
1673 984 1758 1017 adeo

1055 1037 1237 1077 perturbat
1262 1037 1411 1078 penitus,
1440 1040 1476 1067 ct
1503 1036 1603 1077 plane
1631 1035 1758 1067 nullam

1055 1086 1172 1124 efficit,
1200 1092 1238 1118 ut
1268 1087 1389 1118 mirum
1417 1087 1461 1117 sit
1486 1086 1597 1126 valde,
1629 1086 1757 1127 fugisse

1054 1137 1117 1168 hoc
1130 1147 1245 1167 omnes
1259 1137 1422 1168 editores.
1470 1136 1583 1168 Efficit
1595 1137 1681 1168 enim
1693 1137 1759 1168 ista

1055 1188 1241 1228 corruptio,
1257 1194 1294 1218 ut
1312 1197 1455 1228 sequens
1476 1197 1674 1227 persceoran?
1700 1197 1758 1219 coe·

1053 1238 1115 1278 pit,
1140 1238 1197 1278 qui
1216 1238 1420 1279 intelligitur
1443 1238 1616 1276 Domitius,
1630 1238 1759 1270 dictum

1055 1288 1213 1319 videatur
1229 1288 1271 1320 de
1301 1289 1471 1319 Pharnace.
1518 1289 1618 1321 Quod
1635 1294 1687 1320 est
1703 1289 1759 1320 ab·

1057 1338 1302 1369 surdissimum.
1348 1339 1436 1369 Nam
1454 1338 1516 1369 hoc
1534 1339 1581 1369 ait
1599 1338 1755 1370 Hirtius:

1059 1389 1149 1423 Quod
1178 1389 1354 1419 Pharnaces
1372 1389 1520 1420 audacius
1549 1389 1582 1420 in
1607 1389 1759 1420 Armenia

1055 1439 1255 1478 substitisset,
1293 1439 1370 1470 ideo
1405 1449 1600 1478 perseverare
1634 1439 1760 1479 coept's-se

1057 1490 1258 1527 Domitium,
1302 1493 1333 1520 ut
1371 1498 1403 1520 eo
1446 1499 1561 1529 quoque
1602 1490 1760 1522 decederet

1059 1542 1270 1581 Pharnaces,
1298 1546 1362 1573 ἃς.
1390 1542 1497 1572 Clark.
1543 1541 1640 1582 Ejeci
1658 1551 1761 1582 copu-

1056 1592 1121 1622 lam
1139 1602 1207 1631 (με,
1222 1601 1287 1622 non
1313 1601 1412 1622 seusu
1435 1591 1533 1622 modo
1550 1593 1760 1632 postulante,

1059 1642 1118 1672 sed
1157 1641 1422 1681 suffragantibus
1462 1651 1596 1683 qnoque
1633 1642 1756 1673 Petav.

1058 1692 1153 1723 Leid.
1172 1702 1222 1732 pr.
1238 1693 1364 1733 Scalig.
1382 1698 1418 1724 et
1435 1693 1548 1724 Palat.
1563 1699 1599 1724 ut
1613 1698 1649 1725 et
1671 1693 1760 1725 Edd.

1059 1743 1200 1772 Vascos.
1215 1742 1346 1783 Gryph.
1361 1747 1450 1782 post.
1468 1752 1507 1773 ac
1523 1742 1670 1774 Stradae.
1709 1743 1762 1774 Li-

1058 1792 1186 1823 brarius
1213 1802 1278 1823 uon
1310 1793 1505 1833 percepisse
1530 1793 1593 1823 loci
1625 1797 1760 1824 senten·

1058 1843 1152 1881 tiam,
1183 1848 1280 1883 patet
1298 1843 1385 1882 qnod
1409 1846 1441 1873 et
1458 1842 1653 1873 addiderint
1680 1849 1760 1874 ante

1054 1903 1190 1933 persev„-
1218 1894 1267 1923 uti
1283 1898 1335 1923 cst
1362 1893 1394 1923 in
1419 1893 1656 1932 Leidensibus,
1679 1893 1760 1924 Lov.

1058 1949 1093 1974 et
1108 1945 1183 1974 Pal.
1197 1943 1381 1984 Jungenda
1397 1944 1556 1975 Domitius
1568 1952 1762 1983 perseverare

1057 1995 1161 2034 coepit.

1105 2048 1147 2075 :20
1172 2045 1267 2083 anmz
1282 2045 1407 2075 itineris
1421 2045 1477 2075 has
1498 2052 1561 2074 esse
1588 2046 1688 2074 certas
1711 2053 1763 2083 op-

1056 2096 1280 2136 portunitates]
1324 2095 1507 2126 Commoda
1535 2102 1601 2124 non
1635 2093 1759 2132 dubia5

1060 2146 1148 2177 haud
1171 2147 1260 2177 enim
1286 2150 1349 2182 est.
1375 2156 1434 2176 cur
1455 2145 1677 2185 penultimam
1705 2154 1763 2175 vo-

1060 2206 1133 2227 cem
1165 2207 1240 2227 cum
1264 2197 1336 2229 Jos-.
1368 2197 1544 2237 Scaliger-o
1573 2195 1761 2227 deleamus.

1062 2248 1145 2278 Mss.
1160 2253 1273 2278 autem
1291 2247 1441 2278 nonnulli
1455 2257 1531 2278 cum
1546 2247 1647 2278 editt.
1662 2246 1761 2278 Rom.

1061 2298 1147 2328 Ven.
1177 2298 1335 2329 Beroald.
1363 2297 1502 2336 habent,
1528 2297 1614 2336 cnjus
1639 2296 1762 2328 itineris

1059 2348 1108 2378 hae
1145 2351 1233 2378 erant
1264 2351 1356 2378 certoe
1393 2347 1650 2387 opportunitates,
1685 2356 1762 2388 quae

1062 2398 1198 2438 quidem
1223 2398 1326 2429 lectio
1341 2398 1488 2437 vulgatae
1505 2399 1696 2438 Syntaxeos
1712 2406 1762 2427 ra-

1063 2448 1146 2478 tioni
1163 2448 1283 2478 melius
1300 2449 1482 2485 convenit3
1507 2449 1601 2486 licet,
1627 2453 1764 2478 servata

1061 2510 1111 2539 ea,
1125 2510 1199 2540 quae
1222 2504 1470 2540 repraesentant
1487 2499 1585 2530 editt.
1611 2507 1764 2540 nuperae,

1060 2551 1200 2582 verbum
1231 2550 1366 2591 aliquod
1393 2549 1534 2581 noscendi
1560 2550 1612 2581 vel
1642 2549 1762 2581 similis

1061 2600 1270 2640 significatus
1288 2600 1396 2640 possit
1409 2600 1628 2641 subintelligi.
1673 2598 1762 2630 Vide

1063 2652 1117 2682 Fr.
1147 2651 1274 2682 Sanctii
1293 2651 1440 2681 Miner-v.
1464 2659 1513 2682 ιν.
1536 2654 1567 2682 5.
1591 2659 1667 2681 cum
1683 2648 1762 2682 Jac.

1062 2701 1234 2732 Perizonii
1258 2701 1511 2732 additamentis.
1557 2700 1669 2732 Deoia.
1707 2699 1764 2731 In·

1061 2751 1228 2784 finitivum
1257 2752 1384 2794 primus
1405 2752 1558 2794 Scaliger
1579 2760 1622 2782 ex
1648 2749 1763 2783 Ursini
