1850 3109
417 214 522 244 cAr.
553 203 625 243 72.
659 211 755 242 [ΑΒ.
788 211 850 241 DE
884 211 1041 241 nanno
1073 212 1236 242 Arme.

106 309 191 339 enim
208 317 240 348 p.
258 310 332 339 225.
357 305 411 338 ed.
436 305 541 337 Lond.
569 305 615 336 sic
631 304 799 346 loquitur:

106 358 191 389 Huic
215 358 300 398 parti
320 357 486 387 remedium
500 355 684 386 adhibuerat
706 356 805 386 addu-

101 408 194 439 cendo
208 407 381 447 elephantes
401 407 432 437 in
448 409 562 443 castra,
586 410 616 437 et
639 406 754 446 aliquos
769 407 801 436 in

103 457 235 488 Italiam
259 457 421 495 mittendo,
446 457 496 495 tsc.
530 457 642 487 Daris.
702 457 801 488 Adde

103 508 292 539 Cellarium.
339 508 377 538 In
397 509 523 538 Italiam
545 508 647 539 etiam
675 508 802 538 habent

101 557 165 587 mei
183 567 314 587 omnes:
340 556 417 587 dein
445 567 518 597 quos
541 561 569 588 et
591 558 677 588 miles
702 560 801 587 nosset

100 607 221 638 l’etav.
251 608 356 638 Dorv.
383 612 418 639 et
452 607 537 639 Edd.
577 608 675 638 Rom.
708 607 800 638 Med.

100 656 183 687 Ven.
229 657 269 687 In
287 657 382 689 Leid.
405 668 472 690 sec.
490 668 564 698 quos
585 661 614 689 et
636 668 676 688 m.
702 667 802 688 nosce-

98 710 166 738 ret:
202 713 238 738 at
264 708 363 740 Leid.
392 719 442 749 pr.
469 710 547 749 quod
571 712 601 739 et
623 719 663 738 m.
689 711 798 738 nosset.

100 757 327 789 crediderunt
351 759 439 790 forte
471 759 597 789 librarii
628 761 730 789 noster
757 758 799 788 ab

102 807 216 838 Hirtio
231 818 297 840 non
314 809 464 849 potuisse
481 809 560 847 diei,
583 809 661 850 quia
677 809 704 839 is
720 808 799 839 hnic

99 857 188 889 bello
203 868 269 889 non
286 858 406 890 adfuit.
451 860 518 890 Sed
544 863 649 890 noster
674 858 799 899 signifi-

98 912 153 938 cat
168 908 298 939 militem
315 910 499 947 Romanum,
516 909 712 949 oppositum
731 909 800 940 Nu-

100 958 203 996 midis,
228 963 265 990 nt
281 960 402 999 saepins
419 969 522 999 supra
538 965 573 990 et
590 960 702 999 paullo
719 963 798 990 ante

98 1008 268 1039 arereitum
295 1012 442 1040 nostrum.
495 1009 607 1040 Aliter
631 1009 798 1049 conjicere

98 1066 214 1097 posses
251 1062 442 1097 cognosceret
476 1059 671 1099 inrepsisse.
730 1059 797 1091 Sed

99 1115 164 1136 non
182 1111 275 1147 puto.

142 1159 180 1187 13
205 1157 320 1197 Adigi]
343 1157 397 1188 Sic
414 1157 499 1187 Mss.
515 1156 601 1194 Reg.
621 1156 748 1187 Eliens.
763 1162 798 1188 et

98 1204 222 1237 Vossii.
266 1207 390 1247 angg.
417 1207 522 1244 adjici.
559 1207 666 1238 Clark.
713 1208 798 1238 Con-

98 1261 227 1288 stanter
244 1257 326 1288 Mss.
342 1258 407 1288 mei
430 1262 466 1288 et
482 1257 568 1288 Edd.
589 1267 704 1288 omnes
720 1262 798 1289 ante

97 1307 307 1347 Scaligernm
333 1307 431 1346 adigi.
478 1307 577 1340 Quod
594 1308 718 1338 mutari
734 1317 799 1338 non

97 1356 226 1388 debuit.
272 1357 416 1388 Consule
439 1362 538 1387 notas
570 1357 611 1387 ad
640 1357 681 1387 Β.
707 1357 799 1388 Gall.

99 1408 216 1437 1v.23.
243 1406 373 1437 ‘telum
399 1406 499 1447 adjici
525 1406 664 1447 posset,’
689 1411 724 1438 et
740 1406 799 1438 ali-

97 1455 143 1487 bi.

140 1509 179 1538 1⁷
206 1508 432 1540 Consuetudirae
445 1513 607 1550 captarum
624 1520 683 1541 non
702 1511 799 1549 refor-

94 1558 264 1599 midarent]
274 1559 424 1600 Reponit
434 1560 512 1591 Pet.
522 1561 720 1592 Cincconius
730 1572 800 1593 con-

95 1608 256 1639 suetudine
271 1618 387 1647 earum,
400 1611 455 1641 vel
471 1612 688 1642 consuetudine
701 1615 799 1652 captae

96 1667 203 1688 earum
232 1668 292 1690 non
314 1659 577 1698 reformidarent5
600 1666 636 1692 et
669 1672 748 1693 sane
779 1672 799 1694 a

97 1707 280 1746 posteriori
291 1709 484 1749 conjectura
495 1719 561 1740 non
571 1709 798 1751 abhorrerem,

98 1756 162 1787 nisi
179 1758 245 1788 Ms.
258 1758 399 1789 Norvic.
414 1759 596 1790 lectionem
608 1761 798 1800 exhiberet,

98 1815 173 1846 quae
191 1808 371 1839 sententiae
393 1808 436 1839 ad
453 1810 610 1840 amissum
627 1811 797 1851 quadrat;

96 1856 130 1886 in
146 1856 204 1887 illo
218 1857 307 1888 enim
324 1862 376 1889 est
391 1860 607 1890 consuetudine
620 1865 724 1900 capta
740 1871 798 1892 non

95 1905 345 1947 reformidarent,
382 1918 422 1940 ac
453 1909 501 1940 ita
528 1910 796 1943 rescribendum.

98 1956 212 1988 Davi-3.
258 1958 366 1998 Capta.
413 1959 468 1990 Ita
494 1960 621 2000 optime
650 1961 800 1992 restitnit

97 2006 268 2046 Davisius,
291 2018 333 2038 ex
359 2009 423 2040 Ms.
447 2009 586 2041 Eliensi.
632 2010 701 2040 Alii
726 2020 800 2051 per-

98 2064 227 2095 peram,
237 2058 457 2089 consuetudine
471 2062 658 2098 captarum.
698 2059 799 2090 Unde

97 2104 310 2146 Ciacconius,
335 2116 376 2137 ex
394 2108 593 2148 conjectura
608 2110 800 2141 consuetudi-

97 2163 134 2184 ne
157 2158 247 2194 capta
273 2166 388 2188 earum.
433 2158 498 2188 Sed
524 2163 668 2198 praestat
695 2160 798 2191 lectio

96 2204 252 2235 Eliensis.
287 2206 393 2236 Clark.
441 2209 543 2247 Capta
567 2209 700 2240 videtur
728 2210 800 2250 qui·

97 2254 174 2286 dem
191 2264 270 2286 vera
286 2265 360 2287 esse
378 2256 491 2288 lectio.
536 2258 668 2289 Dubito
687 2263 799 2290 tamen

97 2314 138 2336 an
154 2314 222 2336 non
237 2305 330 2336 aliud
348 2306 429 2347 quid
446 2307 566 2345 lateat,
585 2317 660 2338 nam
678 2309 798 2340 Petav-

93 2354 196 2386 habet
209 2358 344 2395 captum,
358 2360 393 2387 et
408 2356 504 2387 Leid.
519 2367 569 2398 pr.
584 2357 799 2396 reforrtzidare.

97 2404 323 2435 Consuetudine
352 2405 556 2446 simpliciter
586 2413 702 2447 posset
731 2409 800 2440 dici

95 2464 158 2494 pro
181 2464 239 2495 per
252 2457 511 2496 consuetudinem,
537 2467 553 2488 e
574 2460 799 2490 consuetudine.

95 2505 184 2537 Vide
211 2516 292 2538 vni.
321 2511 373 2538 17.
400 2509 408 2524 ‘
427 2510 503 2542 Qua
531 2511 799 2542 consuetudine!

99 2554 272 2591 Ciaecouii
287 2557 488 2597 conjectura
512 2569 617 2590 earum
634 2569 700 2591 non
716 2561 800 2592 mul-

99 2610 169 2635 tum
186 2605 319 2638 recedit
333 2616 354 2637 a
368 2612 504 2647 captum.
540 2610 718 2642 Praeterea
729 2621 800 2651 cap-

98 2659 132 2685 ta
147 2655 175 2686 si
191 2666 298 2688 sumas
312 2658 344 2688 in
360 2658 521 2698 ablativo,
536 2661 650 2692 durius
665 2662 800 2693 videtur

101 2704 229 2736 dictum
251 2716 357 2746 capere
381 2710 646 2741 consuetudinem:
667 2720 732 2742 nec
750 2715 800 2742 ta-

99 2765 177 2787 men
199 2756 269 2797 capi
289 2759 516 2800 consuetudine,
542 2764 580 2792 ut
603 2760 693 2801 apud
717 2761 800 2792 Sue-

1443 202 1555 245 1629

855 308 924 335 ton.
941 304 1025 336 Caes.
1039 314 1068 335 c.
1083 307 1135 336 23.
1152 304 1206 335 hic
1224 303 1357 335 videtur
1371 306 1479 337 locum
1496 308 1553 338 lia-

854 355 934 387 bere
952 365 1060 396 posse.

898 406 1017 441 Quibus
1029 416 1069 436 ex
1082 405 1170 436 rebus
1184 405 1316 444 largiter
1332 408 1398 435 erat
1414 415 1554 436 consecu-

853 455 917 495 tus]
936 456 1066 486 Prinias
1083 461 1151 486 tres
1168 456 1305 486 voculas
1319 460 1439 486 contra
1452 455 1552 487 fidem

855 506 1018 537 Codicum
1036 505 1197 537 delendas
1215 505 1345 537 censuit
1362 506 1435 538 Jos.
1452 506 1556 537 Scali-

855 565 924 595 ger,
942 565 1007 596 qua
1027 555 1265 586 emendatione
1285 561 1434 596 recepta,
1457 556 1557 586 aliter

853 605 1094 645 distinguenda
1111 611 1163 637 est
1181 606 1301 645 oratio,
1325 615 1423 646 qnam
1447 606 1478 636 in
1495 616 1556 636 sua

853 656 1003 688 editione
1033 656 1117 687 fecit
1145 657 1197 687 vir
1235 657 1408 688 maximus.
1474 657 1554 688 Pet.

853 706 1033 738 Ciacconio
1071 707 1200 747 placet,
1236 716 1312 746 quas
1345 717 1394 737 res
1423 708 1555 746 largiter

852 760 918 787 erat
948 760 1125 788 consecutus
1134 767 1145 793 ;
1180 756 1239 787 sed
1270 757 1342 787 haec
1373 757 1474 788 nimia
1504 762 1556 789 est

852 808 1006 840 mutatio.
1050 808 1150 847 Vide,
1177 817 1220 838 an
1245 807 1378 838 felicius
1403 809 1556 848 conjece-

852 857 912 888 rim
927 858 1038 898 quibus
1054 858 1127 889 haec
1147 858 1249 897 rebus,
1272 859 1324 897 Esc-
1351 867 1393 889 ne
1423 858 1557 890 scilicet

851 907 929 949 eqni
947 908 1054 939 virive
1083 908 1210 939 bestias
1235 908 1408 939 timerent.
1442 908 1556 939 Dacis.

852 958 1016 989 Cellarius
1034 958 1131 989 addit
1146 958 1257 999 quibus
1278 968 1318 989 ex
1338 958 1437 998 rebus,
1465 959 1556 999 quod

850 1013 1039 1048 optaverat,
1065 1009 1209 1048 largiter,
1234 1010 1286 1048 &a
1333 1009 1399 1040 Sed
1422 1009 1558 1040 omnino

850 1060 956 1100 proba
967 1066 1019 1092 est
1036 1066 1071 1092 et
1085 1061 1276 1101 elegantior
1290 1061 1427 1101 vulgata
1442 1061 1556 1093 lectio.

853 1111 962 1141 Clark.
1010 1111 1064 1141 Ex
1079 1110 1177 1142 abest
1191 1110 1288 1142 Leid.
1307 1121 1359 1151 pr.

892 1162 933 1189 20
960 1159 1034 1190 Pila
1055 1160 1237 1199 proepilata]
1265 1161 1364 1192 Joan.
1386 1161 1557 1193 Glandor·

850 1206 924 1246 pius
941 1207 1079 1248 aliique,
1095 1208 1376 1248 censueruntpila
1389 1210 1557 1248 proepilata

849 1256 904 1287 hic
927 1266 1000 1288 esse
1033 1257 1102 1288 tela
1127 1256 1247 1288 ferreis
1278 1257 1478 1298 cuspidibus
1508 1258 1557 1289 in-

849 1311 999 1346 structa;
1027 1306 1087 1338 sed
1108 1307 1199 1339 Just.
1216 1306 1344 1347 Lipsio.
1364 1307 1554 1339 adsentien-

851 1355 943 1396 dum,
970 1357 1027 1398 qui
1054 1357 1204 1388 Poliorc.
1246 1357 1306 1389 lib.
1336 1367 1386 1388 lv.
1416 1357 1498 1389 dial.
1525 1360 1557 1390 4.

851 1407 984 1437 notavit
994 1407 1062 1447 pita
1080 1409 1247 1448 proepilata
1270 1408 1341 1439 sine
1364 1407 1455 1439 ferro
1471 1418 1558 1449 esse,

850 1465 912 1487 nec
941 1456 1031 1488 aliud
1059 1467 1158 1498 quam
1187 1457 1264 1498 pilae
1292 1458 1410 1497 instar,
1438 1458 1557 1491 obtuso

849 1506 1016 1545 acumine,
1038 1506 1197 1538 rotunda.
1242 1508 1359 1547 Certe,
1377 1507 1466 1548 quod
1489 1517 1556 1539 non

849 1555 1045 1587 observavit
1059 1556 1109 1587 vir
1132 1556 1359 1596 doctissimus,
1371 1557 1559 1598 elephanti,

851 1614 928 1636 cum
955 1605 1191 1646 vulnerantur,
1229 1616 1295 1637 non
1314 1607 1375 1638 ¹ita
1403 1607 1495 1638 lenes
1519 1616 1556 1638 se

850 1659 1013 1696 praestare
1023 1660 1102 1687 sunt
1114 1656 1219 1695 soliti,
1227 1661 1266 1688 nt
1276 1666 1390 1687 eorum
1399 1657 1558 1697 patientia

850 1715 940 1746 equos
956 1706 989 1736 in
1004 1706 1251 1737 consuetudinem
1266 1707 1440 1737 adduceret.
1468 1707 1557 1738 vide

851 1756 986 1787 Florum
997 1765 1022 1788 1.
1035 1759 1086 1787 18.
1102 1758 1152 1788 12.
1164 1760 1201 1787 et
1212 1756 1352 1797 hujusce
1366 1756 1443 1788 libri
1457 1766 1487 1788 c.
1502 1759 1558 1790 84.

850 1806 961 1839 Dacis.

892 1860 931 1888 21
965 1858 1004 1888 In
1020 1859 1267 1890 consuetudinem
1289 1869 1379 1899 equos
1401 1859 1558 1900 patientia

850 1908 1018 1939 bestiarum
1030 1909 1220 1948 adduxerat]
1244 1909 1352 1939 Editt.
1361 1909 1459 1940 Rom.
1470 1910 1557 1940 Ven-

849 1958 1009 1990 Beroald.
1039 1958 1118 2000 (nec
1138 1968 1204 1989 nou
1226 1959 1322 1990 Leid.
1354 1969 1421 1991 sec.
1447 1961 1556 1991 Dorv-

849 2008 938 2039 Edd.
956 2008 1097 2039 Mediol.
1109 2009 1249 2040 Vaseos.
1266 2010 1384 2050 Steph.
1398 2009 1557 2051 aliaeque)

849 2058 1012 2089 exhibent
1021 2059 1055 2089 in
1065 2059 1314 2090 consuetudinem
1325 2060 1558 2100 equosipsarum

850 2108 1019 2140 bestiarum
1054 2110 1261 2148 adduxerant,
1291 2120 1391 2151 qnam
1420 2111 1557 2152 quidem

848 2159 1032 2190 lectionem
1061 2169 1080 2190 a
1098 2158 1234 2190 Criticis
1253 2160 1401 2200 vulgatae
1423 2170 1557 2191 sensum

848 2217 914 2238 non
944 2209 1158 2248 capientibus
1184 2208 1372 2249 profectam
1395 2210 1556 2241 arbitror.

850 2257 928 2288 Pet.
953 2258 1158 2288 ciacconius
1183 2258 1318 2297 reponit
1343 2258 1558 2290 consuetudine

850 2316 937 2346 equos
950 2307 1102 2346 patientia
1123 2307 1291 2337 bestiarum
1313 2309 1487 2339 adduxerat
1502 2309 1558 2340 vel

850 2365 939 2396 equas
968 2357 1182 2387 consuetudine
1220 2356 1251 2386 in
1276 2357 1475 2397 patientiam,
1502 2359 1558 2397 &a

850 2407 940 2440 Just.
958 2404 1093 2447 Li‘psius
1116 2407 1192 2438 Pol.
1209 2407 1230 2438 1.
1247 2417 1294 2438 lv.
1312 2408 1392 2438 dial.
1415 2412 1448 2440 4.
1471 2409 1558 2450 legit

847 2458 883 2489 in
897 2458 1146 2488 consuetudinem
1166 2468 1256 2498 equos
1266 2459 1430 2498 patientia?
1445 2458 1556 2490 bestia·

848 2519 918 2539 rum
946 2509 1153 2539 adduxerant.
1195 2508 1282 2539 Mihi
1313 2508 1449 2548 quidem
1475 2518 1556 2539 sana

849 2559 985 2590 videtur
1000 2559 1106 2590 lectio
1122 2564 1276 2599 recepta,
1293 2558 1473 2589 dummodo
1489 2568 1555 2589 vox

845 2609 1002 2649 patientia
1016 2609 1213 2640 nominandi
1230 2619 1310 2640 casu
1325 2609 1436 2649 posita
1457 2608 1557 2638 intel-

849 2659 987 2699 ligatur.
1033 2659 1148 2690 Dacis.
1195 2658 1365 2697 Intelligit
1396 2657 1554 2688 Davisius

849 2709 1009 2740 lenitatem
1049 2710 1242 2749 elephantum
1278 2712 1313 2738 et
1360 2707 1555 2745 tarditatem,

851 2769 925 2791 cum
943 2759 1015 2800 pila
1030 2758 1256 2800 praepilatain
1271 2767 1328 2789 eos
1343 2756 1554 2797 conjiceren-
