1850 3109
556 179 618 207 nn
653 178 768 207 νιτΑ
802 178 933 207 ‚sunu
969 178 1200 209 CAESARIS.
1487 171 1600 213 1793

149 277 324 315 Litavicti
355 276 403 313 de
423 288 575 312 suorum
598 275 705 314 caede
725 275 868 312 nuntiis
889 275 1042 319 auditis,
1075 276 1111 312 in
1145 275 1312 315 furorem
1341 278 1433 314 versi
1453 292 1596 324 omnes,

147 341 239 378 nihil
257 339 420 389 amplius
441 344 701 388 expectantes,
734 339 863 388 nilque
891 339 993 375 aliud
1029 338 1278 388 requirentes,
1311 353 1359 377 an
1393 341 1484 378 salsa
1517 356 1597 380 csse

146 409 303 455 possent
335 415 421 452 quae
456 403 530 438 veri
566 402 696 450 utiquc
731 402 866 439 faciem
902 416 974 440 non
1006 403 1206 449 haberent,
1243 404 1306 441 sed
1342 417 1448 442 more
1475 407 1597 454 gentis

145 467 275 506 audita
296 466 479 515 quaelibet
502 479 568 514 pro
590 467 797 516 compertis
826 467 999 516 accipere
1020 468 1159 505 solitae:
1192 468 1386 505 Romanos
1413 469 1513 506 cives
1534 470 1598 519 qui

143 531 247 581 apud
269 544 335 568 eos
369 543 438 567 ceu
469 529 675 567 fidissimos
697 531 839 568 amicos
861 531 985 567 securi
1005 532 1182 580 agebant,
1206 539 1273 569 aut
1292 540 1415 570 morte
1433 539 1499 570 aut
1522 546 1597 570 ser-

144 595 266 632 vitute
286 595 604 644 depravaverant,
637 594 736 630 bona
772 594 1022 643 diripuerant,
1056 594 1106 630 nil
1140 595 1344 644 impietatis
1374 596 1596 634 omiserant:

144 659 341 710 agitabant
379 659 522 694 animos
559 657 689 694 latenti
728 657 820 694 odio
857 670 1045 695 accensos
1083 658 1253 703 araritia,
1292 659 1358 703 ira,
1391 660 1597 705 temeritas,

142 721 347 759 familiares
368 726 494 770 pestes
515 720 683 769 gentium
706 720 866 765 illarum,
887 727 923 757 et
957 720 1125 758 addebat
1158 722 1330 759 stimulos
1362 723 1478 759 furori
1500 724 1601 760 Con-

142 785 386 830 victolitanis‚
409 784 569 821 Caesaris
603 797 754 821 munere
789 798 958 822 summus
985 785 1195 822 AEduorum
1218 785 1473 835 magistratus,
1496 799 1600 823 surn-

143 862 227 887 mus
250 851 508 887 Romanorum
533 848 652 885 bostis
683 861 727 884 ac
762 849 940 893 ³³Caesar,
975 848 1110 885 horum
1137 848 1382 885 consiliorum
1404 856 1541 885 auctor
1560 855 1600 886 et

144 914 338 963 princeps,
396 913 432 948 Is
455 924 522 948 sua
555 917 692 960 sponte
726 911 963 948 concitatum
992 912 1179 960 populum
1209 911 1336 949 verbis
1367 912 1536 961 urgebat,
1557 918 1600 950 ut

143 991 189 1016 eo
209 977 294 1015 illos
315 976 539 1019 adduceret,
563 974 664 1012 unde
695 974 842 1011 reditus
882 975 1006 1012 nullus
1041 982 1143 1013 esset
1174 975 1223 1013 ad
1255 976 1407 1014 saniora
1427 976 1598 1014 consilia.

144 1043 281 1090 Itaque
314 1047 353 1077 et
385 1039 581 1076 tribunum
615 1037 776 1075 militum
818 1039 996 1075 Marcum
1034 1038 1229 1076 Ariscium
1267 1046 1304 1076 et
1342 1040 1598 1089 negotiatores

143 1106 336 1143 Romanos
356 1102 434 1139 fide
453 1101 543 1138 data
564 1101 762 1138 Cabillone
782 1100 901 1150 opido
920 1101 1082 1139 eductos
1104 1103 1139 1139 in
1174 1103 1283 1152 [140]
1311 1103 1441 1140 itinere
1462 1110 1598 1141 contra

142 1167 259 1205 fidem
292 1164 459 1215 aggressi
495 1163 677 1214 spoliant,
715 1175 830 1212 seque
864 1163 903 1199 in
935 1164 1063 1201 locum
1098 1166 1325 1203 eminentem
1364 1166 1596 1205 defensionis

143 1230 262 1282 gratia
297 1234 552 1278 receptantes,
587 1227 649 1264 die
687 1233 881 1277 noctuque
919 1227 1220 1267 circumsistunt:
1251 1243 1296 1267 ac
1332 1230 1462 1267 multis
1497 1231 1598 1268 ultro

142 1295 319 1344 citroque
339 1292 490 1336 occisis,
512 1292 549 1328 in
569 1291 673 1328 diem
693 1297 889 1341 posterum
912 1291 987 1329 vim
1007 1293 1192 1341 majorem
1214 1300 1365 1343 parant.
1412 1293 1487 1330 Sed
1511 1293 1596 1331 haec

142 1358 343 1409 agentibus
377 1362 495 1405 atque
529 1355 756 1405 parentibus
788 1355 942 1392 nuntius
975 1358 1209 1406 supervenit,
1230 1357 1364 1395 decem
1398 1357 1502 1394 milia
1530 1357 1596 1394 illa

144 1434 298 1461 suorum
329 1421 365 1457 in
398 1426 588 1470 potestate
619 1418 781 1456 Caesaris
815 1431 909 1463 esse,
944 1419 1009 1456 vix
1042 1419 1274 1457 Litavictum
1305 1419 1393 1469 suga
1422 1426 1595 1470 ereptum

142 1485 319 1525 evasisse.
375 1484 475 1522 Tum
498 1483 627 1521 subito
662 1483 855 1537 39dejecto
885 1489 990 1520 metu
1011 1483 1058 1521 ad
1083 1484 1280 1522 tribunum
1301 1497 1414 1534 quem
1444 1483 1599 1522 obside-

141 1551 235 1588 bant
257 1549 424 1586 vultibus
447 1547 602 1585 mutatis
622 1547 689 1584 sed
707 1560 782 1584 non
802 1547 936 1584 animis
957 1547 1156 1585 festinant:
1187 1548 1334 1586 facturn
1355 1554 1496 1585 temere
1517 1547 1598 1585 sine

141 1626 333 1652 consensu
355 1612 488 1661 populi
507 1617 714 1649 excusant:
744 1611 793 1649 de
827 1611 1017 1650 bonorum
1049 1611 1258 1662 direptione
1275 1611 1465 1660 judicium
1493 1611 1599 1648 insti-

141 1683 268 1715 tuunt:
302 1676 533 1713 Litavictum
567 1674 782 1723 fratresque
809 1674 892 1723 ejus
913 1674 1026 1712 exilio
1048 1674 1318 1719 condemnant,
1342 1675 1443 1712 bona
1471 1674 1597 1723 publi·

141 1746 246 1779 cant.
304 1741 430 1789 Super
451 1739 508 1776 his
528 1739 576 1776 ad
598 1740 787 1776 Caesarem
810 1739 955 1788 legatos
977 1738 1145 1784 mittunt,
1168 1738 1232 1787 qui
1253 1737 1397 1775 factum
1418 1743 1597 1787 purgent,

141 1804 290 1843 veniam
310 1809 464 1854 petant:
497 1809 536 1840 et
568 1802 651 1840 haec
672 1803 799 1839 onmia
820 1816 896 1839 non
928 1802 1006 1840 fide
1040 1802 1105 1839 sed
1138 1808 1240 1839 metu
1273 1808 1453 1851 agentes:
1485 1800 1598 1838 solita

140 1868 293 1906 interim
315 1867 352 1904 in
382 1872 528 1903 secreto
563 1866 655 1902 belli
689 1866 846 1903 consilia
880 1866 1089 1915 agitabant,
1124 1866 1315 1915 urbesque
1348 1864 1526 1901 finitimas
1546 1863 1595 1900 ad

139 1944 244 1970 arma
264 1944 334 1981 per
352 1931 505 1968 nuutios
537 1930 807 1967 hortabantur:
838 1929 940 1966 mille
962 1928 1240 1966 beneficiorum
1268 1934 1386 1977 atque
1407 1927 1596 1965 honorum

141 1995 322 2033 memoria
351 1993 565 2031 exciderat:
597 1992 713 2029 solius
745 1993 932 2030 Caesareae
966 1992 1217 2029 meminerant
1248 1991 1477 2028 clementiae:
1509 2003 1597 2040 quae

141 2072 229 2096 cum
259 2070 390 2094 omnes
424 2056 471 2093 ad
503 2068 670 2093 amorem
692 2061 810 2104 atque
829 2055 1059 2105 obsequium
1079 2056 1268 2092 excitasse
1289 2054 1481 2100 debuerit,
1502 2053 1598 2091 mul-

141 2129 201 2160 tos
221 2121 435 2169 (indignum
457 2119 630 2169 quidem)
649 2119 697 2156 ad
718 2119 875 2168 iujurias
897 2120 1097 2157 excitavit:
1127 2126 1322 2168 postremo
1343 2120 1417 2156 hoc
1437 2131 1524 2155 eum
1545 2116 1595 2155 ad

139 2191 301 2223 mortem
324 2196 444 2233 usque
465 2182 657 2232 perduxit,
691 2183 738 2219 de
771 2196 849 2232 quo
882 2196 951 2219 sno
975 2182 1125 2220 dicetur
1157 2183 1258 2220 loco.
1316 2183 1433 2220 Nunc
1464 2187 1596 2230 coepta

141 2247 425 2299 prosequimur.
472 2247 609 2294 ltaque
631 2245 759 2282 Caesar
779 2245 848 2282 etsi
869 2245 1013 2282 animos
1030 2246 1242 2282 AEduorum
1263 2252 1438 2290 noverat;
1459 2244 1595 2294 legatis

139 2319 266 2350 tamen
288 2323 420 2348 eorum
441 2309 489 2346 ad
522 2323 562 2346 se
582 2309 824 2346 venientibus
859 2309 1172 2358 benignissimum
1207 2322 1435 2359 responsum
1465 2309 1595 2346 dedit:

138 2381 299 2426 propter
328 2374 476 2424 aliquot
506 2373 741 2410 dementium
772 2373 992 2418 vanitatem,
1024 2386 1100 2410 non
1134 2387 1175 2411 se
1206 2373 1331 2410 minus
1362 2373 1491 2410 urbem
1523 2371 1595 2408 sibi

141 2439 401 2478 charissimam
422 2452 569 2475 amare:
601 2451 673 2475 nec
695 2437 766 2474 sibi
787 2450 901 2487 posse
919 2437 958 2474 in
979 2439 1146 2474 animum
1168 2438 1309 2481 venire,
1333 2444 1374 2473 ut
1395 2449 1493 2486 quos
1514 2436 1595 2484 ipse

143 2510 347 2553 tantopere
382 2502 527 2552 diligat,
564 2514 791 2551 semperque
825 2501 1021 2546 dilexerat,
1055 2502 1104 2539 ab
1139 2500 1183 2537 iis
1216 2499 1369 2549 parcius
1401 2499 1594 2548 diligatur.

141 2566 240 2606 Haec
261 2565 408 2616 legatis.
1038 2605 1040 2607 ,

192 2630 255 2668 Ad
285 2643 324 2668 se
351 2636 475 2667 autem
506 2628 607 2666 curis
629 2641 697 2666 cor
717 2629 914 2667 urentibus
945 2641 1091 2674 versus,
1118 2627 1238 2665 multa
1268 2623 1591 2673 circumspiciens,

494 2727 535 2754 38
559 2725 663 2766 Lege,
682 2725 914 2756 (·aes‹1ris.-39
937 2725 1053 2763 Forte,
1067 2727 1096 2754 ct
1112 2722 1232 2762 dtjecti.

226 2777 339 2817 Delph.
354 2780 383 2808 et
405 2777 478 2808 l'ar.
496 2778 579 2809 Clas.
856 2789 867 2799 κ
881 2778 961 2809 Coes,
1432 2775 1450 2802 5
1474 2772 1507 2803 X
