1850 3109
393 181 486 210 mn.
518 179 568 208 11.
600 177 707 208 GAP.
737 166 807 208 20.
840 177 904 207 DE
938 177 1092 207 nunno
1125 178 1296 209 civim.

116 285 168 317 pr.
204 275 331 307 Lovan.
365 278 402 306 et
430 273 516 312 aliis,
549 275 584 303 et
612 270 814 311 simpliciter

117 326 264 359 retinere
289 326 329 356 aa
356 324 446 355 diem.
491 322 568 353 Pari
597 321 686 353 enim
713 320 813 351 modo

115 377 158 408 Β,
175 376 219 408 G.
246 384 280 407 v.
296 377 348 406 20.
373 371 542 405 ‘Obsides
568 370 610 402 ad
637 379 813 401 numerum

114 425 307 458 miserunt:’
330 424 386 455 ubi
403 423 572 464 potuisset
594 421 721 453 addere
750 421 814 452 dic-

115 481 193 517 tum,
212 475 385 517 definitum,
400 474 453 505 vel
470 473 591 504 simile.
637 472 740 504 Notae
758 481 813 502 au-

116 531 183 558 tem
199 529 278 556 eunt
301 524 439 565 phrases
465 524 506 554 ad
530 523 611 555 diem
632 524 749 563 adesse,
773 523 813 553 ud

112 577 192 608 diem
205 576 330 615 solvere,
352 576 392 606 ad
406 574 490 606 diem
505 575 661 613 decedere,
675 575 726 613 {yc-

155 630 195 659 12
218 627 334 658 Iisdem
354 625 460 658 diebus
487 623 720 663 Carmonenses]
743 622 813 654 No·

112 677 216 710 tanda
231 676 464 708 constructio:
490 676 720 713 Carmonenses,
747 684 814 714 quae

111 731 158 760 est
175 727 362 769 firmissima
378 727 501 766 civitas,
521 729 629 766 portas
640 724 811 766 proeclusit.

111 776 175 809 Ait
193 777 341 816 Servius,
369 777 411 808 ad
438 777 514 807 ΔΙῙΞιι.
541 785 566 808 1.
581 779 634 806 21.
657 775 707 806 hic
729 775 815 806 illius

111 837 212 867 orma,
234 827 300 859 Hic
316 838 425 859 currus
443 827 531 866 fuit:
556 827 813 860 ‘Quotiescum-

112 888 179 920 que
211 879 346 910 nomina
381 878 560 919 singularis
598 883 633 909 et
676 876 814 918 pluralis

112 929 244 965 numeri
273 934 536 968 connectuntur,
572 928 725 960 viciniori
762 937 814 958 re-

112 979 338 1019 spondemus!
386 980 463 1010 Non
495 979 692 1010 absimiliter
725 978 814 1010 infra

113 1029 156 1060 de
173 1029 261 1061 bello
275 1030 372 1062 Civil.
384 1030 405 1060 l.
421 1039 475 1060 ιιι.
498 1031 507 1046 ‘
520 1029 623 1061 Nulla
633 1029 813 1060 Thessaliae

112 1077 177 1110 fuit
201 1079 335 1118 civitas,
374 1080 454 1120 quin
480 1079 606 1110 Caesari
639 1084 813 1119 parerent,

111 1132 214 1170 atque
235 1129 402 1169 imperata
429 1127 607 1159 facerent.’
654 1129 741 1159 Nam
767 1129 814 1159 ita

111 1180 147 1212 in
173 1190 204 1211 v.
223 1189 254 1211 c.
280 1183 397 1211 nostro
426 1179 568 1218 legitur:
596 1188 657 1220 pro
686 1189 750 1220 qno
779 1179 812 1211 in

114 1231 257 1272 vulgatis
272 1234 324 1262 est
338 1234 472 1271 pareret,
499 1235 533 1262 et
560 1231 712 1271 imperata
725 1230 814 1268 face-

113 1284 173 1312 ret.
199 1281 396 1312 Coun-arius
410 1280 570 1322 loquendi
586 1291 657 1312 mos
673 1286 727 1312 est
743 1281 764 1311 l.
780 1291 812 1312 v.

113 1330 156 1363 de
174 1330 263 1362 bello
281 1332 371 1364 Gall.
395 1342 424 1364 c.
452 1335 504 1363 20.
522 1342 598 1363 cmn
622 1331 670 1362 ait
686 1332 813 1371 Caesar,

113 1384 122 1400 ‘
139 1383 281 1414 Interim
306 1382 542 1422 Trinobantes,
570 1391 677 1422 prope
693 1381 813 1412 firmis-

113 1434 197 1465 sima
211 1443 325 1466 earum
343 1434 517 1474 regionum
534 1433 666 1472 civitas,
683 1433 813 1472 legatos

114 1485 156 1516 ad
175 1485 343 1517 Caesarem
360 1485 534 1516 mittuntz'
557 1484 712 1515 nimirum
736 1484 815 1526 quia

113 1535 234 1567 civitas
249 1540 303 1567 est
314 1536 541 1567 collectivum.
574 1536 706 1567 Vossius.

156 1590 196 1618 14
219 1587 371 1618 Deductis
394 1596 438 1618 111
462 1588 496 1618 in
523 1598 624 1618 arcem
639 1587 745 1629 oppidi
767 1597 815 1617 co-

113 1638 252 1669 hortibus
277 1649 295 1669 a
327 1639 460 1669 Varrone
473 1639 632 1679 praesz'aio,
649 1648 705 1678 per
724 1647 756 1669 sc
770 1648 817 1668 co-

112 1688 217 1720 hortes
231 1688 331 1729 ejecit]
363 1689 472 1720 Notat
497 1689 654 1721 Ciaccon.
677 1690 818 1720 deductis

113 1738 168 1769 hic
193 1738 281 1769 idcin
308 1739 434 1778 valere,
458 1739 548 1780 quod
574 1739 759 1770 introductis
781 1744 816 1769 et

114 1789 276 1830 inpositis;
313 1799 413 1830 quum
446 1790 527 1820 alias
560 1789 731 1830 significet
765 1790 817 1820 de-

114 1840 225 1871 tractis
244 1844 303 1871 aut
317 1840 444 1870 eductis.
492 1841 536 1870 Et
565 1850 644 1870 saue
672 1841 816 1880 plerum-

116 1899 181 1931 que
209 1889 329 1921 ultimo
360 1899 460 1921 sensu
489 1899 566 1921 cum
596 1891 670 1921 aliis
702 1890 816 1922 Caesar

113 1939 274 1971 adhibere
287 1940 384 1971 solet.
431 1940 531 1979 Vide,
556 1951 631 1981 quae
657 1946 814 1973 notamus

114 1990 156 2022 ad
179 1991 220 2022 B.
237 1990 326 2022 Gall.
344 1999 382 2020 11.
396 1992 449 2021 33.
473 1991 482 2007 ί
502 1991 670 2022 Praesidia
694 1991 817 2023 deduc-

114 2040 229 2081 turos,’
260 2045 296 2072 et
327 2041 418 2073 alibi.
479 2042 706 2073 Nihilominus
735 2053 817 2075 non-

113 2091 216 2123 nullis
242 2091 275 2122 in
300 2091 381 2122 locis
408 2093 558 2123 deducere
587 2103 650 2134 pro
672 2094 818 2134 simplici

114 2141 237 2180 ducere,
253 2142 279 2172 si
294 2142 396 2173 Mstis
423 2141 507 2174 fides
535 2148 587 2174 est
614 2144 818 2184 adhibenda,

115 2191 205 2232 apud
230 2195 381 2222 nostrum
409 2194 570 2225 occurrit.
615 2195 664 2226 Ut
689 2204 738 2225 iv.
762 2198 816 2226 22.

113 2241 338 2273 ‘Exercitum
366 2243 400 2273 in
429 2253 486 2274 eos
517 2254 622 2285 pagos
649 2245 818 2277 deducen-

115 2291 196 2327 dum
225 2291 342 2323 dedit)
375 2301 441 2324 vn.
468 2296 520 2325 68.
545 2295 553 2311 ‘
572 2295 818 2335 inpedimentis

116 2342 152 2374 in
166 2342 358 2383 proximum
368 2345 490 2375 collem
505 2344 660 2376 deductis
672 2346 692 2376 :'
707 2356 819 2387 quam-

114 2393 166 2425 vis
182 2398 218 2428 et
233 2394 266 2425 in
284 2394 350 2425 illis
361 2395 445 2426 locis
462 2395 529 2427 alia
550 2397 705 2437 quaedam
730 2398 818 2428 ratio

115 2443 218 2482 inest,
248 2449 285 2476 ut
307 2445 354 2475 ibi
374 2446 498 2477 notavi.
545 2447 706 2477 Proxime
722 2457 818 2486 acce-

117 2493 169 2526 dit
199 2495 240 2526 B.
270 2495 341 2526 Civ.
382 2505 436 2526 ιιι.
474 2499 526 2527 31.
565 2498 574 2514 ⁶
590 2497 745 2530 deductis
784 2498 818 2528 in

117 2543 400 2585 locupletissimas
417 2546 515 2577 urbes
532 2547 564 2577 in
581 2547 722 2578 hiberna
738 2548 818 2589 legi-

120 2585 262 2625 onibus!
306 2595 374 2626 Sed
391 2601 425 2627 ct
441 2597 499 2627 lil).
518 2597 588 2637 lmj.
604 2608 634 2629 c.
650 2602 699 2629 18.
716 2601 724 2615 ‘
736 2609 820 2639 ρι’-ιιι·

120 2641 269 2684 sidiaque
284 2653 324 2675 eo
341 2645 403 2686 (sc.
431 2646 465 2676 in
490 2646 607 2688 urbes)
630 2648 818 2680 deducebat!

119 2691 208 2723 Vide
223 2697 346 2735 tamen,
368 2705 446 2726 num
474 2702 510 2727 ct
537 2697 593 2728 liic
618 2698 714 2738 velit,
740 2699 820 2730 Car-

120 2750 296 2776 monenses
321 2745 463 2786 ejecisse
489 2748 646 2781 cohortes
666 2758 708 2780 ex
732 2749 819 2782 urbe

1454 172 1568 221 1423.

864 274 1027 311 praeter3
1049 281 1121 311 eas,
1150 281 1231 312 quas
1258 272 1291 303 in
1318 282 1442 313 arcem,
1471 279 1568 317 quasi

866 325 975 352 tutum
992 321 1025 351 in
1041 321 1152 351 locum
1177 322 1365 354 abduxerat
1382 323 1507 365 Varro,
1531 333 1570 358 nt

864 371 953 411 apud
984 370 1086 402 Auct.
1110 372 1151 401 B.
1183 372 1283 412 Hisp.
1313 383 1343 404 c.
1368 377 1417 406 18.
1440 375 1569 409 ‘noctu

865 432 907 452 ex
935 421 1206 453 adversariorum
1237 428 1426 463 conspectu
1451 436 1486 457 se
1510 426 1568 458 de*

865 471 1031 503 ducerent
1047 473 1088 503 ad
1107 483 1198 503 mare
1215 474 1354 505 versus!
1401 475 1503 507 Certe
1519 477 1570 508 ita

865 523 996 563 cepisse
1014 523 1172 554 Editores
1190 523 1317 564 primos
1334 529 1431 564 patet
1446 536 1487 556 ex
1504 527 1569 560 Ed.

865 573 962 604 Rom.
1003 572 1144 604 Mediol.
1184 578 1220 604 et
1256 574 1342 605 Ven.
1379 586 1452 616 quae
1485 576 1570 610 dant

864 624 1022 655 Deductis
1056 625 1158 655 tm'bus
1190 626 1374 665 cohortibus,
1402 628 1512 667 positis
1536 629 1570 660 in

864 685 933 706 arce
947 676 1084 717 oppidio
1106 676 1140 707 V.
1155 686 1247 716 proes.
1294 677 1342 708 Ut
1368 677 1506 708 deductis
1525 678 1571 709 sit

863 726 1026 764 detractis,
1050 727 1199 767 exceptis,
1232 727 1335 758 minus
1370 728 1472 758 tribus
1503 728 1570 759 coh.

866 785 948 817 quas
965 776 999 807 in
1016 785 1095 808 arce
1113 777 1273 817 praesidio
1299 783 1460 818 posuerat
1485 778 1568 809 Var-

865 837 914 859 ro.
972 828 1151 861 Quomodo
1187 829 1312 869 passim
1347 831 1495 861 deducere
1533 831 1570 862 de

864 888 982 909 summa
1003 882 1125 919 partem
1152 879 1186 910 in
1214 879 1402 911 rationibus
1433 880 1570 912 dicitur.

866 928 953 959 Vide
966 929 1041 960 Liv.
1059 939 1109 960 τι.
1139 933 1191 961 35.
1238 930 1334 961 Suet.
1353 931 1442 962 Caes.
1461 940 1492 962 c.
1515 934 1570 963 42.

865 983 917 1010 50.
933 980 941 996 ‘
957 980 1060 1011 tertia
1073 981 1223 1012 deducta
1240 980 1315 1020 est,’
1332 981 1446 1022 ibique
1459 986 1570 1013 notas.

865 1030 1014 1061 Diductis
1030 1031 1128 1062 estin
1146 1031 1242 1062 Leid.
1268 1041 1320 1071 pr.
1340 1031 1389 1062 At
1403 1042 1464 1071 pro
1480 1031 1570 1070 ejecit

865 1079 949 1110 (lant
962 1080 1078 1118 injecit.
1125 1081 1249 1113 Petav.
1265 1082 1390 1113 Lovan.
1408 1082 1504 1115 Leid.
1517 1092 1570 1123 pr.

863 1130 963 1161 Voss.
1008 1132 1134 1172 Scalig.
1173 1137 1211 1163 nt
1250 1138 1380 1173 pateat,
1418 1133 1571 1165 mendosi

866 1179 946 1220 quid
964 1180 1085 1211 latere.

909 1238 970 1261 xx.
996 1234 1014 1262 3
1043 1231 1142 1261 Tanta
1167 1241 1202 1262 ac
1217 1235 1281 1264 tam
1297 1233 1476 1263 secundain
1504 1233 1573 1264 Cae*

863 1290 963 1312 sarem
990 1282 1144 1312 voluntate
1162 1283 1338 1313 Provincia>
1348 1293 1512 1323 progresso
1527 1286 1571 1323 et,

863 1332 934 1372 [Sc]
958 1333 1116 1364 Restituo
1129 1344 1170 1365 ex
1182 1335 1248 1365 ΜΞ.
1263 1335 1404 1365 Norvic.
1421 1340 1456 1365 et
1470 1335 1571 1366 editt..

865 1382 963 1414 Rom.
989 1385 1073 1415 Ven.
1102 1384 1262 1415 Beroald.
1290 1385 1573 1422 Inter-cluderetur,-

864 1436 952 1464 tanta
966 1445 1001 1464 ac
1016 1437 1081 1465 tam
1095 1436 1227 1465 secunda
1249 1435 1281 1465 in
1299 1436 1451 1466 Coesarem
1468 1437 1571 1467 volun-

864 1487 914 1515 tas
941 1485 1109 1525 provinciae
1135 1486 1355 1526 rrpcriebutur.
1401 1487 1572 1525 Progressa

865 1536 907 1575 ei,
923 1536 974 1575 ὅγε.
1022 1535 1153 1566 Eodem
1171 1537 1271 1567 etiam
1295 1537 1395 1567 modo
1423 1537 1480 1567 alii
1502 1546 1571 1568 om-

866 1597 925 1618 nes
955 1588 1110 1629 Codices,
1134 1589 1197 1620 nisi
1214 1589 1303 1630 quod
1328 1589 1443 1620 Ursin.
1469 1591 1573 1619 rolan-

866 1641 931 1669 tute
946 1639 1113 1679 provincia?
1131 1640 1351 1680 reperiebatur,
1375 1640 1464 1670 unde
1493 1640 1572 1671 Pet.

867 1689 1077 1729 Ciaccouius,
1101 1690 1220 1721 ultima
1249 1700 1331 1721 voce
1361 1690 1474 1722 deleta
1504 1691 1572 1721 lec-

867 1739 993 1770 tionem
1032 1740 1177 1778 extudit,
1211 1750 1309 1781 qnam
1344 1740 1468 1779 recipit
1496 1740 1572 1772 J05.

866 1790 1028 1830 Scaliger,
1050 1790 1172 1821 merito
1199 1800 1271 1821 ean]
1298 1790 1339 1820 ob
1369 1799 1504 1820 causam
1523 1794 1572 1820 te-

867 1841 1034 1871 meritatis
1060 1840 1315 1871 insimulandus.
1341 1840 1452 1872 Daris.
1497 1840 1572 1871 Me·

867 1890 934 1921 rito
950 1895 1104 1921 veterem
1118 1891 1299 1921 lectionem
1310 1891 1382 1931 jam
1399 1891 1574 1922 revocavit

868 1941 901 1971 in
919 1945 1050 1971 textum
1080 1941 1249 1980 Clarkius,
1267 1951 1367 1982 quam
1384 1946 1573 1981 agnoscunt

867 1993 951 2023 Mss.
987 1993 1059 2034 ‘mei
1095 2002 1223 2024 omnes.
1266 1993 1330 2024 Ed.
1369 1993 1469 2024 Vasc.
1500 1993 1572 2024 Str.

867 2036 986 2082 Stephss
1014 2043 1147 2084 Grypli.
1175 2048 1264 2083 post.
1293 2044 1448 2074 voluntate
1460 2053 1509 2083 pr.
1527 2054 1575 2075 re-

864 2094 1077 2133 pariebantur.
1124 2094 1200 2126 Quo
1229 2092 1287 2124 fiat
1318 2093 1498 2133 ἐπιφώνημα
1519 2102 1574 2134 ge·

867 2144 1016 2175 neralius
1043 2144 1095 2174 vel
1119 2144 1161 2174 ad
1191 2144 1374 2185 Hispanias
1398 2148 1573 2186 utrasque,

867 2195 922 2225 vel
941 2194 984 2225 ad
1000 2194 1080 2225 alias
1099 2195 1213 2225 etiam.

910 2248 931 2275 6
956 2246 1035 2276 Cum
1053 2245 1198 2276 Tribunis
1219 2244 1404 2284 cohortium]
1429 2245 1574 2276 Constat

868 2296 1023 2337 duplices
1039 2296 1208 2327 Tribunos
1228 2295 1332 2327 fuisse
1349 2296 1520 2336 legionum
1537 2298 1574 2328 et

869 2346 1078 2384 coliortium3
1116 2347 1205 2377 unde
1236 2356 1328 2386 saepe
1356 2345 1507 2376 invenias
1537 2344 1573 2375 in

870 2395 1381 2438 lapidibusantiquisTmBUNUS
1391 2403 1574 2427 coHOR‘ris

870 2455 921 2477 iv.
939 2452 972 2477 et
1000 2447 1130 2480 similia.
1176 2448 1264 2478 Nam
1293 2457 1353 2478 sex
1383 2448 1412 2477 in
1437 2455 1573 2488 quaque

869 2498 1001 2539 legione
1018 2498 1170 2529 tribunos
1187 2497 1290 2528 fuisse
1312 2498 1382 2538 jam
1409 2506 1468 2527 suo
1490 2501 1574 2527 tem·

871 2557 954 2587 pore
982 2547 1149 2588 Polybius
1176 2548 1290 2578 docet.
1334 2548 1499 2578 Tribunos
1529 2545 1574 2575 le-

871 2599 1003 2638 gionum
1030 2599 1184 2640 majores,
1207 2600 1395 2630 cohortium
1428 2597 1573 2627 minores

870 2655 970 2680 vocat
989 2650 1154 2691 vegetius
1176 2659 1215 2680 11.
1234 2652 1265 2679 7.
1289 2648 1477 2678 ‘Tribunus
1504 2653 1574 2675 ma-

864 2699 922 2740 jor
939 2710 1000 2740 per
1013 2701 1192 2741 epistolam
1207 2708 1336 2729 sacram
1353 2693 1574 2736 Imperatoris

864 2749 997 2790 judicio
1026 2750 1232 2782 destinatur.
1277 2746 1391 2778 Minor
1418 2744 1572 2777 tribunus
