1850 3109
254 197 367 240 1872
683 208 718 238 J.
752 207 888 238 censi
927 208 1278 239 comissxTAnn

255 307 389 345 mortis
410 307 598 345 sententia
618 314 852 357 sequeretur,
873 313 908 345 ct
932 308 1000 357 ipsi
1023 314 1128 346 metu
1149 309 1284 346 viciuae
1307 308 1436 346 mortis
1457 308 1606 345 attoniti
1628 314 1712 358 post

257 377 315 408 tot
333 372 536 409 verborum
557 372 736 416 tonitrua,
765 372 848 419 jam
886 384 955 419 pro
989 372 1131 409 meritis
1166 373 1309 410 fulmen
1341 373 1514 409 ultimum
1537 379 1716 422 expecta·

256 441 356 472 rent:
388 435 580 472 conclusit
615 435 726 482 louge
755 434 805 470 al»
835 434 1018 482 opinione
1049 442 1295 472 cunctorum:
1329 437 1401 472 ‘Et
1442 436 1515 478 it‹·,’
1548 436 1611 479 ait,
1644 435 1714 471 ‘de

256 498 332 536 vita
354 498 499 535 securi:
533 499 629 533 lianc
653 497 769 533 solam
793 496 902 533 vobis
923 496 1047 533 ‹lonoz
1080 498 1181 534 bona
1204 505 1325 535 vestra
1347 512 1434 548 quae
1455 500 1579 536 Uticae
1602 499 1717 537 habc-

258 562 318 607 ti³‚
336 561 451 598 vendi
466 560 610 608 jubeo:
632 559 742 596 vobis
765 559 852 608 ipsis
870 567 994 596 tamen
1012 561 1175 610 primum
1197 561 1406 598 redimendi
1427 563 1552 599 locum
1576 562 1715 607 tribum

260 632 299 661 ut
331 637 400 673 pro
435 622 557 672 pretio
578 622 684 672 quod
709 623 823 660 rebus
845 624 1095 661 coustitutum
1121 624 1246 670 sut-rit,
1279 632 1472 675 emptores
1492 638 1624 662 omues
1655 624 1717 662 alii

258 688 366 724 vobis
396 687 568 725 cedant:'
598 687 793 735 insperato
832 688 970 737 gaudio
1002 689 1189 733 concussi,
1223 695 1261 725 et
1296 689 1354 725 vix
1396 688 1453 726 sui
1494 697 1717 739 compotes:

260 758 269 772 ‘
287 753 370 789 [mo
390 753 506 797 vcro‚¹
528 751 721 800 inquiunt,
745 756 753 770 ‘
768 763 843 787 non
861 758 919 788 est
935 752 1016 788 liaec
1031 752 1219 788 sufficiens
1241 752 1409 789 stultitiae
1427 759 1562 790 nostra*
1587 767 1716 803 paam:

259 816 403 866 aliquid
425 815 591 865 amplius
619 815 749 852 multae
776 815 928 852 nomine
949 815 1055 852 siniul
1079 816 1188 852 nobis
1210 818 1390 854 ‹unuilms
1411 817 1588 867 impone!
1645 817 1718 854 Mi-

259 887 364 917 ratus
384 886 441 917 est
460 880 604 917 Caesar.
657 885 666 899 ‘
680 880 729 916 Et
748 879 931 928 impouo‚'
950 879 1090 929 inquit,
1122 885 1132 899 ‘
1148 880 1254 918 vobis
1274 881 1355 918 ⁸³11.
1380 892 1429 918 Μ.
1450 881 1716 918 sextertiorum

260 958 324 982 sex
361 943 616 982 solutionibus
646 943 743 980 iutra
780 943 982 981 triennium
1017 944 1285 993 persolvenda.
1346 943 1506 988 Ilodie,'
1528 945 1718 994 inquiunt,

262 1014 353 1045 ‘nos
376 1007 608 1044 “damnatos
629 1006 872 1057 intelligimus
904 1014 944 1044 ut
975 1007 1088 1044 siiuul
1112 1007 1235 1044 omnia
1258 1008 1539 1058 persolvamus;
1572 1021 1719 1058 proque

261 1079 336 1110 tam
359 1071 441 1109 miti
461 1071 724 1120 castigatione,
744 1084 1003 1120 concessaque
1024 1077 1163 1121 praeter
1184 1084 1288 1120 spem
1312 1072 1400 1116 vita,
1423 1072 1491 1109 tibi
1513 1071 1722 1122 imperator

258 1135 504 1173 invictissime
535 1135 673 1185 gratias
707 1134 878 1185 agimuS.’
936 1137 1039 1173 Dum
1077 1136 1160 1173 haec
1195 1135 1241 1172 ad
1277 1136 1430 1173 Uticam
1467 1137 1598 1173 Caesar
1630 1136 1720 1187 agir,

260 1199 363 1238 Juba
383 1211 462 1244 rex,
484 1198 596 1248 [1244]
618 1198 733 1235 modo
753 1204 829 1235 tam
851 1199 1051 1248 superbus,
1085 1199 1227 1236 diurnis
1249 1199 1404 1237 latebris
1425 1206 1611 1237 nocturna
1632 1199 1721 1250 fuga

262 1263 382 1301 deviis
415 1261 656 1313 sylvosisque
676 1262 905 1307 tramitibus,
936 1275 1047 1299 suum
1078 1262 1168 1299 olim
1191 1262 1239 1299 ad
1263 1276 1433 1312 reguum,
1454 1262 1637 1312 regnique
1658 1276 1720 1300 ca-

261 1335 331 1377 put
352 1327 506 1364 Zamam
528 1325 688 1375 opidum
724 1332 962 1375 pervenerat,
985 1326 1051 1362 ubi
1084 1326 1196 1362 larem
1229 1326 1479 1375 praecipuum,
1508 1339 1722 1376 uxoresque

262 1398 299 1428 et
321 1390 419 1427 tilios
441 1396 475 1426 et
498 1390 716 1426 thesaurum
752 1389 934 1434 habebat,
970 1389 1235 1439 palatiumque
1267 1389 1319 1426 ibi
1353 1390 1720 1439 sumptuosissimum

262 1460 454 1492 erexerat:
486 1452 539 1489 ibi
560 1465 649 1489 vero
681 1453 796 1489 homo
816 1452 1052 1497 vanissimus,
1084 1452 1149 1502 qui
1172 1465 1308 1502 magna
1329 1453 1517 1503 principia
1547 1454 1723 1503 praecipi-

263 1524 390 1556 tanter
408 1516 703 1566 amplexaretur,
728 1528 851 1566 neque
872 1516 997 1553 exitus
1027 1516 1234 1560 metiretur,
1257 1517 1293 1553 in
1314 1516 1401 1566 ipso
1425 1517 1514 1554 belli
1535 1517 1722 1568 principio

263 1582 446 1620 adversus
480 1581 672 1619 Caesarem
703 1581 901 1616 temerarie
933 1580 1114 1630 suscepti,
1150 1582 1340 1629 ingentem
1366 1580 1554 1630 lignorum
1589 1594 1723 1632 pyram

266 1646 390 1682 media
412 1645 504 1682 urbe
535 1651 791 1694 congesserat,
827 1651 867 1681 ut
889 1644 919 1681 si
943 1645 1044 1682 bello
1065 1645 1348 1689 succubuisset,
1367 1657 1499 1682 omnes
1522 1645 1599 1682 illic
1620 1645 1724 1683 cives

265 1711 365 1748 ferro
385 1722 503 1746 caesos
533 1708 761 1757 imponeret,
781 1714 896 1757 atque
915 1707 967 1745 ita
988 1708 1187 1745 submissis
1208 1708 1358 1758 ignibus
1377 1714 1413 1745 et
1434 1721 1596 1746 accensa
1616 1722 1723 1760 pyra,

266 1786 305 1811 se
325 1780 363 1811 et
385 1773 496 1817 filios,
513 1785 742 1821 omnemque
764 1772 986 1809 thesaurum
1009 1773 1283 1822 superjaceret,
1302 1779 1343 1810 ut
1365 1772 1419 1809 sic
1437 1773 1561 1809 omnia
1583 1786 1726 1810 crema-

265 1843 406 1880 rentur,
442 1849 564 1886 ueque
599 1835 648 1873 (le
686 1834 850 1872 fortunis
890 1835 967 1872 suis
1005 1836 1053 1872 ad
1089 1837 1276 1873 Caesarem
1310 1836 1447 1873 ⁸⁵aliud
1488 1837 1722 1886 perveniret:

265 1900 304 1937 id
346 1900 417 1937 sibi
457 1898 658 1936 consilium
701 1897 863 1935 fortasse
903 1898 1148 1949 magnificum
1189 1899 1404 1937 videbatur.
1477 1901 1528 1936 At
1567 1899 1726 1937 Zamen-

267 1964 384 2007 sibus,
423 1970 461 2000 ct
504 1963 711 2012 prasertim
754 1964 945 2000 Caesarem
978 1963 1206 2007 amantibus,
1240 1963 1376 2001 merito
1414 1976 1490 2000 uon
1528 1963 1725 2012 placebat,

267 2040 391 2077 caque
424 2038 481 2063 res
515 2025 664 2061 civibus
695 2026 800 2062 illum
823 2026 901 2062 suis
923 2026 1202 2063 odiosissimum
1236 2026 1436 2063 effecerat:
1469 2039 1595 2075 neque
1626 2026 1726 2063 enim

270 2090 379 2128 unius
401 2088 563 2126 hominis
582 2088 814 2138 desperatio,
851 2090 913 2125 uui
948 2103 1087 2138 magno
1121 2090 1267 2139 populo
1300 2090 1491 2126 excidium
1526 2089 1727 2139 publicum

269 2155 404 2193 afferre
438 2153 645 2190 debuerat:
677 2166 748 2190 uec
782 2154 842 2190 illa
876 2153 1032 2202 quidem
1062 2154 1143 2190 sola
1175 2154 1294 2203 iniqui
1326 2154 1475 2190 consilii
1495 2167 1611 2191 causa
1633 2161 1727 2198 erat,

270 2219 335 2256 sed
359 2217 521 2255 invidia:
554 2231 629 2266 qua
652 2217 837 2266 impulsus
858 2231 921 2254 rex
944 2219 1130 2262 innnanis,
1154 2231 1228 2254 uon
1252 2219 1414 2255 victores
1432 2218 1548 2255 modo
1568 2231 1728 2256 consue-

271 2284 318 2321 tis
340 2283 430 2320 belli
451 2283 636 2332 praemiis:
668 2281 731 2317 sul
755 2295 843 2317 suos
867 2282 941 2319 rita
969 2282 1130 2331 spoliare
1160 2282 1393 2325 decreverat,
1425 2282 1531 2331 quasi
1553 2296 1618 2318 eos
1641 2289 1729 2331 post

272 2360 312 2383 se
332 2347 455 2383 vivere
483 2345 682 2394 judicaret
715 2344 907 2393 indignos:
941 2345 1046 2394 quod
1076 2359 1151 2382 non
1171 2345 1291 2382 (licam
1314 2345 1362 2381 de
1395 2344 1557 2381 subditis
1587 2345 1727 2390 tiberis,

271 2408 433 2446 ⁸⁶tamen
467 2409 706 2452 li‹›miuibus;
740 2408 806 2445 sed
828 2408 877 2445 de
899 2408 1013 2445 servis
1046 2409 1158 2445 etiam
1180 2408 1428 2445 inhumanum
1449 2407 1730 2457 prorsusjudi-

273 2472 373 2510 cium
395 2486 439 2510 ac
461 2473 670 2521 superbum
691 2479 801 2509 esset.
860 2473 943 2508 Hac
965 2485 1055 2521 ergo
1076 2472 1125 2508 de
1146 2471 1359 2520 causajure
1378 2472 1529 2521 optimo
1551 2471 1626 2508 suis
1648 2485 1729 2508 om-

318 2648 357 2676 53
384 2645 442 2676 Bis
458 2645 568 2675 millies
588 2645 763 2675 sestertium
788 2650 838 2675 cst
866 2645 898 2675 iu
916 2645 1125 2676 llil-tio.*81
1152 2644 1192 2675 In
1222 2644 1337 2675 Hirtio
1364 2648 1458 2674 recte
1475 2642 1597 2681 legitur
1610 2648 1731 2673 deinum

275 2702 380 2730 natos:
403 2698 490 2739 quonl
508 2708 582 2728 curn
601 2708 667 2728 uon
691 2698 899 2729 intellexerit
926 2698 979 2729 liic
996 2698 1157 2737 scriptor,
1173 2702 1231 2728 aut
1257 2697 1289 2727 in
1318 2697 1454 2726 vitiosos
1471 2695 1621 2733 codzces,
1636 2695 1729 2736 inep-

276 2758 345 2783 tam
360 2753 447 2782 hauc
462 2751 541 2781 inde.
556 2750 707 2782 confecit
718 2752 937 2788 sententiam,
948 2757 984 2781 ut
999 2752 1031 2782 in
1043 2751 1116 2781 aliis
1129 2759 1262 2791 quoque
1276 2750 1360 2782 loeis
1372 2748 1595 2780 factura-85
1614 2748 1731 2788 Forte,

275 2805 489 2846 aliquid.—S(3
513 2803 617 2845 Lege,
631 2806 683 2836 sed
698 2807 735 2836 dc
750 2807 845 2837 sen-u
860 2805 967 2846 ctiam,
980 2808 1084 2837 tamen
1100 2803 1283 2835 hominibus.
