1850 3109
225 201 339 245 1434

227 315 319 347 saepe
341 305 381 337 ad
407 306 566 337 remotius
584 306 717 343 ret'erri,
746 312 859 346 potest
877 307 923 338 vi-

226 356 299 387 deri
316 366 447 397 quoque
473 357 503 386 in
533 357 620 386 nutis
646 357 717 387 (fel.
742 357 855 386 Burni.
882 356 922 386 ad

227 405 329 436 ovid.
350 407 434 437 Met.
455 416 507 437 111.
532 410 604 437 2⁰51.
629 407 742 436 voi-st.
761 411 794 435 et
816 406 923 436 soceri

227 458 292 488 mei
307 458 347 488 ad
360 458 473 487 Yuler.
491 458 581 487 Max.
597 457 707 486 multis
721 456 753 485 in
771 456 851 485 loeis
866 468 872 493 3
889 461 923 486 et

225 507 274 538 sic
286 508 325 538 B.
342 508 378 538 C.
395 516 447 537 iii.
463 510 533 537 111.
548 507 556 522 ‘
571 507 746 539 01111111111(Ι
759 506 923 545 celemus

226 562 291 588 ἃς.
337 558 401 587 Sed
421 558 482 586 hoc
495 557 567 596 jain
586 557 709 587 tirones
726 557 848 587 sciunt.

272 610 309 637 17
334 607 536 637 Dissimulari
561 610 588 636 c(
616 606 774 646 occultari]
809 607 864 637 Sic
882 616 923 637 ex

227 657 308 688 Mss.
325 657 411 694 Reg.
430 657 552 687 lilivns.
578 662 610 686 et
632 657 752 694 Vossii,
780 656 925 696 iestitui,

228 707 419 747 postulante
451 712 483 737 et
516 707 588 747 ipsa
630 707 751 746 lingum
795 707 923 737 Latinae

228 758 371 797 ratione,
391 763 530 798 propter
554 764 748 798 sequentem
766 757 925 799 coufirma-

224 808 266 838 ri.
313 809 351 838 In
369 808 476 839 Euius
499 814 550 839 est
573 808 765 838 dissimulare
780 811 809 838 et
830 809 924 838 occul-

226 861 305 888 tare.
353 859 458 888 Clark.
505 858 624 887 Petav.
644 857 782 888 Norvie.
800 857 925 887 liabent

225 909 417 939 dissimulare
445 919 479 939 ac
500 908 656 938 occultari.
710 909 761 938 Ex
789 909 925 939 (tm-rar.

227 959 302 998 lege
319 959 505 989 dissimulari
532 962 562 988 et
581 958 736 995 occultari,
761 958 848 998 quod
867 958 926 989 eti-

227 1017 279 1038 am
297 1018 338 1038 ex
357 1009 422 1038 suis
439 1007 545 1038 Codd.
572 1008 811 1038 animadvertit
834 1007 927 1037 Clar-

227 1058 314 1088 kius.
369 1057 436 1089 Sed
463 1063 497 1088 et
527 1057 726 1094 Beroaldus,
755 1057 926 1097 Gryphius

227 1107 348 1149 aliique
365 1108 412 1139 sic
428 1107 617 1138 ediderunt.
649 1107 759 1138 Ducis.
772 1117 843 1139 cnr.
857 1117 924 1138 see.

229 1159 354 1190 Fateor
363 1159 462 1190 etiam
476 1158 665 1189 dissimulari
674 1161 702 1188 et
715 1158 861 1188 occultari
870 1167 926 1187 ex-

230 1209 317 1240 arari
332 1210 364 1240 in
378 1210 458 1240 Mss.
478 1210 584 1249 Bong.
600 1208 694 1240 Leid.
708 1218 776 1239 sec.
791 1212 825 1239 et
839 1207 925 1238 Eud.

229 1259 326 1290 Rom.
352 1260 444 1291 Med.
471 1261 559 1291 Ven.
585 1260 685 1289 Vasc.
711 1259 779 1290 Str.
806 1259 926 1299 Steph.

228 1309 378 1350 aliisque.
423 1309 523 1342 Quod
554 1314 588 1339 et
615 1309 745 1349 placuit
771 1309 927 1340 Brantio.

227 1359 295 1390 Sed
311 1369 501 1400 perperam,
516 1359 594 1390 licet
611 1360 756 1390 occultari
771 1360 815 1390 sit
827 1360 928 1391 etiam

230 1412 262 1441 in
292 1411 389 1442 Leid.
419 1421 470 1451 pr.
497 1410 706 1441 librariorum
735 1411 847 1450 culpa,
873 1411 928 1452 qui

229 1462 438 1499 nesciebant,
463 1471 481 1491 a
498 1462 645 1499 Caesare,
660 1465 697 1491 ut
712 1466 747 1492 et
764 1461 836 1492 aliis
853 1471 929 1492 auc-

230 1512 372 1550 toribus,
389 1512 491 1541 amari
507 1511 592 1542 hanc
609 1511 840 1543 variationem.
871 1512 928 1542 Vi-

230 1561 271 1592 de
288 1561 421 1592 omuino
448 1565 564 1592 notata
591 1561 633 1591 ad
662 1561 703 1592 B.
731 1561 804 1592 Civ.
830 1570 854 1592 1.
873 1563 926 1592 32.

230 1610 300 1641 Pro
314 1614 441 1650 proestat
458 1620 538 1641 vero
554 1610 740 1649 elegantius
758 1611 837 1642 (lant
849 1621 929 1651 proe-

229 1664 290 1691 stet
306 1660 428 1692 Petav.
456 1661 567 1692 Palat.
596 1661 722 1691 Lovan.
750 1661 846 1692 Leid.
874 1672 926 1702 pr.

233 1711 328 1742 Voss.
352 1715 388 1742 et
414 1710 541 1742 Dorv.:
582 1720 685 1752 quare
711 1715 746 1741 et
770 1710 803 1741 id
831 1720 925 1752 repo·

234 1769 297 1791 sui.

679 212 820 244 No'rAE

276 1813 315 1841 19
337 1810 387 1841 Au
413 1820 471 1841 non
485 1811 533 1842 uti
551 1811 686 1851 corporis
700 1811 836 1850 vulnera,
861 1812 929 1852 8)·σ.]

234 1860 321 1892 Haec
348 1871 428 1892 sane
451 1862 553 1892 lectio
577 1870 630 1892 nie
646 1871 711 1892 non
729 1860 882 1900 offendit,
902 1862 930 1892 si

233 1916 287 1942 est
304 1921 322 1941 a
338 1912 424 1942 Mss.
470 1912 598 1942 Omnes
615 1921 694 1941 vero
711 1911 818 1942 nostri
833 1911 931 1942 aliter

232 1961 406 1992 exhibent.
453 1962 518 1992 Ms.
536 1962 674 1992 Non-vic.
699 1962 751 1993 An
764 1961 813 1992 uti
826 1972 930 2002 corpo-

231 2012 277 2042 ris
294 2013 431 2050 vulnera,
454 2011 576 2042 omissa
593 2010 758 2050 particula
772 2016 930 2051 negante.

234 2061 342 2092 Editt.
368 2062 462 2092 Rom.
480 2062 564 2092 Veu.
590 2054 750 2092 Beroal‘d.
786 2061 837 2092 An
861 2071 931 2093 vero

234 2111 282 2142 uli
319 2111 454 2151 corporis
482 2112 618 2142 vulnera.
663 2110 931 2143 Rescribendum

234 2165 318 2203 puto
332 2165 364 2193 at
378 2172 446 2193 vero
461 2162 507 2192 uti
521 2162 656 2202 corporis
669 2159 820 2193 vulnera?
842 2163 931 2203 quod

235 2213 262 2245 si
280 2214 457 2254 probetur,
473 2213 618 2244 delenda
634 2218 686 2245 est
702 2214 932 2255 interrogatio-

234 2263 285 2294 nis
312 2269 403 2295 nota.
440 2265 552 2295 Dacis.
599 2264 718 2295 Lectio
747 2265 881 2305 elegans
897 2268 933 2296 et

237 2314 336 2353 bona,
351 2325 449 2355 quam
466 2314 625 2345 exhibent
651 2315 810 2355 Scaliger,
838 2319 873 2346 et
890 2315 932 2346 E-

235 2363 311 2395 ditt.
330 2365 562 2395 Recentiores.
595 2365 842 2403 Veruntamen,
856 2375 934 2405 quo-

234 2413 323 2443 niam
338 2424 450 2444 omnes
466 2413 537 2444 fere
558 2415 636 2445 Mss.
658 2415 782 2445 liabent
797 2425 837 2444 un
850 2425 932 2454 vero,

234 2464 295 2501 uti,
324 2465 376 2503 &a
423 2473 487 2494 non
522 2465 770 2494 contemnenda
800 2464 934 2496 videtur

240 2514 372 2545 Davisii
388 2514 601 2553 conjectura,
628 2515 682 2554 qui
699 2515 817 2545 scribit
839 2518 872 2545 ut
887 2525 935 2545 ve-

235 2573 283 2603 ro,
299 2564 359 2602 uti,
380 2565 431 2603 ξε.
454 2563 526 2593 sine
551 2563 823 2604 interrogationis
844 2570 934 2598 nota.

239 2614 348 2643 Clark.
393 2614 445 2644 An
470 2623 540 2643 roro
561 2614 609 2644 uti
631 2624 670 2643 ex
693 2616 774 2645 ineis
796 2616 857 2646 soli
881 2616 936 2646 lia-

239 2664 323 2696 bent
340 2664 486 2695 Dorvill.
503 2669 537 2694 et
565 2664 660 2695 Leid.
678 2674 747 2695 sec.
776 2665 936 2696 recentis-

239 2714 313 2744 simi
341 2713 449 2745 Codd.
476 2723 551 2744 cum
575 2713 640 2745 Ed.
668 2714 762 2745 Med.
801 2715 936 2756 Reliqui

239 2773 315 2794 cum
354 2763 441 2794 Edd.
469 2763 640 2806 plerisque
671 2764 766 2796 Vctt.
799 2769 938 2797 servant

233 2824 278 2844 au
294 2823 363 2853 non,
379 2815 431 2852 δέ.

855 212 1116 244 VARIORUM
1150 213 1201 244 IN

1016 310 1058 338 26
1084 308 1152 347 Ipse
1165 307 1244 347 defi]
1281 306 1475 339 Laudabilis
1492 308 1543 338 est
1559 314 1671 338 emen·

975 357 1066 388 datio
1092 358 1168 388 ,tuli
1196 359 1339 389 Manutii
1367 364 1401 389 et
1430 358 1599 389 Ciaeeonii
1632 361 1668 388 ut

972 417 1035 447 spe.
1065 410 1114 440 ἅϊ.
1152 410 1257 438 ‘'Iark.
1312 410 1386 439 Nou
1408 408 1598 439 necessaria
1621 412 1669 438 ta-

974 467 1060 487 men.
1106 458 1174 497 Ipse
1199 469 1261 494 ego
1289 459 1369 494 dux,
1396 468 1457 489 nec
1481 459 1585 489 solum
1610 458 1671 495 illi,

975 508 1031 546 qui
1052 511 1117 536 tani
1145 508 1276 538 timoris
1302 509 1437 548 plenum
1456 509 1537 538 ‹lent
1562 507 1672 539 consi-

975 558 1066 588 lium.
1118 557 1205 588 Vide
1230 558 1271 588 ad
1300 567 1323 588 1.
1351 562 1403 590 ol.
1427 559 1671 590 ‘Constituunt

976 608 1053 647 ipsi,
1081 607 1119 637 iis
1147 608 1228 638 loeis
1246 608 1435 640 excedere?

974 658 1075 688 habet
1090 658 1153 698 ipse
1167 659 1257 697 prius
1273 660 1303 688 (Ι.

1018 716 1140 738 xxxii.
1160 712 1171 739 1
1197 709 1333 739 Dimisso
1346 709 1484 750 consilio]
1500 709 1540 740 In
1558 709 1676 750 priori-

976 757 1036 788 bus
1053 758 1152 789 editt.
1171 763 1289 789 contra
1319 769 1386 790 rein
1412 760 1518 800 ipsam
1539 760 1674 800 legeba-

976 812 1031 839 tur
1046 809 1184 848 concilio,
1212 819 1271 839 nos
1288 815 1399 841 autem
1423 819 1535 842 veram
1557 811 1677 843 lectio-

976 868 1051 888 nein
1076 869 1116 889 ex
1135 859 1293 890 Beroald.
1323 860 1541 892 restituimus.
1587 861 1675 892 Vide

975 912 1046 938 not.
1061 908 1102 937 ad
1120 909 1258 948 hujusce
1276 909 1351 940 libri
1368 920 1397 940 c.
1420 913 1471 940 30.
1495 911 1609 942 Davi-3.

1020 961 1055 989 ll
1090 958 1279 998 Hortentur]
1328 961 1467 991 Norvic.
1491 961 1676 992 hortantur:

1485 609 1577 640 Leid.
1602 618 1671 641 sec.

977 1007 1065 1048 quod
1082 1007 1200 1037 mclius
1215 1018 1222 1037 :
1248 1008 1280 1038 id
1297 1010 1387 1039 enim
1402 1008 1531 1041 fecerat
1548 1011 1677 1043 Quinc-

977 1057 1078 1088 tilius.
1123 1058 1235 1089 Dum's.
1267 1068 1338 1090 cur.
1370 1069 1437 1091 sec.
1496 1059 1678 1092 Hor-tantur

977 1109 1079 1138 etiam
1104 1109 1196 1139 Leid.
1216 1119 1284 1140 sec.
1330 1110 1456 1140 Verum
1484 1115 1552 1141 tam
1578 1110 1678 1142 adfir-

977 1159 1101 1189 mative
1118 1159 1150 1190 id
1168 1160 1282 1190 (licere
1301 1170 1368 1191 non
1385 1161 1496 1201 potuit
1509 1161 1623 1193 Curio.

1020 1212 1060 1239 20
1081 1209 1200 1244 Quibus
1212 1210 1244 1239 in
1258 1214 1414 1250 conspectu
1430 1212 1678 1242 adversariorum

977 1258 1110 1298 tenerit]
1136 1259 1203 1289 Ms.
1224 1260 1359 1291 Norvic.
1387 1265 1421 1291 et
1443 1260 1544 1292 editt.
1575 1261 1673 1294 Rom.

978 1309 1066 1339 Ven.
1094 1309 1251 1339 Beroald.
1278 1310 1404 1340 habent
1431 1311 1463 1340 in
1487 1315 1679 1351 compedum

978 1359 1231 1398 adversariorum,
1259 1369 1333 1400 quae
1359 1360 1492 1400 quidem
1518 1362 1678 1403 loquendi

980 1407 1065 1439 ratio
1091 1409 1196 1448 inagis
1213 1414 1266 1440 est
1294 1411 1506 1450 pervulgata,
1536 1421 1613 1443 eum
1629 1416 1678 1443 ta·

979 1468 1054 1489 men
1071 1459 1209 1489 alterius
1234 1461 1392 1499 exempla
1414 1470 1479 1491 non
1494 1461 1617 1502 desint,
1639 1468 1679 1494 ut

979 1509 1186 1540 ostendimus
1202 1510 1242 1540 ad
1262 1511 1301 1540 Β.
1325 1511 1367 1541 G.
1390 1520 1468 1542 viu.
1492 1514 1521 1542 8.
1562 1512 1677 1544 Daris.

978 1560 1020 1589 V.
1037 1570 1136 1600 supra
1147 1561 1187 1590 ad
1204 1571 1234 1591 c.
1252 1564 1303 1591 27.
1351 1561 1553 1602 Conspectum
1565 1567 1678 1594 tamen

979 1615 1030 1640 est
1047 1610 1079 1640 in
1098 1610 1180 1640 Lov.
1206 1611 1313 1641 Dorv.
1330 1611 1427 1642 voss.
1452 1621 1513 1643 nec
1535 1612 1679 1643 varieta-

980 1659 1022 1690 tis
1054 1659 1131 1699 quid
1171 1660 1302 1690 notavit
1343 1660 1513 1692 Gruterus
1542 1661 1585 1693 ad
1616 1661 1678 1693 Ed.

980 1709 1113 1749 Gryph.
1135 1709 1166 1740 in
1184 1719 1249 1750 qua
1265 1710 1367 1741 etiam
1384 1720 1423 1741 ac
1445 1712 1563 1752 steph.
1578 1711 1680 1744 Vasc.

979 1762 1042 1790 διο.
1067 1764 1118 1790 est
1133 1759 1369 1792 Accusativus.

1022 1812 1064 1841 23
1114 1810 1249 1850 Victum]
1293 1811 1484 1851 Pompeium.
1543 1811 1680 1843 Deinde

981 1859 1128 1891 Desertus
1153 1861 1245 1891 enim.
1296 1861 1358 1892 Est
1395 1861 1577 1902 occupatio
1603 1862 1678 1902 ejus

982 1909 1072 1950 quod
1090 1909 1195 1950 objici
1211 1914 1323 1950 posset
1340 1921 1347 1941 z
1373 1911 1418 1942 At
1433 1911 1515 1942 enim
1536 1912 1683 1951 desertos,

980 1961 1033 1999 ᾅτ.
1060 1960 1167 1992 Clark.

1025 2013 1067 2042 26
1116 2011 1222 2050 Vosne,
1247 2012 1315 2052 ζα]
1360 2010 1401 2041 ln
1433 2011 1619 2042 Petaviano
1646 2015 1682 2042 et

983 2060 1078 2092 Leid.
1105 2069 1156 2101 pr.
1186 2070 1224 2091 ac
1256 2060 1297 2091 R.
1327 2060 1488 2100 Stephani
1523 2060 1585 2091 Ed.
1615 2070 1682 2091 non

984 2116 1161 2152 comparet
1177 2121 1222 2142 ne.
1269 2111 1375 2141 Bene.
1420 2111 1515 2141 Solet
1540 2110 1681 2141 enimin

984 2160 1094 2192 dubiis
1119 2161 1211 2200 prius
1229 2170 1268 2190 cm
1286 2161 1339 2191 vel
1366 2169 1403 2190 ηε
1428 2159 1550 2191 omitti.
1592 2159 1680 2192 Vide

982 2212 1101 2243 Davis.
1117 2212 1160 2242 ad
1186 2211 1242 2243 fin.
1257 2211 1356 2251 hujus
1373 2220 1450 2252 cap.
1476 2215 1510 2242 et
1526 2210 1623 2251 plura
1638 2211 1679 2242 ad

983 2270 1046 2293 vn.
1061 2266 1091 2293 5.

1025 2315 1067 2343 28
1103 2310 1239 2350 Projecit
1253 2308 1328 2342 ille?
1350 2320 1409 2341 non
1424 2309 1483 2340 sibi
1503 2311 1584 2341 clam
1598 2310 1682 2342 vobis

983 2360 1206 2399 salutemsuga
1217 2360 1330 2400 petit-it
1341 2357 1372 2398 ?]
1397 2359 1580 2399 Perplacet
1591 2359 1681 2400 quod

984 2412 1017 2442 in
1034 2411 1190 2442 Palatino
1217 2409 1362 2449 legitur:
1383 2408 1536 2449 projecit?
1557 2409 1609 2439 ille
1621 2409 1681 2440 sibi

985 2463 1061 2492 clam
1076 2471 1132 2491 nou
1150 2459 1233 2490 vobis
1245 2460 1374 2490 salutem
1384 2457 1521 2499 petivit!
1549 2459 1682 2490 ls'ossius.

987 2513 1064 2543 Non
1096 2510 1183 2551 fugit
1214 2510 1403 2547 Domitius,
1444 2509 1503 2540 sed
1533 2508 1681 2549 fugiendi

986 2562 1160 2593 consilium
1188 2559 1279 2600 cepit
1295 2571 1302 2596 ς
1319 2559 1402 2599 suga
1426 2560 1527 2599 igitur
1552 2560 1615 2591 hoc
1646 2560 1681 2591 iu

987 2614 1061 2644 loco
1086 2612 1201 2653 fugam
1217 2611 1416 2642 destinatam
1442 2609 1622 2651 significat,
1646 2614 1683 2642 ut

988 2665 1029 2694 B.
1047 2664 1085 2695 C.
1104 2672 1127 2693 1.
1144 2666 1197 2693 20.
1226 2662 1235 2679 ‘
1251 2662 1337 2694 Quae
1354 2661 1567 2701 ignorabant,
1586 2660 1628 2692 de
1645 2661 1684 2692 L.

988 2713 1131 2745 Domitii
1152 2712 1237 2751 suga
1263 2711 1493 2751 cognoscunt)
1539 2712 1684 2752 Dionys.

989 2769 1102 2794 autem
1117 2762 1238 2793 Vossio
1254 2762 1443 2802 perplacet,
1464 2761 1554 2802 quod
1569 2761 1602 2792 in
1617 2761 1684 2792 Pa-

990 2813 1093 2844 latino
1122 2812 1246 2853 legitur
1266 2810 1423 2853 prnjecit?
1445 2811 1497 2843 ille
1518 2811 1579 2843 sibi
1604 2812 1682 2843 clam
