1850 3109
254 145 367 192 1584

255 252 341 284 Cum
365 251 471 283 Norv.
495 250 627 283 faciunt
649 250 770 284 Petav.
796 252 895 283 Voss.
919 255 954 283 et

254 303 381 334 Lovan.
425 302 571 344 Reliqua
585 302 626 333 ad
643 301 744 333 finem
762 307 850 333 nota*
867 302 953 333 dele.

253 353 354 392 Idem,
376 363 446 385 cur.
466 364 534 385 sec.
582 354 744 393 Rcccpisse
759 353 860 383 etiam
876 352 954 382 Sca-

251 403 308 444 lig.
325 409 360 435 et
377 404 472 435 Leid.
501 414 552 444 pr.
580 403 667 433 unde
684 403 794 433 malim
808 402 954 441 repetisse

251 454 320 494 hoc,
335 465 383 485 sc.
402 455 582 494 oppidum:
609 462 673 483 nou
689 461 812 492 sperno
841 456 952 481 tamen

250 505 387 536 omnino
404 505 533 536 Davisii
553 504 787 543 conjecturam
804 502 861 533 huc
876 512 953 532 rece-

247 555 343 596 pisse,
371 554 610 585 subintellecto
637 562 681 592 se,
706 558 743 583 ut
772 552 895 592 saepius
920 552 953 582 iu

252 607 338 638 Mss.
353 606 515 643 occurrit,
541 605 594 636 vel
618 604 766 644 recepisse
789 613 831 634 se.
877 603 953 644 Lip-

251 657 320 688 sius
353 667 388 687 ca
418 667 450 686 re
469 656 596 694 secisse,
626 655 739 695 ejecto
770 664 845 685 cum
871 655 952 686 Lov.

252 707 338 739 Cod.
361 708 485 738 idcirco.
532 708 600 738 Pro
626 715 664 737 ne
680 716 760 737 vero
778 706 809 736 in
826 707 952 737 Lovan.

251 762 306 789 est
320 761 370 788 ut.-
393 769 454 789 nec
471 758 572 789 aliter
588 757 622 788 in
639 757 762 798 Scalig.
781 756 874 788 Leid.
901 766 952 797 pr.

251 813 288 840 et
303 819 371 840 sec.
404 809 459 849 qui
489 810 626 848 insuper
653 807 782 838 addunt
812 816 849 837 ne
875 810 952 836 ante

249 870 358 891 tacita.
404 860 551 891 Omuino
568 859 666 889 bene.

293 913 314 940 9
342 910 394 940 Aa
429 910 554 939 classem
591 906 798 947 receptacula]
838 905 952 936 Probe

249 960 377 1001 legitur
393 961 424 990 in
444 961 537 990 Msto
556 960 662 990 Norv.
679 963 713 988 et
734 957 832 987 editt.
857 958 952 987 Rom.

249 1010 374 1041 Venet.
399 1009 558 1040 Beroaltl.
575 1010 615 1039 acl
629 1008 734 1038 classis
748 1008 952 1046 receptacula,

250 1060 342 1102 quod
358 1061 448 1091 idem
466 1061 612 1090 valetne
639 1059 680 1090 ad
705 1059 845 1089 classem
870 1059 953 1089 reci-

248 1111 421 1150 piendam,
431 1120 577 1151 seu‚quo
590 1119 625 1140 se
638 1109 810 1149 reciperet
823 1109 951 1139 classis.

248 1161 365 1192 Dacis.
411 1160 558 1191 Perinde
573 1165 636 1191 est.
662 1159 772 1190 Clark.
817 1158 953 1189 Adclas-

246 1211 292 1241 sis
312 1211 502 1250 receptacula
531 1214 583 1239 est
613 1209 646 1239 in
677 1208 766 1239 Edu.
797 1208 952 1238 omnibus

250 1265 330 1291 ante
360 1260 484 1295 scalig.
523 1259 580 1299 qui
617 1258 743 1297 primus
777 1258 886 1288 edidit
912 1259 953 1288 ad

246 1310 368 1340 classim
408 1312 522 1348 recept.
555 1307 645 1338 unde.
676 1308 882 1339 recentiores
912 1309 951 1338 ad

247 1362 375 1391 classem
406 1359 562 1397 ,ἴσαι-11111.
620 1357 661 1388 Ιι·1
691 1358 817 1389 Lovan.
843 1359 950 1389 Dorv.

249 1417 286 1442 et
302 1410 398 1442 Leid.
416 1419 483 1441 sec.
501 1419 535 1439 ac
551 1409 658 1439 classis
672 1418 736 1439 rec.
781 1407 847 1438 Sed
875 1408 952 1439 Sca-

247 1461 307 1501 lig.
336 1460 435 1491 Leia.
465 1469 515 1499 pr.
549 1464 586 1489 ct
615 1459 717 1489 Voss.
755 1458 794 1488 ad
821 1458 950 1489 classim.

249 1511 349 1544 Quod
375 1511 504 1541 idcirco
531 1513 662 1540 mutare
686 1508 790 1548 nolui,
813 1507 894 1539 licet
918 1509 950 1538 iu

247 1561 328 1593 Pet.
347 1570 480 1602 quoque
504 1559 661 1590 videatur
683 1568 756 1589 esse
770 1560 810 1589 ad
832 1560 949 1590 classis.

250 1611 351 1644 Quod
369 1621 387 1641 e
409 1610 493 1641 Cod.
515 1609 694 1641 Yictorino
721 1609 843 1650 probat
870 1619 951 1650 quo-

247 1670 314 1702 que
353 1660 542 1691 Goduinus.
599 1659 721 1690 Malim
758 1664 871 1690 tamen
909 1661 950 1690 ad

245 1711 389 1742 classium
412 1713 525 1751 recept.
571 1711 732 1741 Ceterum
746 1719 801 1749 que
817 1709 914 1741 abest
931 1719 949 1740 a

248 1761 331 1793 Lov.
355 1766 391 1792 et
417 1761 511 1792 Leid.
536 1770 605 1792 sec.
629 1760 834 1801 praesidiaque
862 1759 948 1792 Edd.

248 1812 345 1843 Rom.
382 1811 477 1842 Med.
514 1812 601 1842 Ven.
640 1816 677 1841 et
709 1811 842 1851 Grypli.
887 1810 950 1842 Sed

243 1862 497 1903 proesidiisfirm.
513 1863 553 1892 ad
566 1862 673 1892 classis
687 1865 800 1902 recept.
845 1862 948 1893 Glau-

246 1911 386 1952 dorpius
405 1912 552 1943 volebat.

292 1969 327 1992 x.
351 1964 370 1991 8
395 1962 649 2002 Requirentibus]
683 1963 779 1993 Leid.
811 1972 879 1993 sec.
904 1963 949 1993 in-

245 2011 450 2053 quirentibus.
504 2012 560 2043 Ill.
600 2012 761 2043 Heinsius
799 2012 949 2052 conjecit

245 2062 492 2102 exquirentibus,
519 2062 694 2103 adscripto
724 2062 836 2094 Taciti
874 2063 948 2094 loco

244 2114 336 2147 Anu.
350 2125 400 2146 vr.
414 2119 444 2146 8.
469 2117 478 2132 ‘
494 2115 641 2147 Abditas
652 2115 814 2156 principis
829 2125 947 2146 sensus

244 2164 325 2195 et-si
349 2164 429 2205 quid
445 2165 613 2196 occultius
631 2171 728 2205 parat
744 2164 948 2206 exquirere!

245 2213 373 2244 Verum
405 2214 498 2244 nulla
534 2219 587 2245 est
623 2215 813 2245 mutatione
850 2223 945 2255 opus.

246 2262 374 2294 Confer
405 2269 503 2294 notas
534 2264 576 2294 ad
609 2273 673 2295 vu.
704 2267 757 2296 03.
781 2265 946 2296 ‘Caesaris

243 2313 490 2354 indulgentiam
505 2314 536 2344 in
555 2324 589 2345 se
603 2314 802 2356 requirunt.’

287 2365 308 2393 9
324 2363 442 2402 IlIagno
454 2367 536 2394 metu
551 2375 586 2394 ac
597 2364 732 2395 tristitia
741 2364 946 2395 sollicitaban-

240 2412 310 2453 tur]
325 2413 456 2443 Deesse
471 2422 585 2443 vocem
597 2414 945 2446 animadvertitJoan.

245 2461 489 2502 Glaudorpius,
505 2462 558 2492 cui
575 2462 800 2502 supplendum
818 2462 947 2502 placuit

241 2511 372 2552 proinde
384 2521 496 2551 mag-no
509 2513 662 2551 νωμᾷς.
708 2512 821 2551 Ipsam
842 2512 945 2543 Hirtii

243 2570 380 2592 manum
403 2561 540 2591 exhibet
560 2561 625 2591 Ms.
643 2562 748 2592 Not-v.
766 2571 784 2591 e
812 2571 878 2602 quo
895 2571 944 2592 re-

244 2611 439 2653 ponendum
456 2616 507 2643 est
523 2612 574 2652 qui
593 2623 704 2652 magno
723 2616 804 2643 metu
821 2623 857 2644 ac
870 2613 944 2644 tris-

243 2663 320 2694 titia
337 2662 594 2695 wuicitabamur.
632 2664 742 2694 Dat-is.
798 2664 873 2702 Qut,
889 2665 940 2703 850.

243 2712 294 2744 sic
319 2721 363 2744 ex
387 2713 453 2745 Ms.
479 2713 608 2745 Eliensi
635 2714 763 2754 optime
793 2714 945 2746 restituit

245 2763 415 2808 Davisius.
469 2762 539 2796 Alii
568 2773 684 2796 omues
710 2764 832 2796 omissa
859 2774 943 2797 voce

717 155 860 186 NOTAE
894 154 1158 186 VARIORUM
1195 154 1245 191 „IN

1005 252 1068 292 qui,
1093 251 1275 283 ediderunt
1299 250 1484 291 conscendit,
1512 249 1651 284 omnibu
1671 250 1707 285 in

1005 302 1143 333 exercita
1179 302 1504 341 insciis.--—Il!agno
1531 304 1626 342 metu,
1652 303 1706 342 &aa

1006 352 1107 384 Quod
1125 353 1221 384 valde
1244 353 1392 383 hiulcum
1409 357 1471 382 est.
1518 351 1594 383 Nisi
1616 350 1706 383 forte

1005 402 1139 441 placeat
1149 403 1288 434 Joauuis
1299 402 1449 433 Goduiui
1461 407 1495 432 et
1509 401 1649 433 Cellarii
1659 401 1706 434 iu-

1006 453 1203 492 terpunctio
1237 454 1422 484 conscendit.
1486 451 1638 483 Omnibus
1670 451 1706 484 in

1004 502 1143 532 exercitu
1187 502 1305 543 insciis,
1357 514 1468 543 magno
1515 507 1608 539 metu,
1652 504 1705 542 ἔμ’.

1003 552 1070 584 Sed
1087 557 1228 593 praestat
1239 553 1360 585 Lectio
1376 554 1572 586 Daris-iuna.
1598 553 1706 585 Clark.

1004 602 1089 633 Post
1105 604 1279 634 conscendit
1297 604 1429 644 plenam
1446 604 1705 635 distinctionem

1004 654 1099 693 posui
1116 664 1193 684 cum
1216 653 1304 684 Edd.
1330 654 1432 686 Vasc.
1458 654 1591 694 Gryph.
1616 659 1705 694 post.

1002 704 1119 744 steph.
1145 703 1299 745 aliisque.
1347 704 1410 739 Qui
1434 714 1453 734 a
1480 704 1620 734 librario
1648 703 1707 735 ad-

997 756 1132 795 jectum
1168 756 1316 794 videtur,
1354 755 1410 796 qui
1448 765 1513 785 uon
1545 754 1707 795 capiebat

1004 806 1109 837 Hirtii
1126 807 1263 847 stylum.
1312 806 1463 836 Omnibus
1487 806 1602 844 insciis,
1624 805 1706 836 solli-

1002 856 1196 892 citabantur;
1219 856 1346 887 dictum
1363 856 1509 895 videtur,
1530 866 1570 887 ac
1593 865 1708 895 omnes,

1001 916 1068 936 cum
1094 906 1185 936 inscii
1210 911 1321 946 essent,
1345 906 1602 938 sollicitabantur.
1647 906 1704 938 Sic

1004 957 1044 987 B.
1063 956 1163 987 Alex.
1186 967 1204 987 c
1219 960 1269 987 15.
1292 958 1300 972 ‘
1317 957 1382 987 His
1398 957 1500 997 pulsis
1515 958 1558 988 ad
1572 961 1704 998 portum

1003 1007 1295 1048 adplicaverunt?
1328 1007 1386 1038 ubi
1426 1008 1511 1038 Mss.
1545 1012 1582 1038 et
1619 1007 1705 1039 Edd.

1004 1057 1154 1088 nonnulli
1192 1057 1239 1088 111·
1264 1057 1358 1097 pulsi.
1411 1057 1498 1087 Vide
1528 1057 1574 1088 ibi
1608 1062 1705 1089 notas

1003 1117 1107 1146 meas,
1120 1111 1155 1138 et
1168 1107 1287 1138 dubito
1305 1107 1428 1145 adhuc,
1449 1117 1490 1137 un
1508 1107 1621 1137 malim
1649 1116 1707 1138 ex·

1003 1158 1132 1197 plicare
1149 1157 1198 1187 Hi
1219 1168 1287 1187 cum
1312 1157 1395 1197 pulsi
1419 1161 1516 1188 essent
1533 1158 1705 1197 adplicata-

1001 1209 1085 1236 runt.
1131 1206 1186 1237 Ita
1212 1207 1325 1236 solent
1355 1206 1469 1237 Caesar
1500 1211 1535 1236 et
1572 1207 1704 1238 Hirtius

1002 1255 1198 1286 Ablativum
1216 1265 1340 1294 ponere
1362 1255 1566 1295 absolutum,
1582 1256 1705 1288 omisso

1002 1306 1110 1345 verbi,
1137 1305 1226 1346 quod
1253 1305 1482 1345 subjungitur,
1511 1315 1591 1337 casu
1628 1315 1705 1347 pro-

1002 1356 1096 1396 prio,
1119 1363 1157 1387 ut
1185 1357 1337 1396 pluribus
1368 1357 1542 1388 docuimus
1569 1356 1611 1388 ad
1636 1366 1703 1389 vu.

1001 1410 1032 1437 4.
1057 1408 1283 1438 ‘Convocatis
1313 1407 1494 1439 clientibus
1524 1406 1625 1440 facile
1654 1408 1704 1439 in-

1002 1457 1143 1488 cendit.’
1191 1458 1265 1488 Nec
1293 1468 1358 1489 uon
1389 1458 1457 1489 alii.
1501 1458 1645 1490 Sueton.
1669 1459 1704 1493 in

1000 1509 1075 1540 Tib.
1103 1519 1134 1539 c.
1165 1512 1216 1540 31.
1240 1510 1248 1525 ‘
1267 1509 1398 1540 Iterum
1429 1514 1605 1550 censente,
1638 1512 1704 1542 &c-

1001 1559 1156 1591 obtiuere
1194 1568 1259 1589 non
1298 1559 1431 1599 potuit!
1476 1558 1581 1600 Apul.
1614 1559 1703 1592 Met.

1000 1610 1021 1640 l.
1040 1618 1094 1640 ιιι.
1113 1619 1145 1649 p.
1163 1613 1216 1640 51.
1240 1610 1249 1626 ⁴
1265 1619 1317 1639 me
1334 1609 1509 1650 loquente,
1535 1611 1600 1640 Sec.
1628 1620 1705 1651 pro-

1001 1660 1103 1691 ducit'
1133 1669 1180 1690 sc.
1204 1669 1263 1690 me.
1308 1658 1376 1690 Adi
1402 1660 1490 1690 viros
1516 1660 1636 1692 doctos
1659 1660 1703 1692 ad

1000 1710 1090 1742 Just.
1122 1719 1161 1741 11.
1185 1713 1216 1741 3.
1247 1719 1329 1741 vm.
1354 1713 1383 1740 5.
1413 1719 1464 1742 x1.
1488 1713 1518 1742 7.
1543 1711 1552 1727 ‘
1571 1711 1703 1744 Iterato

1001 1760 1247 1803 quaerentibus,
1278 1766 1343 1791 xc.
1365 1761 1559 1802 jubentur!
1598 1761 1702 1804 Apul.

999 1811 1021 1841 l.
1039 1819 1075 1842 x.
1093 1821 1127 1851 p.
1144 1814 1218 1843 218.
1265 1811 1328 1843 Ed.
1345 1811 1437 1844 Prie.
1455 1812 1607 1844 ‘senione
1624 1812 1703 1844 ado-

1000 1867 1098 1892 rante
1136 1862 1277 1902 placuit.
1317 1866 1352 1893 et
1382 1862 1484 1893 itur:'
1517 1862 1581 1894 nisi
1605 1863 1701 1895 malis

995 1913 1128 1952 placuit,
1173 1914 1281 1944 iretur.
1364 1913 1496 1944 Petrou
1559 1924 1588 1946 c.
1627 1917 1701 1947 11³.

999 1963 1008 1978 ‘
1022 1962 1257 1994 Erubescente
1274 1963 1468 2003 Tryphaena
1484 1964 1624 2004 vultum,
1636 1966 1701 1997 &a

999 2012 1112 2052 posuit
1129 2012 1148 2042 :'
1173 2012 1230 2043 ubi
1246 2012 1324 2043 vide
1341 2013 1393 2044 Cl.
1410 2013 1527 2044 Burm.

1045 2062 1210 2103 Tristitia]
1263 2063 1363 2093 Voss.
1407 2063 1491 2095 Cod.
1534 2069 1569 2095 et
1609 2064 1700 2097 Edd.

999 2112 1094 2143 Med.
1107 2122 1145 2143 ac
1162 2113 1249 2143 Vcn.
1263 2113 1359 2144 tristi.
1381 2115 1463 2145 Lcid
1480 2124 1548 2146 sec.
1563 2116 1700 2148 testimo-

997 2163 1061 2193 nia.
1120 2162 1168 2193 At
1198 2163 1321 2203 scalig.
1352 2164 1450 2196 Leid.
1488 2175 1540 2205 pr.
1571 2167 1699 2200 Lovan.

998 2217 1034 2243 et
1074 2213 1218 2243 Dorvill.
1257 2213 1459 2247 tristimonio.
1515 2215 1570 2247 De
1603 2217 1699 2258 cujus

996 2262 1152 2294 lectionis
1167 2263 1312 2294 veritato
1335 2273 1403 2294 non
1427 2264 1567 2303 dubit03
1592 2270 1628 2298 ut
1655 2266 1697 2297 ab

996 2312 1079 2344 acris
1093 2317 1146 2343 est
1160 2312 1340 2352 acrimonia,
1364 2313 1411 2344 sic
1440 2323 1459 2344 a
1481 2315 1599 2356 tristis,
1623 2316 1698 2347 tris·-

995 2363 1134 2394 timom'a.
1180 2365 1320 2396 Na‘vius
1346 2365 1579 2397 Tristimoniam
1592 2368 1698 2399 detur-

995 2413 1048 2444 bat
1075 2424 1114 2444 ex
1139 2415 1254 2448 animo.
1287 2420 1323 2445 ut
1346 2416 1430 2446 citat
1461 2415 1622 2449 Scheffer.
1652 2417 1696 2448 ad

996 2463 1138 2494 Petrou.
1163 2465 1271 2505 Satyr.
1303 2475 1332 2495 c.
1364 2468 1417 2496 63.
1441 2467 1451 2483 ‘
1468 2467 1513 2497 Et
1537 2477 1596 2498 nos
1625 2471 1696 2499 tum

996 2514 1111 2554 plures
1138 2514 1171 2544 in
1203 2515 1406 2546 tristimonio
1432 2526 1580 2548 essemus
1593 2517 1614 2549 :’
1638 2517 1696 2549 ubi

994 2564 1082 2594 idem
1105 2565 1186 2603 legit
1201 2565 1401 2597 tristimonia.

1039 2617 1074 2644 ll
1103 2615 1225 2654 (opius,
1240 2619 1267 2645 et
1281 2615 1338 2646 ins.
1351 2616 1432 2656 nah]
1450 2616 1696 2657 Reponendum

994 2665 1058 2695 nisi
1075 2664 1182 2703 fallor,
1204 2668 1310 2695 cantra
1327 2675 1455 2705 magnas
1468 2668 1572 2707 copias
1583 2667 1694 2698 insidi-

993 2724 1054 2744 osoe
1082 2715 1229 2751 nationis,
1258 2715 1375 2746 deleta
1405 2717 1539 2757 copula.
1575 2716 1692 2749 Damio.

993 2774 1063 2797 cur.
1079 2775 1148 2797 sec.
1193 2766 1237 2796 Et
1254 2770 1353 2798 notat
1374 2770 1404 2798 et
1420 2767 1694 2809 quidemfflroeaeen
