1850 3109
228 185 340 228 1578

227 289 317 322 idem
353 298 487 331 prorsus
521 294 629 330 sonat,
664 294 699 321 et
735 290 783 331 (ni
814 287 928 330 fallor)

228 342 345 381 paullo
357 343 456 372 etiam
474 346 523 372 est
540 341 742 381 elegantius.
769 340 878 370 Clark.

272 394 312 422 18
335 392 373 422 In
388 392 450 432 his]
494 391 547 421 An
573 392 675 431 igitur
696 393 840 420 veterana
856 390 928 420 haec

229 441 318 481 legio
334 441 398 472 fuit
416 453 433 471 υ
450 443 582 472 tironum
602 440 814 480 legionibus?
861 440 930 470 Ab·

228 492 378 523 surdum.
406 494 495 530 Lege
514 500 587 522 cru
608 499 666 521 ms
685 491 930 529 l'eteranalegio

229 552 261 573 v.
289 543 396 574 Daris.
415 553 567 573 cuiusce.
614 542 671 571 Nil
697 546 800 572 muta.
834 541 930 572 Inter

229 592 287 622 has
303 592 450 632 legiones
467 593 601 622 tironum
618 596 692 623 erat
718 592 819 622 etiam
843 592 929 623 Vete—

228 652 306 672 rana
321 643 409 682 legio
427 652 473 679 xx,
489 644 508 672 i.
526 652 555 673 e.
573 653 639 673 cum
656 642 714 672 his.

272 702 312 724 11.
336 697 355 724 4
378 694 588 734 Aponianam]
631 693 797 723 Paconium
815 692 930 732 legen-

230 742 309 774 dum
326 749 465 774 censent
482 743 696 773 Rhellicauus
713 748 747 773 et
764 742 930 772 Glandor-

232 793 307 834 pius
335 803 374 824 ac
403 794 613 824 ciacconius.
659 792 726 823 Sed
756 793 840 823 bene
868 793 930 823 viri

231 844 325 875 docti
355 843 549 879 observant,
580 852 652 873 eam
688 843 796 873 videri
835 842 931 872 nimis

230 893 330 933 longe
348 900 510 924 remotam
536 903 555 923 a
581 892 743 932 Lilyba‘o,
760 898 795 923 et
818 902 932 922 versus

231 944 445 975 occidentem
474 944 608 983 Sicilia’,
637 943 746 973 miuus
772 947 933 982 opportu-

230 1003 306 1024 nam
332 993 436 1024 fuisse
455 992 617 1023 Africano
641 993 773 1023 Itineri.
820 992 933 1024 Quare

231 1044 287 1075 alii
301 1050 337 1076 et
352 1045 385 1075 in
410 1045 457 1075 his
485 1044 528 1075 N.
547 1044 708 1074 Heinsius
723 1044 873 1083 AEgusam
890 1043 932 1073 ab

232 1095 350 1126 Hirtio
374 1096 520 1135 intelligi
546 1095 703 1126 credunt.
751 1095 837 1125 Vide
857 1095 933 1126 Clu—

231 1147 362 1178 verium
386 1147 419 1177 in
445 1146 563 1177 Sicilia
585 1155 626 1176 11.
645 1149 695 1175 15.
742 1145 932 1175 Rhellicani

233 1202 348 1229 tamen
365 1198 585 1238 conjecturae,
612 1206 711 1237 quam
739 1196 772 1226 iu
800 1201 932 1227 textum

233 1248 366 1288 recepit
394 1248 598 1287 Stephanus,
628 1246 723 1277 favet
759 1246 934 1277 Leidensis

232 1298 332 1337 primi
348 1298 519 1338 scriptura
533 1297 739 1337 Aponom'am.

278 1347 357 1383 Quae
386 1358 443 1378 uon
471 1348 555 1378 abest
585 1358 603 1378 a
630 1347 782 1388 Lilyboeo]
826 1347 937 1379 Abest

235 1398 404 1439 particula
419 1399 580 1437 negativa
604 1407 623 1428 a
648 1398 716 1428 Ms.
735 1398 876 1429 Norvic.
901 1403 937 1429 et

234 1448 308 1479 aliis
340 1449 527 1485 nonnullis;
563 1448 659 1479 editt.
691 1453 804 1478 autern
836 1448 934 1479 Rom.

234 1499 320 1530 Ven.
337 1499 502 1529 exhibent
518 1509 584 1538 quae
598 1501 643 1529 est
659 1509 677 1528 a
693 1498 842 1539 Lilyboeo.
875 1499 938 1529 Be-

235 1550 342 1581 roald.
380 1551 548 1590 vulgatam
591 1549 772 1579 lectionem
811 1553 938 1588 servat,

237 1599 328 1630 uude
350 1609 466 1630 vocem
484 1600 600 1629 deesse
617 1598 814 1630 existimans
837 1598 936 1630 Joan.

237 1650 479 1691 Glandorpius‚
495 1650 666 1688 rescribit,
682 1660 749 1689 quae
764 1660 822 1680 non
838 1650 938 1690 longe

236 1701 320 1732 abest
336 1713 355 1732 a
370 1701 516 1742 Linboeo.
562 1701 774 1732 Crediderim
792 1700 939 1741 Aponia-

238 1761 291 1782 nae
323 1751 521 1783 distantiam
555 1761 573 1782 a
604 1751 754 1792 Lilybaeo
784 1751 844 1782 sub
876 1752 940 1782 ista

237 1803 358 1833 vocula
371 1803 495 1833 latere:
520 1811 647 1842 repono
661 1801 776 1843 itaque
791 1811 857 1842 quoe
873 1801 939 1832 duo

237 1852 343 1883 millia
359 1852 444 1883 abest
460 1863 478 1883 a
494 1852 642 1892 Lilybaeo.
688 1852 744 1883 Sic
761 1852 848 1893 apud
867 1853 941 1883 Cel-

240 1913 311 1934 sum
338 1913 371 1943 p.
394 1906 468 1934 214.
493 1904 619 1943 legitur
641 1903 842 1944 ‘postquam
861 1912 939 1934 vero

239 1964 297 1984 sex
316 1954 466 1994 integras
483 1954 645 1993 legiones,
658 1963 775 1993 nonque
787 1954 940 1994 equitum

237 2003 416 2035 advenisse
431 2003 612 2044 cognovi&
632 2003 688 2034 ubi
704 2004 940 2044 corrigendum

239 2055 298 2085 duo
313 2054 481 2094 milliaque,
497 2059 533 2085 ut
551 2063 593 2085 ex
608 2054 673 2084 hoc
691 2054 806 2094 capite
821 2053 939 2094 liquet.

240 2105 357 2135 Primo
371 2104 534 2145 scriptum
547 2109 619 2135 erat
634 2113 661 2135 11
676 2105 726 2134 M.
739 2105 827 2145 quod
839 2103 940 2135 facile

241 2154 275 2185 in
304 2164 365 2185 non
393 2159 568 2186 mutarunt
602 2155 751 2195 imperiti
784 2155 940 2186 Librarii.

240 2205 327 2236 Cum
358 2209 470 2235 tamen
499 2206 590 2236 inter
624 2205 845 2245 Geographos
874 2216 941 2236 nou

240 2255 429 2295 conveniat,
445 2265 519 2296 quae
536 2255 581 2286 sit
595 2255 666 2286 haec
680 2254 870 2295 Aponiana,
887 2266 941 2287 res

241 2305 275 2336 in
286 2306 418 2337 incerto
429 2311 483 2337 est
494 2305 723 2346 relinquenda.
736 2306 845 2337 Daris.
862 2306 943 2341 Quae

241 2365 307 2386 non
329 2356 430 2395 longe
453 2356 568 2386 «besta
583 2355 732 2396 Lilybaeo.
778 2357 942 2397 Primum,

243 2406 277 2436 in
294 2406 450 2436 omnibus
467 2407 548 2437 Mss.
564 2406 662 2436 deest
676 2416 741 2436 vox
753 2406 820 2443 illa,
834 2407 943 2445 longe,-

245 2466 345 2498 quam
363 2465 405 2486 ex
431 2456 630 2495 conjectura
649 2456 850 2496 adjecerunt
867 2458 943 2488 Clu-

243 2506 359 2537 verius
375 2511 411 2537 et
428 2506 666 2547 Glandorpius.
702 2508 851 2539 Proinde
866 2509 945 2539 sca-

243 2556 331 2597 liger
346 2561 382 2587 et
398 2555 625 2588 Recentiores
640 2557 831 2597 ediderunt,
855 2560 943 2599 quod

247 2611 299 2637 est
327 2607 360 2637 in
388 2607 455 2638 Ms.
473 2607 581 2648 Regio
605 2608 760 2649 aliisque,
786 2619 852 2648 quoe
878 2603 944 2640 non

248 2657 332 2687 abest
348 2668 367 2687 a
380 2657 536 2697 Lilyboeo:
559 2658 616 2699 qui
631 2663 742 2689 tamen
764 2668 880 2690 sensus
895 2664 947 2691 est

249 2707 370 2738 nullus.
414 2707 481 2738 Alii
507 2707 623 2748 itaque
648 2708 804 2747 Codices
825 2709 948 2740 omissa

247 2758 416 2799 particula
452 2758 624 2799 negativa,
662 2758 845 2798 exhibent3
882 2770 949 2800 qua:

696 196 836 226 No'rAE
870 195 1132 227 VARIORUM
1169 197 1219 227 IN

977 290 1063 321 abest
1077 290 1136 332 (al.
1161 301 1228 332 quae
1253 290 1314 331 est)
1339 301 1357 322 a
1386 289 1533 332 Lilybeo.
1578 286 1676 324 Quod

979 341 1100 380 probat
1139 341 1378 373 Rhellieanus:
1418 342 1678 382 interpretatur·

980 401 1058 432 que,
1072 403 1138 432 quae
1152 394 1293 431 (insula)
1308 403 1364 423 non
1379 393 1538 431 conjuncta
1553 395 1597 423 est
1611 394 1679 422 cuni

980 444 1208 481 promontorio
1235 443 1383 484 Lilyleaeo.
1428 443 1569 481 Verum,
1596 451 1681 482 prae·

981 497 1135 532 terquam
1165 493 1256 533 qnod
1289 494 1404 533 inepte
1435 492 1615 523 admodum
1645 491 1680 521 id

979 547 1069 573 esset
1082 542 1124 573 ab
1143 543 1258 574 Hirtio
1273 543 1458 583 adjectum,
1473 543 1602 574 insulam
1613 551 1682 572 cum

977 593 1184 633 promontorio
1197 602 1255 622 non
1270 602 1333 623 esse
1346 594 1537 631 conjunctam
1545 604 1555 629 ;
1571 601 1682 634 neque

980 645 1062 676 illud
1079 646 1230 687 (opinor)
1246 646 1454 686 persuaserit
1477 646 1539 675 vir
1557 645 1684 676 doctis-

980 696 1092 729 simus.
1118 706 1236 727 vocem
1267 696 1382 734 abesse,
1410 704 1450 725 eo
1481 693 1683 734 significatu,

982 747 1064 777 satis
1087 746 1207 776 Latine
1234 745 1400 785 usurpari.
1447 743 1596 775 Omnino
1624 744 1686 774 ita·

982 806 1047 837 que
1079 796 1338 836 pulcherrimam
1369 800 1403 826 et
1438 796 1538 834 plane
1569 803 1684 825 veram

983 847 1118 877 tandem
1156 847 1314 877 existimo
1346 843 1479 877 Davisii
1513 845 1686 885 conjectu-

983 907 1075 934 ram;
1100 897 1169 937 qui,
1193 906 1236 927 ex
1261 897 1345 927 Mss.
1373 896 1423 935 iis,
1446 897 1503 936 qui
1520 895 1683 926 exhibent

983 958 1050 987 quoe
1070 956 1137 977 non
1152 946 1237 977 abest
1253 957 1271 977 a
1289 945 1447 986 Lityboeo;
1470 945 1566 976 initio
1583 945 1688 985 scrip-

984 1002 1053 1027 tum
1071 1001 1182 1037 putat,
1205 1006 1272 1037 qua>
1289 1005 1316 1026 11
1334 1004 1374 1026 Μ.
1390 995 1476 1026 abest
1497 1006 1516 1025 a
1533 995 1689 1035 Lilybaeo,-

983 1048 1046 1078 hoc
1071 1051 1133 1083 est,
1159 1057 1227 1087 quae
1255 1047 1324 1077 Duo
1351 1047 1455 1077 Millia
1477 1047 1547 1087 (vel
1569 1046 1688 1078 duobus

984 1097 1144 1138 Millibus)
1166 1097 1250 1128 abest
1265 1108 1284 1127 a
1300 1097 1451 1137 Lilybaeo.
1497 1098 1601 1128 Certe
1617 1106 1688 1127 eas-

985 1149 1060 1179 dem
1093 1157 1204 1186 voces,
1227 1149 1286 1177 duo
1314 1147 1422 1184 millia,
1447 1156 1519 1185 nm,
1547 1152 1581 1178 et
1609 1147 1688 1178 alibi

985 1198 1104 1229 eadem
1122 1198 1341 1237 corruptione
1356 1198 1388 1227 in
1405 1207 1522 1228 vocem
1546 1206 1604 1227 non
1619 1206 1692 1227 mu-

985 1254 1084 1286 tatas,
1116 1248 1341 1279 eruditissime
1377 1247 1540 1279 ostendit.
1581 1249 1689 1279 Clark.

987 1299 1059 1329 Non
1082 1298 1170 1328 haud
1195 1301 1371 1337 comparet
1397 1297 1430 1327 in
1455 1298 1538 1328 Mss.
1566 1298 1688 1328 Petav.

984 1350 1073 1379 Scal.
1092 1348 1190 1379 Voss.
1208 1348 1303 1378 Leid.
1322 1357 1374 1388 pr.
1391 1346 1479 1378 Edd.
1498 1347 1614 1388 primis
1640 1347 1690 1388 (in

987 1399 1108 1440 quibus
1137 1399 1238 1429 modo
1269 1409 1336 1438 quoe
1359 1398 1419 1438 est)
1448 1398 1527 1429 item
1551 1398 1690 1429 Vascos.

988 1449 1148 1489 Stephan.
1173 1449 1304 1489 Gryph.
1323 1453 1410 1488 post.
1435 1448 1503 1479 Str.
1541 1448 1611 1479 Sub
1635 1458 1692 1479 vo-

989 1500 1064 1530 cula
1081 1509 1139 1529 mm
1157 1504 1267 1529 tamen
1285 1508 1360 1529 cum
1378 1499 1456 1529 viris
1473 1498 1593 1536 doctis,
1609 1508 1692 1539 quos

990 1550 1078 1580 iuter
1105 1550 1319 1588 Ciacconius,
1342 1550 1478 1580 omnino
1504 1556 1620 1590 putem
1646 1551 1693 1581 la·

990 1605 1063 1631 tere
1082 1601 1311 1639 intervallum,
1324 1605 1487 1640 quantum
1501 1600 1610 1631 insula
1625 1600 1694 1632 ista

991 1660 1010 1681 a
1027 1650 1179 1690 Lilybaeo
1204 1650 1319 1681 distet.
1345 1651 1412 1681 131.
1429 1651 1502 1681 vult
1520 1650 1694 1692 Heinsius,

991 1700 1081 1732 inuui
1103 1699 1246 1730 credens
1263 1699 1434 1740 AEgusam.

1035 1754 1052 1779 5
1078 1750 1184 1789 Ibique
1200 1751 1414 1791 comnwratns]
1457 1751 1524 1782 Ms.
1554 1751 1694 1783 Norvic.

990 1800 1093 1831 habet
1122 1801 1186 1840 ipse
1219 1811 1330 1840 parum
1365 1805 1584 1838 commoratu-⁹5
1621 1811 1694 1833 cor-

991 1856 1092 1891 rupte
1124 1851 1272 1892 quidem,
1309 1852 1358 1882 ita
1390 1856 1516 1893 tamen,
1549 1856 1599 1892 ut,
1629 1852 1693 1883 nisi

988 1900 1098 1941 fallor,
1115 1911 1155 1932 ex
1173 1912 1212 1933 eo
1237 1912 1302 1933 vox
1326 1901 1471 1943 fugitiva
1488 1903 1601 1934 Hirtio
1617 1912 1694 1944 pos·

992 1952 1035 1982 sit
1052 1952 1196 1982 restitui.
1244 1953 1396 1983 Emendo
1413 1954 1501 1985 euim
1518 1954 1619 1993 ibique
1635 1963 1694 1994 pa—

992 2012 1064 2033 rum
1092 2007 1302 2034 commoratus.
1326 2004 1436 2035 Daris.
1482 2004 1561 2044 Ipse
1582 2014 1696 2044 parum

991 2057 1205 2085 commoratus.
1245 2054 1372 2084 Vocem
1403 2063 1526 2093 parum,
1561 2063 1638 2095 quae
1662 2054 1695 2084 in

992 2103 1066 2133 aliis
1083 2102 1251 2142 defuerat,
1267 2103 1395 2143 optime
1413 2113 1455 2133 ex
1482 2104 1549 2134 Ms.
1568 2103 1695 2134 Elieusi

993 2152 1142 2183 restituit
1173 2152 1342 2183 Davisius.
1399 2153 1527 2183 Verum
1556 2162 1633 2184 cum
1660 2157 1696 2184 et

992 2203 1157 2243 reliquam
1185 2208 1221 2233 et
1247 2212 1361 2233 veram
1388 2203 1696 2245 Lectionem,1pse

989 2263 1100 2294 parum
1116 2257 1330 2293 commoratus,
1341 2254 1520 2285 exhiberet
1535 2254 1625 2285 idem
1641 2263 1698 2285 co·

993 2304 1080 2342 dex;
1106 2314 1167 2335 cur
1183 2304 1282 2341 hanc,
1299 2309 1460 2345 tanquam
1487 2309 1704 2346 corruptam,

993 2354 1152 2394 rejicere,
1167 2357 1201 2384 et
1223 2353 1396 2393 vulgatam
1418 2354 1509 2384 illam
1526 2354 1633 2395 Ibique
1653 2372 1696 2377 —

993 2406 1209 2434 commoratus.
1245 2404 1395 2434 retinere
1441 2404 1598 2434 maluerit
1633 2404 1696 2435 Vir

995 2454 1221 2493 doctissimus,
1257 2453 1412 2493 equidem
1445 2454 1602 2494 augurari
1639 2464 1699 2486 ne-

995 2514 1092 2544 queo.
1140 2503 1227 2534 Nam
1244 2508 1279 2534 et
1295 2512 1411 2534 sensus
1437 2503 1616 2535 admodum
1644 2508 1697 2536 est

995 2553 1207 2593 manifestus,
1230 2558 1265 2584 et
1281 2553 1469 2585 Antithesis
1491 2555 1699 2596 elegantissi-

996 2615 1062 2635 ma.
1110 2604 1261 2642 Major-em
1281 2608 1403 2645 partem
1430 2606 1554 2637 narium
1579 2610 1701 2638 antece·

997 2658 1068 2687 dere
1080 2655 1196 2695 jussit,
1209 2660 1244 2686 et
1257 2655 1398 2685 insulam
1416 2662 1534 2696 petere
1553 2656 1699 2697 Aponia-

999 2717 1094 2745 uam;
1111 2715 1200 2746 1PSE,
1214 2706 1352 2746 Lilybaei
1366 2717 1477 2747 parum
1488 2710 1702 2747 commoratus,

999 2764 1052 2798 cicc.
1098 2758 1283 2798 Vulgatum
1310 2762 1424 2789 autem
1455 2757 1551 2799 illud,
1582 2756 1700 2798 Ibique,
