1850 3109
236 192 358 233 1496

234 294 369 327 millibus
384 296 536 336 ducentis,
552 301 655 338 atque
678 297 717 328 ab
739 299 869 336 octaris,
884 301 937 338 eye.

679 203 818 234 No'rAE
854 203 1115 235 vAssloRUM
1151 203 1198 232 IN

990 298 1023 329 id
1051 297 1187 339 quidem
1222 298 1304 328 satis
1340 297 1509 338 placebat,
1546 298 1694 338 reposui,

235 345 345 378 Quam
373 346 507 377 demum
537 357 648 378 veram
677 356 750 378 esse
781 349 939 379 existimo
982 348 1154 387 frumento,
1176 353 1269 387 reste,
1283 349 1425 387 armillis,
1439 347 1567 378 militar.
1593 348 1694 379 donis.

234 395 429 428 lectionem.
471 398 577 428 Clark.
620 398 704 429 Cum
727 398 834 437 Regio
859 397 940 428 t'acit

234 445 334 477 Leid-
348 456 417 477 sec.
436 447 508 485 sed,
524 453 562 478 ut
575 448 708 487 opinor,
720 447 938 487 interpolate.

237 494 325 527 Edd.
358 496 453 528 Vett.
481 506 588 537 usque
619 497 660 528 ad
690 497 940 537 Scaligeranam

234 545 398 578 exhibent
422 546 548 577 donavit
569 547 693 578 utilibus
714 547 854 579 ducentis
867 548 941 578 (εντ’,

232 595 306 635 (vel
319 606 378 627 αν.
392 596 486 636 duc.)
501 599 592 637 alque
610 597 659 628 ab.
707 597 851 628 Ursinus
874 603 939 628 tes—

236 650 328 676 tatur
343 645 376 676 in
399 656 459 678 suo
477 647 604 679 Codice
632 657 705 679 esse
729 649 875 679 donatum
893 649 940 679 M.

233 696 370 727 «incentis
393 697 431 728 ab
457 700 518 728 oct.
566 703 604 729 nt
637 698 745 730 edidit
772 699 939 731 Clarkius.

234 746 301 777 Sed
321 747 440 788 reliqui
453 748 535 779 Mss.
551 749 615 780 mei
630 750 784 790 praebent
796 752 941 781 donatum

233 805 274 827 m.
290 798 357 827 duc.
374 797 479 838 (solus
495 799 568 829 aeris
589 798 685 830 addit
708 800 834 841 Bong.)
849 804 942 840 atque

233 847 271 878 ab
295 852 354 878 oct.
370 850 436 880 ord.
472 849 524 880 An
548 852 695 882 domatum
720 852 779 882 icit
804 852 940 893 reliquit

236 898 374 928 Caesar?
407 898 459 929 Au
479 910 558 931 vero
573 901 781 931 constructio
805 907 856 932 est
869 912 940 941 peo-

233 948 391 979 nunciarit
407 950 567 986 «leuatum,
591 956 629 980 ut
653 955 688 981 et
712 951 843 981 scilicet
869 961 942 990 pro-

236 998 420 1036 nunciavit,
456 1010 487 1030 se
525 1002 736 1039 transducere,
770 1001 845 1040 lya?
882 1002 941 1032 scd

236 1049 347 1088 potius
365 1051 457 1080 ulcus
482 1052 590 1082 lutere
618 1057 702 1093 puto
730 1053 763 1083 in
780 1054 824 1091 τῷ
839 1058 938 1093 atque.

237 1099 387 1132 Videant
405 1103 584 1134 acutiores,

281 1152 320 1181 15
350 1151 565 1194 Primipilum]
599 1154 683 1184 Cum
709 1153 837 1185 Primus
861 1155 945 1194 pilus

239 1201 322 1231 ordo
349 1202 404 1240 sit,
432 1203 617 1243 I'rimipilus
643 1204 670 1234 is
701 1204 757 1244 qui
789 1205 943 1236 ordinem

240 1251 354 1289 ducit;
384 1262 493 1283 sermo
518 1259 630 1284 autem
655 1254 709 1284 iiic
734 1254 789 1291 sit,
813 1264 878 1285 non
902 1255 944 1286 de

237 1303 385 1342 homine,
403 1303 462 1334 sed
478 1303 520 1334 de
533 1305 672 1341 ordiue;
696 1306 815 1335 merito
830 1306 946 1336 existi-

237 1359 331 1384 mant
346 1353 409 1384 viri
426 1353 614 1385 doctissimi
629 1354 736 1385 Aldus
762 1356 948 1395 Mannum,

238 1408 275 1434 et
294 1403 473 1442 Cellarius‚
491 1404 745 1435 rescribendum
763 1404 817 1436 hic
833 1415 875 1436 ex
889 1416 945 1436 an-

241 1453 336 1493 tiquo
354 1453 481 1484 Codice
496 1456 535 1484 ad
544 1454 679 1494 primum
693 1455 803 1495 pilum.
837 1457 945 1487 Clark.

237 1503 293 1534 Sic
307 1509 341 1534 et
354 1504 510 1535 Cim-con.
537 1505 616 1545 lpse
630 1506 793 1537 Centurio
805 1512 946 1538 vocatur

232 1554 355 1595 primus
375 1554 467 1594 pilus,
489 1555 585 1594 primi
605 1556 700 1595 pilus,
721 1560 756 1586 et
782 1557 945 1596 primipili.

239 1604 326 1635 Vide
351 1604 392 1635 ad
418 1605 458 1636 B.
476 1606 520 1636 G.
545 1608 654 1636 11.2.3.
693 1605 760 1636 Sed
782 1615 824 1636 au
850 1607 946 1637 Ordo

239 1655 353 1685 vocari
383 1655 490 1694 possit
519 1656 697 1696 primipilus
727 1665 788 1695 pro
815 1657 946 1696 primus-

232 1704 329 1744 pilus‚
364 1704 496 1735 dubito.
552 1705 623 1735 Mei
657 1710 769 1736 tamen
799 1706 944 1737 Codices

237 1755 405 1785 mordicus
423 1754 456 1785 id
474 1755 636 1786 retinent.
683 1755 805 1787 Posset
822 1757 945 1797 conjici

235 1804 418 1845 legendum
444 1806 483 1835 ad
504 1805 602 1845 primi
623 1806 684 1845 pili
707 1815 752 1837 sc.
779 1806 945 1839 ordinem.

235 1855 303 1885 Sed
335 1854 404 1886 fors
429 1856 608 1895 primipilus
635 1866 695 1896 pro
724 1857 796 1896 ipso
828 1857 945 1888 ordine

236 1906 386 1946 ponitur,
415 1912 451 1936 ut
479 1908 622 1946 princeps
648 1911 683 1936 et
717 1908 858 1937 hastatus
886 1917 945 1948 pro

238 1955 304 1987 illis
315 1956 491 1987 ordinibus
508 1961 705 1986 sumuntur:
735 1958 823 1987 unde
836 1959 945 1988 (lucere

236 2006 407 2046 principem
421 2007 511 2047 apud
533 2008 743 2039 Ciceronem.
768 2008 835 2039 Adi
854 2009 944 2049 Lips.

240 2056 282 2087 de
299 2057 373 2087 Mil.
392 2057 413 2087 l.
431 2065 468 2087 11.
488 2056 567 2087 dial.
584 2060 614 2087 8.

281 2109 321 2137 18
349 2107 529 2146 Frumento,
546 2108 592 2137 rel
613 2107 774 2147 spei-iuriis
797 2107 943 2138 militm-i-

237 2155 348 2196 busque
357 2157 443 2187 (louis
453 2157 639 2197 mnpli-zsime
651 2158 792 2198 donavit]
820 2158 944 2189 Locum

238 2205 462 2246 depravatum
481 2207 685 2247 jampridem
713 2209 830 2248 ingens
854 2210 946 2240 criti-

239 2266 353 2287 corum
397 2257 500 2288 turba
545 2256 730 2288 infeliciter
776 2259 943 2290 tentavit:

239 2306 409 2337 Victorius
425 2306 596 2345 frumento,
622 2311 703 2338 reste
725 2308 847 2339 diariis.
884 2309 947 2340 Cu-

236 2356 348 2396 jacius
358 2356 519 2393 frumento
537 2362 618 2388 veste
640 2358 774 2389 cibarii-3.
813 2359 948 2390 Ellebo-

244 2405 318 2436 dius
349 2406 521 2446 frumento,
549 2409 715 2439 vestiarii&
771 2408 853 2448 Alii,
872 2409 946 2447 sru-

240 2460 354 2496 mento,
361 2458 560 2497 speciosisque
570 2459 643 2488 aliis
655 2459 842 2490 militaribus
850 2461 946 2491 (lonis.

242 2507 370 2538 Omnes
395 2507 595 2538 tantundem
613 2507 744 2547 dixere,
762 2513 797 2540 ct
817 2509 946 2540 Caesar-

244 2567 296 2588 em
321 2567 363 2588 ex
380 2568 494 2589 eorum
513 2563 626 2588 niente
644 2559 819 2599 scripsisse
836 2560 946 2591 nullus

241 2607 421 2648 affirmare,
450 2608 541 2649 quod
579 2608 695 2649 sciam,
722 2610 822 2648 ausit,
849 2616 946 2641 certo

242 2659 384 2701 probare
415 2659 581 2700 nequibit.
629 2661 701 2701 Ego
725 2661 834 2700 primo
858 2661 946 2702 lege-

241 2709 339 2740 bam:
359 2708 532 2749 frumento,
555 2709 652 2740 haseio
673 2710 773 2750 puris,
798 2711 943 2742 militari-

241 2761 293 2790 bus
317 2761 402 2792 donis
425 2761 611 2801 amplissime
627 2762 763 2793 donarit.
810 2762 876 2793 Ubi
902 2773 942 2794 ne

994 398 1080 428 Nam
1111 398 1258 428 armillas
1282 398 1384 429 etiam
1413 399 1509 429 datas
1535 399 1615 429 totis
1641 408 1696 429 co-

990 446 1142 478 hortibus
1159 457 1201 477 ex
1226 448 1321 479 Livio
1339 449 1476 488 probari
1495 453 1621 489 potest,
1639 449 1694 489 qui

991 496 1040 527 uit
1059 497 1082 527 Ι.
1100 505 1135 528 x.
1158 499 1166 513 ‘
1184 502 1329 537 quatuor
1345 500 1572 535 centuriones,
1594 498 1696 529 mani-

991 547 1172 588 pulumque
1193 548 1416 588 hastatorum,
1437 551 1575 581 armillis
1603 559 1696 581 aure-

991 597 1088 638 isque
1120 597 1252 629 coronis
1288 598 1412 631 donat!
1460 600 1527 630 Sed
1559 601 1696 641 egregia

991 653 1069 679 sunt
1091 648 1230 679 Zonarae
1257 649 1363 679 verba
1385 651 1482 681 Tom.
1508 660 1547 681 ιι.
1575 651 1696 682 Annal.

993 699 1048 738 qui
1087 699 1256 738 percursis
1297 700 1452 730 omnibus
1494 701 1697 731 militaribus

992 748 1101 788 donis,
1128 749 1264 780 taudem
1292 749 1350 785 ait,
1377 750 1428 780 καὶ
1451 750 1486 780 οὐ
1512 750 1580 780 κατ’
1605 750 1698 791 ἄνδρα

990 798 1083 837 μόνον
1097 799 1323 840 ἀριστεύσαντα
1337 801 1437 830 ταῦτα
1459 799 1590 840 ἐδίδοτο,
1611 800 1697 831 ἀλλὰ

991 851 1041 881 καὶ
1049 850 1169 889 λόχοις,
1176 850 1226 881 καὶ
1233 851 1451 890 στρατοπέδοις
1464 850 1546 882 ὅλοις
1554 850 1698 891 παρείχε-

992 912 1046 931 το;
1066 902 1167 940 Atque
1179 901 1242 931 hoec
1257 903 1380 932 uortuni
1397 905 1517 932 tantum
1529 902 1634 942 militi,
1645 903 1699 943 qui

991 954 1114 981 strenue
1128 960 1160 980 se
1172 952 1328 989 gessisset,
1352 952 1518 991 elabantur,
1543 962 1649 983 rerum
1665 956 1696 984 et

992 1002 1170 1042 manipulis,
1186 1013 1221 1031 uc
1237 1003 1312 1032 totis
1326 1003 1506 1041 legionibus.
1547 1003 1613 1034 Sed
1626 1003 1699 1044 jam

993 1061 1035 1082 ne
1053 1052 1125 1092 ipse
1141 1051 1276 1093 quidem
1294 1053 1441 1083 arbitror
1466 1054 1514 1084 ita
1531 1054 1700 1085 Caesarem

994 1103 1192 1142 scripsisse:
1232 1107 1267 1134 et
1293 1104 1463 1134 succurrit
1489 1104 1699 1145 conjectura,

994 1162 1093 1193 quam
1123 1152 1208 1184 adeo
1240 1153 1356 1193 probo,
1386 1159 1424 1184 ut
1452 1163 1517 1184 nou
1547 1153 1699 1185 dubitem

995 1203 1106 1243 ipsum
1138 1204 1306 1234 Caesarem
1336 1204 1383 1233 ita
1413 1204 1600 1243 scripsisse.
1651 1205 1701 1236 Ea

995 1260 1048 1284 est
1063 1264 1069 1283 :
1089 1253 1264 1291 frumento,
1281 1257 1373 1292 reste,
1384 1257 1414 1285 et
1429 1254 1501 1284 aliis
1514 1254 1704 1286 militaribus

994 1305 1083 1334 donis
1118 1304 1304 1344 amplissime
1341 1305 1478 1335 donarit.
1543 1305 1700 1337 Pretium

996 1359 1109 1383 autem
1128 1358 1179 1383 est
1196 1354 1313 1384 literas
1337 1353 1445 1384 literis
1473 1354 1638 1395 conferre,
1661 1365 1703 1387 ne

997 1405 1070 1445 quis
1085 1404 1234 1435 audaciae
1259 1404 1312 1434 liic
1342 1405 1451 1434 locum
1479 1414 1552 1435 esse
1580 1409 1698 1445 putet:

997 1454 1029 1484 iu
1051 1463 1108 1484 vv.
1131 1464 1183 1485 cc.
1211 1459 1285 1484 erat
1299 1454 1462 1492 srmneato
1484 1465 1569 1495 respe
1595 1455 1703 1486 ciariis

995 1504 1252 1544 militaribusque.
1309 1505 1379 1535 Nos
1416 1509 1600 1536 mutamus:
1632 1505 1703 1543 frio-

997 1557 1109 1593 mento,
1135 1557 1229 1592 reste,
1252 1557 1282 1584 et
1300 1554 1373 1585 aliis
1393 1555 1583 1586 militaribus
1605 1557 1703 1588 danti.

999 1604 1086 1634 Nam
1103 1603 1140 1633 τὸ
1165 1615 1221 1644 que
1239 1604 1326 1645 quod
1347 1605 1420 1635 voci
1443 1606 1630 1636 militaribus
1645 1606 1702 1636 ad-

997 1655 1119 1693 haeret,
1151 1659 1264 1685 ortum
1293 1659 1343 1685 est
1374 1664 1416 1685 ex
1449 1655 1703 1694 perturbatione

998 1714 1125 1736 seusus.
1195 1704 1250 1735 lta
1285 1705 1443 1735 habemus
1481 1705 1536 1736 hic
1575 1705 1702 1747 duplex

998 1754 1208 1794 stipendium
1224 1766 1230 1785 :
1256 1759 1290 1785 et
1307 1753 1523 1794 frumentum,
1539 1756 1626 1786 haud
1645 1755 1706 1786 du-

1000 1803 1052 1835 bie
1080 1805 1183 1835 etiarn
1213 1804 1362 1845 duplex:
1402 1815 1478 1835 naui
1506 1805 1539 1835 id
1567 1806 1703 1837 solitum

997 1854 1109 1894 arguit
1126 1860 1222 1885 vetus
1241 1855 1325 1896 lapis
1350 1860 1450 1886 extra
1472 1855 1631 1895 Eboram,
1649 1856 1703 1887 cui

997 1905 1198 1945 inscriptum
1213 1916 1220 1935 z

1265 1955 1306 1986 D.
1333 1956 1381 1988 M.
1404 1957 1441 1987 S.

1075 2005 1113 2035 C.
1139 2004 1371 2036 ANTONIO.
1398 2007 1434 2037 C.
1462 2007 1497 2037 F.
1524 2007 1610 2038 FLA

1103 2055 1238 2087 VINO.
1263 2057 1324 2087 vl.
1348 2057 1483 2088 VIRO.
1508 2058 1605 2089 lvx.

1036 2105 1166 2137 HAsT.
1192 2107 1295 2138 LEG.
1323 2107 1370 2138 11.
1396 2107 1503 2139 Avo.
1526 2108 1671 2141 TORQ.

1011 2155 1118 2187 AVR.
1138 2157 1212 2187 ET.
1231 2157 1309 2188 AN.
1325 2158 1466 2189 DVPL.
1484 2159 1560 2190 OB.
1578 2159 1692 2191 VIRT

1060 2207 1277 2239 DONATO.
1303 2209 1400 2241 IVN.
1427 2209 1645 2241 VERECVN

999 2257 1078 2288 DA.
1104 2257 1244 2289 FLAM.
1269 2259 1406 2290 PERP.
1434 2259 1552 2291 MVN.
1577 2259 1706 2291 EBOR

1202 2308 1379 2340 MATER.
1405 2309 1446 2339 P.
1472 2311 1511 2341 C.

1000 2359 1067 2390 Ubi
1082 2359 1176 2390 vides
1194 2364 1313 2400 torque
1330 2368 1432 2390 aureo
1449 2364 1484 2390 et
1499 2369 1629 2391 annona
1646 2359 1706 2391 du-

1002 2408 1080 2448 plici
1099 2407 1260 2438 donatum
1283 2409 1324 2439 ob
1350 2409 1530 2440 virtutem:
1557 2415 1593 2441 et
1616 2410 1705 2442 idem

1001 2464 1053 2488 est
1083 2467 1213 2488 annena
1244 2458 1383 2498 duplex,
1412 2469 1451 2489 ae
1487 2459 1706 2492 frumentum.

1000 2508 1104 2538 Veste
1119 2508 1220 2538 etiam
1235 2508 1349 2539 caesar
1359 2509 1531 2540 cohortem
1543 2509 1683 2541 donavit
1696 2520 1704 2547 3

1001 2558 1155 2588 nimirum
1168 2569 1259 2598 pura.
1305 2559 1472 2599 Exempla
1488 2560 1587 2590 obvia
1604 2566 1703 2592 sunt:

1000 2608 1090 2640 inter
1105 2616 1231 2640 caetera
1244 2610 1308 2641 hoc
1334 2610 1419 2640 Livii
1441 2611 1499 2642 lib.
1523 2620 1586 2642 vn.
1609 2613 1618 2628 ‘
1641 2612 1706 2644 Mb

1000 2659 1090 2699 lites,
1108 2661 1164 2701 qui
1189 2660 1221 2691 in
1246 2660 1406 2701 praesidio
1430 2661 1528 2691 simul
1555 2660 1704 2702 fuerant,

999 2711 1125 2751 duplici
1155 2710 1324 2742 frumento
1352 2710 1386 2741 in
1414 2717 1640 2752 perpetuum3
1672 2713 1707 2744 in

999 2761 1181 2801 praesculia
1220 2760 1357 2800 singulis
1394 2760 1512 2801 bobus,
1551 2761 1702 2804 binisque
