1850 3109
532 163 592 194 nn
622 161 737 199 vi'm
769 160 900 190 sumi
944 161 1174 193 cAESAms.
1460 155 1572 199 1750

129 269 196 313 ait,
228 270 292 302 ‘ut
313 260 553 300 conditiones
583 260 690 310 pacis
711 260 761 297 ab
794 267 941 298 armato
977 261 1085 298 hoste
1119 261 1344 310 suscipiant.
1406 264 1522 306 Quod
1545 265 1573 301 εἰ

131 342 235 368 arma
255 325 452 378 posuerint
484 332 522 363 et
555 325 700 375 legatos
729 325 776 362 ad
799 325 993 362 Caesarem
1014 325 1196 369 miserint,
1219 338 1257 362 se
1289 324 1372 369 illis,
1394 331 1436 362 ut
1456 328 1574 374 petita

129 393 340 434 obtineant,
371 389 474 439 apud
510 402 620 426 suuni
654 389 792 441 ducein
827 389 1001 437 precibus
1031 388 1254 433 affuturum,
1288 390 1370 425 ³0ne
1404 389 1575 427 diffidere

129 456 210 493 illos
234 453 350 502 justis
384 454 507 489 ³¹cum
530 451 778 501 petitionibus
813 451 967 490 facilem
1001 454 1246 502 reperturos.’
1302 451 1454 489 Amissa
1486 465 1576 501 ergo

127 531 195 569 epe
215 516 384 559 fallendi,
401 516 435 552 in
457 515 530 552 vini
553 515 722 552 studium
745 528 857 553 omne
879 516 1105 553 translatum
1125 522 1197 553 est:
1226 513 1312 565 [96]
1341 522 1377 553 et
1397 516 1444 553 ad
1464 516 1578 566 legio-

128 595 214 619 nem
247 593 359 618 unam
394 579 697 629 oppugnandam
731 586 874 629 quanta
908 580 1074 617 hostiurn
1111 580 1221 617 turba
1254 579 1496 625 confluxerit,
1518 580 1577 617 vel

127 645 219 682 binc
239 645 370 693 liquet,
394 643 499 692 quod
524 642 753 680 munitiones
775 643 994 692 quindecim
1017 642 1121 680 milia
1142 656 1324 693 passuum
1346 643 1381 680 in
1401 643 1576 688 circuitu,

130 708 231 744 boris
251 708 372 744 tribus
392 720 466 744 non
500 706 665 756 integris,
702 712 740 743 et
769 707 979 756 explevere,
1001 714 1038 745 et
1071 707 1145 745 suis
1178 707 1272 744 locis
1307 707 1401 744 vires
1422 707 1576 752 additae,

130 771 365 820 munitaeque
386 770 694 807 obsidionalibus
715 770 994 808 instrumentis:
1027 770 1168 820 quibus
1200 771 1238 807 in
1270 772 1382 808 rebus
1414 772 1463 808 ab
1484 771 1577 821 ipsis

131 835 313 873 Romanis
343 833 652 884 praecedentibus
683 834 789 871 annis
823 834 953 871 edocti
984 842 1103 879 erant,
1134 840 1171 871 et
1204 847 1306 871 nunc
1338 835 1576 884 captivorum

132 898 372 948 quorundam
394 898 658 934 Romanorum
679 897 838 934 consilio
858 905 975 947 atque
995 911 1111 947 opera
1131 898 1385 947 juvabantur.
1443 900 1480 935 M
1491 899 1578 935 ultis

130 961 265 999 (liebus
286 961 438 998 duravit
460 961 713 1010 oppugnatio:
745 968 782 998 et
814 962 951 999 diebus
983 961 1229 1011 quibusdam,
1257 962 1378 999 ventis
1399 962 1498 999 forte
1519 975 1580 1000 ve·

131 1024 385 1069 hemeritibus,
408 1024 493 1074 igne
514 1024 621 1061 arida
641 1024 677 1060 in
707 1032 831 1062 castra
857 1025 1020 1073 jactato,
1052 1026 1278 1075 cunctisque
1300 1026 1398 1063 intus
1419 1026 1582 1063 ardenti-

133 1088 214 1132 bus,
237 1101 296 1125 res
318 1088 355 1124 in
377 1088 552 1124 ultimum
582 1095 640 1124 est
660 1088 831 1125 adducta
850 1089 1068 1127 discrimen.
1123 1089 1251 1126 Tanta
1281 1096 1409 1126 autem
1441 1090 1580 1126 Roma-

131 1163 266 1188 norum
289 1150 450 1188 militum
472 1150 586 1187 virtus
605 1149 688 1194 fuit,
710 1158 751 1187 ut
771 1164 858 1188 cum
879 1160 915 1188 et
939 1153 1100 1189 telorum
1136 1154 1316 1201 procellis
1347 1160 1578 1201 urgerentur,

131 1220 169 1251 et
189 1213 350 1251 flammis
371 1212 486 1251 afflati
521 1226 565 1251 ac
600 1213 770 1252 semiusti
800 1222 939 1260 essent,
973 1222 1010 1252 et
1043 1215 1208 1252 sortunae
1239 1229 1370 1252 eorum
1403 1217 1580 1253 incendio

132 1289 263 1314 omnes
283 1278 594 1322 absuruerentur;
627 1291 825 1328 nunquam
846 1279 983 1329 aliquis
1003 1287 1071 1317 aut
1101 1279 1148 1316 ad
1170 1280 1254 1316 illas
1271 1279 1427 1316 oculum
1448 1279 1580 1318 reflec-

131 1346 268 1385 terent,
289 1346 356 1377 aut
377 1346 570 1377 momento
590 1342 772 1391 temporis
802 1354 824 1379 a
857 1342 1078 1380 defensione
1108 1350 1309 1381 cessarent.
1368 1344 1416 1380 Et
1447 1356 1581 1393 quam-

132 1415 248 1453 quam
271 1403 454 1440 Romanis
483 1403 561 1441 dies
581 1403 642 1441 ille
662 1405 898 1451 durissimus,
919 1405 1036 1444 nihilo
1066 1413 1191 1443 tamen
1212 1407 1328 1444 levior
1357 1407 1477 1443 Gallis
1497 1407 1580 1453 fuit,

130 1478 262 1505 eorum
282 1467 458 1517 plurimis
479 1468 684 1505 vulneratis
716 1476 833 1519 atque
866 1470 1026 1507 occisis:
1057 1470 1109 1507 ita
1143 1477 1185 1507 ut
1204 1470 1408 1516 intrinseci,
1429 1470 1581 1509 deserta

135 1530 299 1568 statione
332 1543 448 1580 quam
482 1530 758 1577 defendebant,
794 1533 925 1570 hostes
957 1540 1053 1570 nutu
1085 1533 1222 1571 frontis
1258 1547 1303 1571 ac
1344 1535 1496 1572 ³²veber
1532 1535 1580 1572 ad

136 1592 333 1630 introitum
354 1593 576 1638 invitarent;
608 1608 734 1644 neque
753 1596 906 1634 omuino
927 1596 994 1646 qui
1015 1597 1166 1634 introire
1193 1605 1437 1647 praesumeret
1456 1599 1586 1636 inven-

138 1663 199 1693 tus
232 1663 289 1694 est
321 1656 472 1706 aliquis.
530 1658 620 1694 Erat
652 1658 689 1694 in
724 1659 899 1696 Romana
931 1659 1076 1709 legione
1111 1673 1180 1709 par
1212 1661 1376 1698 virorum
1411 1661 1582 1707 fortium,

135 1732 299 1768 quorum
333 1720 488 1758 mininie
524 1721 617 1758 mihi
649 1721 806 1771 quidem
844 1723 1112 1772 praetereunda
1144 1724 1374 1761 ³³videretur
1408 1724 1584 1763 historia:

134 1783 241 1820 alteri
259 1784 371 1821 Titus
393 1784 515 1830 Pullo,
534 1785 676 1823 Lucius
693 1787 868 1824 Vorenus
884 1787 991 1824 alteri
1006 1799 1146 1824 nomen
1161 1787 1254 1825 fuit:
1278 1786 1334 1824 his
1354 1795 1583 1837 perpetuum

134 1845 233 1883 inter
254 1860 292 1883 se
314 1846 363 1883 de
383 1847 522 1885 virtute
553 1855 632 1886 erat
667 1861 712 1886 ac
735 1849 1001 1899 superioritate
1036 1856 1250 1888 certamen:
1283 1863 1516 1901 unoquoque
1534 1851 1583 1889 ad

134 1921 326 1946 summum
358 1911 474 1947 3“tota
493 1913 648 1956 nitente,
682 1925 808 1961 neque
828 1920 965 1963 sponte
986 1914 1094 1950 alteri
1115 1927 1291 1951 cessuro:
1321 1914 1414 1952 dum
1433 1914 1482 1951 ad
1504 1928 1586 1952 mu-

135 1971 301 2010 nitiones
321 1972 434 2022 igitur
454 1986 511 2010 res
528 1975 737 2012 3⁵ververet
751 1976 861 2013 Pullo
881 1977 1123 2014 exclamans:
1156 1983 1166 1998 ‘
1185 1978 1288 2021 Quid
1311 1978 1390 2028 agis
1410 1979 1587 2024 Vorene‚'

135 2035 292 2084 (inquit)
322 2041 411 2073 ‘seu
446 2036 538 2086 quid
570 2037 741 2088 cogitas?
769 2045 984 2076 nostrarum
1007 2040 1129 2077 litium
1150 2040 1231 2077 dies
1264 2041 1335 2078 iste
1356 2041 1584 2078 senteutiam

138 2098 265 2135 feretz'
300 2100 383 2136 liaec.
414 2100 546 2138 dicens
576 2103 710 2139 castris
729 2103 934 2153 egreditur,
956 2103 1374 2155 cominunitionemque
1404 2104 1584 2150 hostium,

137 2173 215 2211 qua
247 2160 472 2200 densissima
501 2171 582 2201 erat
616 2165 809 2215 irrumpit:
839 2179 910 2203 nec
939 2168 1110 2205 Vorenus
1141 2168 1302 2217 segnior,
1337 2180 1404 2205 seu
1436 2168 1584 2205 virtutis

139 2223 301 2263 stimulis
321 2226 496 2271 adactus,
519 2239 584 2263 seu
618 2235 723 2265 metu
753 2229 920 2267 infamiae
941 2230 1121 2267 aernulum
1156 2230 1418 2281 consequitur.
1475 2231 1585 2268 Pullo

139 2299 228 2327 cum
247 2287 296 2325 ad
325 2288 478 2337 jactum
508 2290 572 2327 teli
602 2293 844 2341 pervenisset,
867 2305 984 2330 unum
1007 2293 1188 2338 hostium,
1209 2294 1275 2343 qui
1306 2307 1343 2331 se
1376 2300 1463 2331 ante
1492 2294 1587 2331 alios

141 2349 301 2395 ferebat,
322 2352 407 2401 [97]
428 2353 495 2402 pili
514 2354 712 2392 emissione
733 2355 930 2405 transfigit.
976 2354 1296 2394 Currantcontra
1312 2370 1427 2395 unum
1449 2356 1587 2395 ³⁶milia

138 2421 176 2451 et
197 2414 360 2451 cadaver
380 2428 490 2453 suum
512 2417 646 2467 clipeis
667 2426 923 2468 protegenteS,
944 2419 1093 2457 hostem
1127 2420 1211 2458 telis
1243 2434 1374 2458 omnes
1393 2429 1585 2471 premunt,

138 2476 383 2527 reditumque
415 2479 499 2528 ejus
526 2480 755 2531 impediunt.
819 2483 904 2519 Jam
934 2490 1088 2521 scutum
1108 2485 1330 2535 sagittarum
1363 2498 1439 2522 una
1471 2485 1585 2533 traje-

141 2546 259 2585 cerat,
298 2541 503 2592 balteoque
542 2544 717 2590 haesemt,
755 2545 1031 2596 dexteramque
1072 2547 1121 2585 ad
1159 2548 1340 2599 capulum
1377 2546 1588 2585 reflecteuti

183 2647 225 2676 30
248 2646 351 2686 Lege,
373 2652 522 2680 nea—31
548 2651 652 2691 Lege,
677 2656 841 2684 euim—32
865 2654 968 2694 Lege,
992 2654 1211 2687 vocibus—33
1235 2656 1339 2695 Lege,
1368 2654 1586 2684 videtum—34

142 2695 213 2729 Pro
229 2700 296 2729 tota
310 2699 445 2732 videtur
461 2702 653 2744 legendum,
668 2704 861 2737 locum—35
886 2706 1001 2746 Forte,
1007 2706 1245 2745 ferveret.—36
1267 2708 1371 2747 Lege,
1383 2706 1480 2738 mille.
