1850 3109
543 192 602 221 nu
638 192 750 221 vi'rA
782 192 914 221 sumi
949 192 1181 223 (JAESARH.
1473 184 1582 227 1751

141 292 252 341 aquis
281 290 499 333 madebant,
536 289 716 339 sanguine
750 288 873 325 siccos
905 287 1204 334 madefacerent,
1238 296 1353 339 atque
1386 291 1422 328 in
1454 292 1582 342 sugam

142 360 342 394 verterent.
399 354 448 390 Et
468 358 510 390 ut
529 352 648 390 multa
669 352 802 402 paucis
825 351 1038 402 expediam,
1071 352 1172 390 circa
1199 353 1282 391 haec
1303 354 1402 398 loca,
1424 354 1586 403 plurima

141 430 208 467 per
227 417 262 453 id
281 423 429 465 tempus
450 416 559 452 variis
578 416 732 465 quidem
753 415 906 452 casibus
927 423 1033 464 gesta
1055 422 1144 452 sunt
1164 416 1307 466 proelia,
1339 429 1416 453 uuo
1437 423 1589 456 tantum

142 493 290 529 semper
308 487 472 517 eventu:
504 481 646 530 ubique
667 481 830 517 Romani
852 481 1017 517 victores
1037 480 1157 517 ⁸⁷u0n
1191 480 1271 518 sine
1300 480 1478 531 periculis
1498 481 1590 519 licet

142 543 270 581 multis
290 557 335 581 ac
355 544 548 593 gravibus,
564 544 667 593 quod
685 558 723 582 se
744 544 873 582 hostes
891 544 1070 581 silvarum
1086 544 1265 594 praesidio
1279 551 1486 588 tuerentur,
1502 544 1589 595 [86]

142 612 182 644 et
201 614 354 656 arrepta
373 607 575 645 occasione
594 620 614 644 e
644 608 799 645 latebris
818 613 1059 657 erumpentes
1081 620 1183 657 saepe
1215 609 1404 646 Romanas
1435 608 1590 646 invade-

142 677 226 708 rent
253 671 429 720 legiones,
465 685 579 721 seque
607 671 747 708 illaesos
767 671 869 708 unde
890 678 1069 708 venerant
1088 684 1280 709 armorum
1309 671 1465 710 levitate
1493 672 1590 710 reci-

142 741 290 783 perent.
348 735 629 772 Casmellannus
660 735 741 784 ipse
763 734 971 772 Britannici
1004 734 1091 772 belli
1111 735 1204 780 dux,
1237 735 1359 785 aperti
1380 736 1502 785 proelii
1521 748 1591 786 spe

143 798 292 843 amissa,
326 811 473 835 omnem
508 798 544 834 in
566 798 668 835 silvis
689 804 806 847 atque
828 797 972 834 insidiis
994 810 1099 847 spem
1122 798 1153 818 ²³⁸
1165 799 1330 835 locaret:
1361 805 1399 836 et
1428 798 1593 836 dimissis

144 861 336 911 equitibus
367 869 480 911 atque
500 862 709 911 peditibus,
741 861 827 898 solis
846 861 1044 898 essedariis
1070 868 1322 911 utrorumque
1350 862 1472 899 officia
1501 875 1596 912 prae-

145 925 335 962 stantibus
354 926 570 963 utebantur.
618 926 827 975 Nunquam
848 932 973 963 tamen
992 925 1056 963 ille
1077 926 1297 975 patentibus
1316 927 1383 963 sed
1404 925 1596 975 perplexis

144 1001 191 1026 ac
212 988 423 1026 difficilibus
443 1003 524 1027 sese
545 989 640 1026 locis
660 989 814 1027 credere
834 1002 959 1033 ausus,
990 1003 1034 1027 ex
1055 989 1187 1026 abdito
1209 991 1467 1027 Romanorum
1486 996 1597 1028 actus

145 1058 264 1101 atque
285 1052 416 1089 itinera
437 1053 683 1098 observabat,
716 1066 802 1090 cum
823 1053 859 1089 in
880 1052 1001 1089 aciem
1024 1052 1109 1089 elici
1141 1053 1247 1089 nullo
1280 1059 1408 1101 posset
1428 1053 1596 1102 ingenio,

145 1114 421 1164 ⁸⁹adjuratque
450 1128 536 1151 eum
572 1123 704 1152 natura
736 1115 816 1164 ipsa
852 1115 1024 1152 locorum
1047 1129 1325 1166 usquequaque
1354 1116 1597 1155 silvestrium.

148 1179 235 1216 Hac
270 1178 524 1216 Casmellanni
557 1177 767 1215 diffidentia
787 1178 925 1214 mutari
946 1184 1065 1215 status
1086 1179 1299 1215 animorum
1321 1187 1506 1229 coeperat,
1534 1193 1600 1219 co-

145 1241 345 1291 gitantium
367 1242 510 1291 aliquid
533 1255 711 1291 magnum
731 1254 816 1279 esse
837 1240 941 1290 quod
960 1254 1091 1278 eorum
1112 1241 1342 1279 fortissimus
1363 1243 1415 1280 sic
1436 1244 1600 1283 timeret.

149 1306 287 1355 ltaque
301 1306 574 1350 Trinovantes3
598 1319 760 1356 quorum
782 1306 872 1342 urbs
892 1306 1007 1342 totius
1027 1306 1160 1342 insulae
1181 1319 1225 1343 ea
1242 1306 1355 1343 etiam
1374 1313 1600 1356 tempestate

148 1368 364 1407 firmissima
377 1369 580 1414 ferebatur,
598 1383 680 1407 sese
699 1369 841 1406 Caesari
862 1375 1072 1419 spontanea
1091 1369 1290 1407 deditione
1310 1371 1598 1408 commiserant:

148 1431 186 1469 hi
215 1445 340 1482 regem
370 1433 592 1478 habuerant,
615 1446 730 1482 quem
753 1433 1042 1470 Casmellannus
1063 1433 1285 1471 occiderat:
1318 1433 1415 1471 hanc
1436 1434 1603 1473 deditio-

147 1508 235 1533 nem
262 1497 480 1546 acceptavit
499 1497 628 1534 Caesar
643 1497 831 1541 alacriter,
865 1497 1066 1534 obsidibus
1100 1497 1295 1546 imperatis
1314 1510 1359 1534 ac
1393 1497 1602 1542 frumento,

149 1573 238 1610 quae
256 1560 310 1597 illi
338 1561 411 1598 late
431 1568 469 1598 et
489 1561 663 1598 celeriter
683 1562 925 1610 complevere
943 1575 952 1599 :
984 1561 1076 1598 nibil
1095 1561 1196 1598 aliud
1218 1560 1395 1611 ⁹0petens
1415 1575 1531 1611 quam
1561 1569 1606 1600 ut

150 1624 270 1661 occisi
286 1625 380 1674 regis
400 1623 518 1661 filium
551 1625 600 1661 ab
620 1625 805 1662 occisoris
826 1624 1056 1663 crudelitate
1088 1632 1317 1675 protegeret.
1376 1626 1464 1669 Qua
1496 1626 1533 1662 in
1564 1638 1604 1664 re

152 1688 282 1726 Caesar
300 1688 481 1738 precibus
502 1701 577 1725 uon
598 1689 748 1738 egebat,
768 1702 888 1738 quum
911 1689 1130 1726 adolescens
1152 1689 1213 1727 ille
1233 1690 1316 1739 jam
1347 1689 1434 1726 iude
1455 1689 1527 1726 sibi
1553 1690 1603 1726 ab

147 1751 258 1791 initio
274 1765 384 1789 carus
402 1761 482 1790 erat
500 1769 510 1798 ;
540 1766 678 1803 nempe
699 1754 764 1803 qui
785 1761 828 1791 ut
849 1766 980 1791 manus
1002 1754 1060 1792 sui
1083 1754 1201 1792 hostis
1223 1755 1416 1799 evaderet,
1445 1753 1494 1791 ad
1514 1767 1604 1792 eum

149 1815 280 1853 adhuc
299 1816 337 1853 in
367 1816 496 1854 Gallia
536 1817 759 1854 existentem
780 1819 942 1867 supplex
963 1825 1186 1862 accesserat,
1221 1825 1503 1869 susceptusque
1523 1824 1605 1857 erat

152 1879 190 1917 in
222 1879 395 1929 gratiam.
448 1880 743 1918 Trinoventium
778 1883 993 1932 exemplum
1023 1888 1166 1920 secutae
1187 1882 1354 1932 quinque
1376 1883 1488 1920 urbes
1521 1883 1607 1922 aliae

152 1956 191 1981 se
213 1943 459 1981 consimiliter
487 1944 732 1983 dediderunt.
789 1946 853 1982 Ab
887 1947 942 1983 his
974 1946 1138 1984 edoctus
1172 1948 1304 1984 Caesar
1334 1960 1409 1996 qua
1440 1947 1478 1984 in
1513 1947 1610 1985 silva

153 1995 442 2045 Casmellannus
463 2008 590 2046 locum
612 2010 916 2054 munitissimum,
937 2017 974 2048 et
994 2013 1026 2034 9¹
1044 2011 1193 2049 obicam
1215 2025 1402 2050 caesarum
1425 2013 1608 2050 arborum

154 2083 203 2108 ac
229 2071 417 2120 paludum
445 2085 542 2122 pene
561 2073 863 2112 inaccessibilem
897 2075 1080 2120 liaberet3
1112 2083 1228 2126 atque
1259 2077 1326 2113 ubi
1361 2090 1400 2113 se
1428 2076 1610 2114 tutiorem

156 2146 272 2184 quam
294 2134 378 2171 ullis
408 2135 446 2172 in
469 2137 630 2174 urbibus
651 2139 863 2184 extimaret,
900 2140 957 2176 liis
977 2139 1069 2189 ipsis
1090 2139 1256 2177 ducibus
1281 2139 1330 2176 ad
1351 2153 1437 2177 eum
1458 2141 1610 2191 pergit:

157 2209 273 2247 quem
293 2209 382 2234 cum
414 2199 693 2248 aliquantulum
719 2201 977 2240 defendissent
1012 2203 1079 2252 qui
1110 2202 1159 2240 ad
1192 2203 1404 2240 custodiam
1437 2202 1613 2252 deputati

154 2267 285 2305 erant:
315 2261 406 2312 fuga
425 2265 593 2301 9²taiuen
615 2265 802 2315 praecipiti
821 2266 1105 2317 ⁹³relinquere3
1137 2267 1174 2304 in
1197 2280 1273 2317 qua
1305 2267 1413 2304 multi
1444 2268 1612 2306 hostium

155 2325 426 2374 comprehensi
447 2327 643 2377 occisique
663 2335 770 2366 sunt:
792 2329 878 2380 [87]
898 2330 1141 2380 multumque
1162 2331 1215 2368 ibi
1231 2332 1379 2381 pecoris
1396 2332 1612 2378 inventum;

158 2386 268 2425 locus
287 2396 526 2439 expugnatus
555 2390 828 2442 effractusque.
886 2394 1145 2432 Casmellanus
1179 2395 1236 2432 his
1270 2403 1466 2445 permotus
1484 2397 1614 2441 rebus,

159 2457 327 2500 quatuor
346 2453 550 2492 Britanniae
579 2455 739 2504 regulos,
779 2456 844 2506 qui
879 2464 1004 2506 partes
1033 2463 1223 2495 extremas
1253 2458 1388 2497 insulae
1417 2461 1615 2510 regebant,

158 2527 231 2564 per
261 2516 408 2565 legatos
437 2518 483 2555 ad
518 2518 587 2555 soli
618 2520 752 2557 natalis
773 2521 953 2559 auxilium
987 2522 1151 2560 invitat:
1177 2522 1294 2571 jubet
1328 2529 1370 2560 ut
1402 2524 1616 2561 Romanam

205 2612 245 2641 87
269 2611 386 2650 Forte,
401 2612 473 2643 licet
482 2623 540 2644 non
555 2615 620 2646 sine
631 2617 777 2655 periculis
789 2617 992 2649 multia—88
1015 2619 1120 2659 Lege,
1137 2619 1351 2649 locarat.—89
1375 2618 1478 2657 Lege,
1493 2617 1621 2659 adjut-a-

158 2665 363 2745 reana—90
386 2666 491 2707 Lege,
517 2670 753 2708 petentes—91
779 2670 882 2711 Lege,
906 2670 1117 2703 obicem—92
1144 2671 1247 2712 Lege,
1270 2671 1492 2701 tandem—93
1517 2670 1620 2712 Lege·

162 2724 198 2746 re
224 2724 322 2755 quere.
