1850 3109
264 196 375 238 1516

261 299 376 338 verba,
393 309 468 341 quae
482 299 546 330 hoc
562 299 648 330 libro
665 309 767 339 supra
784 300 956 339 leguntur:

262 349 271 365 ‘
288 349 326 380 L.
343 349 495 381 Cassium
521 349 708 389 Longinum
736 360 810 379 cum
828 350 960 388 legione

261 400 448 440 Tyronum,
472 411 546 440 qua*
565 400 802 439 appellabatur
832 399 958 433 xxan

263 453 327 482 &cz
373 451 441 481 Ubi
482 451 596 480 similis
630 459 765 489 prorsus
803 449 961 489 loquendi

262 503 392 534 modus.
446 503 537 533 Alibi
574 502 675 532 etiam
705 502 802 541 dixit,
837 502 963 540 ‘legio‚

264 563 338 593 qua*
371 553 553 582 vernacula
580 551 839 592 appellabatur.'
894 551 962 581 Sed

261 603 325 633 hoc
357 603 430 632 lot-0
462 602 660 632 monendum
690 608 871 642 praeterea,
903 611 963 641 pro

264 653 359 683 tertia
375 653 506 692 legione
525 652 704 693 legendum
727 652 810 682 alios
828 657 962 692 putasse

263 707 388 744 quartu,
412 713 453 733 ex
484 705 640 735 Lucano:
675 703 731 744 qui
761 703 806 732 ait
834 704 842 719 ‘
860 711 962 732 cornu

265 753 327 784 tibi
354 763 435 784 cura
462 754 599 793 sinistri,
624 754 780 790 Lentule,
805 763 879 783 cum
899 752 964 793 pri-

264 813 332 843 ma,
356 815 430 846 quae
459 809 529 836 tum
561 804 626 835 fuit
654 805 783 844 optima
807 803 897 834 bello
921 804 966 834 Et

265 860 387 896 quarta
414 855 545 895 legione
571 854 694 885 ‹latur.’
751 854 824 885 Nisi
856 855 964 894 ipsum

263 905 437 937 Lucanum
478 905 638 936 erravisse
677 904 824 935 dicamus
843 915 849 934 :
897 909 966 943 aut,

265 956 354 997 quod
382 956 506 994 malim,
540 966 606 986 non
640 956 838 986 convenisse
877 955 967 984 inter

266 1010 441 1036 auctores:
480 1016 556 1036 nam
590 1006 745 1036 Lucanus
774 1005 808 1034 in
843 1005 966 1035 dextro

266 1064 371 1085 cornu
395 1055 596 1094 Domitium,
620 1056 654 1086 in
680 1055 815 1085 sinistro
844 1055 967 1084 Lentu-

265 1105 333 1135 lum
349 1116 356 1135 :
381 1110 500 1136 eontra
515 1105 692 1145 Appianus
709 1105 801 1135 illum
818 1104 851 1134 in
867 1105 966 1143 laevo,

265 1154 353 1186 hunc
372 1155 404 1185 in
422 1155 544 1186 dextro
562 1156 717 1186 collocat.
763 1155 878 1185 Caesar
894 1154 966 1194 ipse

266 1205 469 1245 Pompeium
483 1207 515 1236 in
532 1206 680 1244 sinistro,
692 1205 739 1236 ait
755 1204 872 1241 fuisse,
889 1204 968 1234 Plu-

267 1255 404 1286 tarchus
436 1256 468 1286 in
500 1256 636 1294 dextro,
660 1260 694 1285 et
721 1254 910 1286 Domitium
934 1254 967 1284 in

265 1306 363 1337 laevo.
408 1307 473 1337 Sed
501 1307 542 1336 de
566 1305 729 1345 Pompeio
746 1313 881 1335 movere
901 1313 968 1334 non

267 1355 382 1395 debet,
397 1356 459 1386 nisi
475 1360 640 1397 quatenus
652 1355 778 1386 dicitur
793 1355 847 1386 hic
862 1354 968 1385 fuisse

267 1406 301 1437 in
334 1405 469 1445 dextro,
507 1406 576 1436 illic
608 1406 640 1436 in
672 1405 809 1436 sinistro
836 1414 966 1436 cornu:

267 1467 345 1488 nam
362 1457 424 1488 etsi
448 1457 504 1488 ille
529 1457 561 1487 in
578 1457 728 1494 sinistro,
752 1460 865 1486 tamen
882 1465 967 1495 prae-

266 1512 429 1548 posucrat
447 1517 577 1548 quoque
594 1506 670 1537 huic
688 1507 895 1547 peculiarem
924 1506 968 1537 le-

268 1562 397 1597 gatum.
442 1557 490 1588 Ut
518 1558 631 1588 Caesar
653 1557 725 1597 ipse
751 1556 833 1587 dicit
847 1556 967 1586 dextro

266 1616 371 1638 cornu
388 1606 565 1648 praefuisse
581 1607 718 1647 Syllam,
741 1611 776 1637 et
800 1611 912 1637 tamen
932 1615 966 1636 se

267 1662 387 1689 contra
400 1657 599 1697 Pompeium
615 1657 806 1688 constitisse
820 1657 879 1695 ait,
895 1657 927 1687 h.
938 1666 967 1687 e.

267 1707 391 1740 dextro
408 1719 511 1740 cornu
528 1718 600 1746 suo,
624 1708 713 1749 quod
730 1707 968 1748 opponebatur

267 1758 404 1789 sinistro
433 1759 590 1798 hostium,
624 1759 656 1789 iu
689 1768 754 1799 quo
783 1758 967 1798 Pompeius

268 1813 355 1840 erat.
401 1808 449 1839 Ut
475 1808 632 1849 profecto
662 1809 801 1840 credere
824 1808 967 1840 debeam

268 1859 371 1890 etiam
401 1859 488 1890 hunc
514 1860 622 1890 locum
651 1859 694 1889 de
722 1868 862 1889 numero
886 1852 968 1899 legi-

268 1919 369 1941 onum
400 1910 433 1940 in
456 1909 695 1950 antiquissimis
719 1909 892 1940 codicibus
923 1910 968 1940 di-

269 1968 366 1990 verse
382 1960 545 1999 scriptum
565 1958 677 1990 fuisse.
728 1959 864 1990 Vossius.
912 1961 967 1990 De

270 2020 411 2041 numero
441 2011 609 2051 legionum
641 2011 717 2041 vide
748 2012 849 2042 etiam
878 2011 970 2041 Ursi-

269 2071 360 2100 num,
384 2061 531 2102 aliosque
548 2066 581 2092 ct
598 2061 639 2092 ad
665 2070 745 2092 v111.
763 2065 814 2093 5-1.
859 2062 967 2092 Recte

270 2122 350 2143 vero
378 2113 513 2143 Vossius
544 2111 698 2143 defendit
737 2111 968 2152 adpellabatur:

270 2163 360 2204 quod
378 2168 511 2203 tempus
533 2163 564 2193 in
590 2164 650 2193 hac
667 2162 896 2201 designatione
913 2171 969 2192 no-

269 2214 366 2245 minis
396 2214 520 2254 ubique
559 2214 699 2244 adhibet
730 2214 854 2252 Caesar,
889 2212 968 2243 licet

269 2263 426 2295 omnibus
451 2264 516 2294 illis
543 2264 623 2295 loeis
652 2264 683 2293 in
709 2273 773 2293 uno
792 2264 968 2304 alteroque

273 2314 401 2345 Codice
417 2314 586 2345 scribatur
602 2314 788 2354 ‹ulpcllutur.
824 2313 894 2344 Cur
906 2313 968 2344 hoc

271 2367 405 2404 tempus
431 2365 623 2395 adhibuerit
641 2364 768 2402 Caesar,
790 2364 889 2394 latius
913 2364 968 2393 ‹lo-

271 2413 326 2444 cui
355 2423 457 2453 supra
486 2414 526 2444 ad
551 2424 579 2445 c.
596 2417 647 2445 34.
693 2413 792 2444 Adde
818 2413 910 2444 Hirt.
928 2414 967 2444 B.

270 2462 371 2495 Alex.
391 2474 420 2494 c.
438 2467 489 2494 42.
505 2468 557 2493 53.
581 2470 614 2494 et
632 2465 696 2494 alia
712 2464 798 2494 loca.

314 2518 353 2546 11
373 2516 522 2545 Cotem-tes
536 2523 579 2544 cx
597 2515 790 2554 explererat;
806 2514 870 2544 hoec
881 2517 970 2545 erant

270 2565 370 2596 millia
384 2564 470 2604 xm']
495 2565 547 2596 lta
561 2566 591 2595 in
611 2565 764 2595 omnibus
781 2565 968 2595 codicibus.

271 2615 428 2646 Tradunt
455 2625 587 2656 quoquc
606 2615 824 2653 Plutarchus,
849 2620 885 2645 et
903 2614 970 2654 Ap-

271 2666 392 2707 pianus
408 2666 533 2697 Caesari
551 2666 655 2696 millia
671 2674 762 2696 xxu.
808 2666 971 2706 Pompeio

272 2724 447 2746 numerum
456 2717 564 2746 altera
575 2721 674 2756 parte
685 2717 845 2756 majorem
856 2715 970 2748 fnisse.

272 2765 400 2798 Tamen
415 2766 573 2798 cohortes
589 2775 638 2798 eae
652 2764 783 2799 faciunt
797 2765 902 2798 millia
916 2775 971 2800 ιν.

716 205 856 235 NOTA-1
894 204 1154 234 VARIORUM
1203 205 1252 233 {N

1011 298 1177 339 quomodo
1195 298 1226 328 in
1244 296 1344 328 editis
1366 296 1459 327 libris
1481 297 1648 328 nonnuliis
1664 298 1710 328 le-

1010 360 1090 388 gere
1107 355 1170 380 cst.
1197 350 1239 380 Et
1253 348 1395 379 fortasse
1414 350 1459 379 ita
1477 349 1590 379 Caesar
1606 349 1709 389 scrip-

1012 399 1066 429 sit.
1126 399 1203 429 Scio
1243 399 1377 440 quidem
1417 399 1566 439 potuisse
1607 400 1709 430 atteri

1016 448 1104 478 bello
1119 449 1388 485 col1ortcs,nt‹·x
1405 459 1469 479 nou
1484 450 1598 488 plures
1611 459 1709 490 quam

1016 506 1097 528 XLV.
1125 498 1214 528 mille
1243 499 1365 529 milites
1391 500 1622 530 continerent:
1651 500 1709 530 sed

1014 557 1079 578 non
1097 547 1232 578 videtur
1249 550 1360 580 Caesar
1376 550 1408 580 id
1427 551 1556 581 sincere
1575 560 1712 592 expres-

1014 607 1110 628 surus
1127 597 1247 629 fuisse:
1273 600 1351 639 quia
1368 611 1431 641 quo
1447 601 1552 641 major
1570 601 1712 631 hostium

1014 657 1184 687 numerus,
1209 658 1249 679 eo
1279 649 1442 680 illustrior
1467 651 1536 690 ejus
1559 652 1712 682 victoria.

1015 698 1132 729 Florus
1162 708 1210 729 lv.
1241 703 1271 731 2.
1307 701 1491 731 ‘trecenta
1521 701 1597 732 hinc
1621 702 1712 732 illinc

1014 747 1119 778 millia
1143 747 1245 778 fuisse
1271 754 1397 789 praeter
1427 750 1553 780 auxilia
1581 750 1714 791 Regum

1014 804 1047 830 et
1065 800 1216 830 Senatus'
1243 801 1302 830 ait.
1346 801 1476 831 Vereor
1494 801 1648 840 multum,
1671 810 1712 832 ne

1015 850 1190 880 mendosus
1214 851 1308 880 loeus
1337 850 1392 889 sit,
1438 855 1471 881 et
1497 850 1714 881 scribendum

1014 904 1151 931 centena.
1199 900 1335 941 Alioqui
1353 901 1548 931 vanissimus
1564 901 1717 941 jactator

1015 955 1079 981 est.
1130 951 1262 981 Vossius.
1310 951 1462 981 Dubium
1486 952 1622 992 quidem
1649 961 1715 983 nou

1015 1005 1078 1039 est,
1108 1000 1186 1040 quin
1212 999 1388 1030 mendosus
1420 1001 1463 1030 sit
1488 1000 1580 1031 Flori
1612 1001 1717 1040 locus,

1015 1059 1082 1080 non
1118 1055 1230 1081 tamen
1261 1051 1294 1081 in
1323 1060 1362 1081 ea
1387 1060 1436 1090 re,
1471 1061 1571 1091 quam
1607 1051 1717 1083 voluit

1016 1099 1163 1140 Dionys.
1179 1101 1339 1132 Vossius:
1373 1110 1449 1131 nam
1478 1101 1581 1131 tradit
1607 1100 1715 1142 Appi-

1017 1159 1099 1180 anus
1127 1151 1166 1180 B.
1190 1150 1226 1182 C.
1258 1151 1281 1181 l.
1307 1160 1347 1182 u.
1375 1161 1408 1191 p.
1435 1154 1508 1182 471.
1537 1152 1715 1183 nonnullos

1017 1211 1102 1241 esse,
1126 1202 1182 1243 qui
1205 1203 1426 1243 scripserunt,
1450 1204 1482 1233 iu
1500 1209 1642 1245 utroque
1660 1213 1718 1235 ex-

1017 1251 1127 1282 ercitu
1156 1251 1259 1283 fuisse
1282 1253 1396 1294 ἀνδρῶν
1416 1254 1546 1284 Ἰταλῶν
1566 1253 1717 1295 τεσσαρά.

1017 1314 1112 1333 κοντα
1126 1302 1282 1345 μυριάδας,
1307 1305 1465 1347 ideoque‚
1488 1315 1564 1336 cum
1583 1306 1718 1337 vanissi-

1018 1367 1090 1388 mus
1112 1357 1264 1398 jactator
1293 1356 1398 1389 fuerit
1419 1357 1549 1396 Florus,
1571 1367 1636 1388 non
1659 1357 1718 1388 mi-

1018 1417 1092 1438 rum
1108 1412 1171 1447 est,
1196 1417 1272 1438 eum
1296 1417 1370 1438 cum
1386 1407 1424 1438 iis
1447 1407 1643 1438 auctoribus
1669 1405 1718 1438 fe-

1018 1458 1118 1497 cisse,
1151 1458 1206 1499 qui
1247 1458 1497 1490 multitudinem
1536 1466 1719 1498 exaggera-

1021 1508 1111 1539 bant.
1131 1533 1136 1538 .
1155 1507 1222 1538 Sed
1241 1508 1326 1539 bene
1343 1518 1379 1539 se
1403 1509 1563 1548 gessisset
1578 1509 1629 1539 vir
1644 1517 1718 1539 eru-

1018 1557 1121 1597 ditus,
1144 1558 1172 1588 si
1199 1558 1435 1599 perpendisset
1458 1559 1579 1589 auxilia
1596 1559 1719 1598 Regum

1018 1613 1049 1640 et
1079 1609 1233 1645 Senatus;
1268 1610 1386 1641 ultima
1416 1611 1504 1641 enim
1532 1620 1597 1641 vox
1629 1610 1719 1641 omni

1017 1661 1138 1702 procul
1168 1661 1269 1692 dubio
1299 1665 1351 1692 est
1389 1661 1516 1692 vitiata.
1563 1661 1649 1691 Post
1679 1669 1721 1692 ea

1017 1712 1117 1744 Joan.
1146 1712 1392 1742 Freinshemius
1430 1711 1609 1742 substituit
1638 1711 1720 1742 nati-

1017 1773 1117 1794 onum.
1163 1762 1261 1793 Anna
1276 1762 1428 1794 Daceria
1443 1767 1478 1793 et
1501 1763 1535 1794 J.
1555 1761 1599 1792 G.
1624 1761 1720 1793 Grae-

1020 1813 1090 1844 vius
1117 1813 1246 1844 malunt
1269 1813 1446 1849 socier-unu
1481 1812 1542 1842 sed
1573 1815 1718 1853 utraque

1018 1864 1217 1904 conjectura
1245 1863 1382 1894 nimium
1412 1863 1484 1894 abit
1508 1872 1527 1893 a
1555 1862 1719 1894 Codicum

1020 1914 1104 1945 Mss.
1124 1914 1281 1945 lectione.
1326 1914 1362 1945 Si
1391 1913 1471 1944 mihi
1494 1912 1545 1944 fas
1573 1913 1617 1944 sit
1641 1916 1721 1954 post

1018 1968 1114 1995 tanta
1130 1964 1264 1995 nomina
1285 1963 1557 1994 emendationem
1574 1967 1720 2003 tentare,

1019 2023 1218 2054 reponerem
1249 2014 1370 2045 auxilia
1399 2015 1519 2053 Regum
1544 2017 1573 2044 et
1597 2014 1722 2054 Dymn-

1019 2068 1094 2103 tum,
1117 2064 1237 2095 eodem
1263 2064 1364 2095 modo
1393 2075 1459 2105 quo
1483 2063 1721 2104 Mctropocitum

1020 2115 1108 2145 dixit
1129 2114 1244 2145 Caesar
1267 2124 1369 2155 supra
1385 2124 1416 2146 c.
1434 2118 1486 2145 81.
1531 2115 1588 2145 Sic
1606 2118 1721 2145 noster

1018 2165 1158 2205 hujusce
1175 2164 1252 2195 libri
1268 2175 1298 2196 c.
1316 2168 1346 2196 3.
1379 2166 1387 2181 ‘
1407 2164 1624 2205 Regibusque
1650 2173 1719 2195 om-

1020 2216 1116 2245 nibus
1134 2219 1168 2244 et
1181 2215 1334 2254 Dymntis
1346 2219 1381 2246 et
1396 2213 1599 2246 tetrarchis!
1626 2213 1720 2245 Hirt.

1020 2265 1105 2295 Bell.
1124 2263 1220 2294 Alex.
1240 2274 1270 2295 c.
1287 2268 1339 2296 65.
1364 2266 1373 2282 ‘
1391 2265 1515 2304 Reges,
1530 2265 1721 2304 Tyn-annos,

1020 2314 1192 2354 Dynmum,
1229 2314 1414 2353 proviueiae
1442 2332 1527 2336 »-
1557 2312 1722 2344 dimittit!

1020 2364 1085 2395 Sed
1103 2369 1138 2395 ct
1150 2363 1302 2394 Βασιλέας
1316 2364 1366 2394 καὶ
1381 2362 1541 2394 Δυνάστας
1556 2364 1590 2393 in
1603 2371 1720 2394 recen-

1020 2414 1131 2444 sendis
1160 2414 1315 2454 Pompeii
1341 2413 1448 2453 copiis
1470 2413 1585 2453 jungit
1613 2411 1722 2453 Appi-

1021 2473 1102 2494 anus
1115 2464 1155 2494 B.
1172 2464 1208 2493 C.
1237 2464 1258 2493 l.
1276 2472 1316 2493 ιι.
1338 2473 1372 2502 p.
1388 2466 1462 2493 472.
1510 2462 1622 2492 Dacis.
1665 2461 1720 2493 Se-

1020 2517 1110 2543 natus
1136 2514 1284 2544 retinent
1313 2513 1345 2543 in
1375 2513 1472 2544 Floro
1496 2522 1610 2544 omues
1635 2512 1720 2544 Mss.

1021 2564 1109 2594 Vide
1132 2564 1176 2594 ibi
1196 2565 1246 2595 (ΣΙ.
1267 2564 1358 2594 nuk.
1408 2566 1565 2595 Ceterum
1588 2564 1640 2595 hic
1665 2563 1731 2595 ei·-

1022 2615 1179 2645 aceouius
1203 2625 1264 2654 pro
1283 2623 1327 2645 cx
1344 2624 1507 2654 reponere
1526 2619 1635 2645 tentat
1653 2622 1720 2653 xc3

1022 2667 1102 2707 quia
1117 2672 1245 2697 tuntum
1263 2666 1382 2696 habuit
1398 2675 1436 2697 lx
1454 2666 1613 2706 legiones.
1651 2665 1720 2698 Sed

1023 2721 1058 2747 et
1073 2716 1216 2747 aderant
1239 2716 1394 2748 cohortes
1415 2716 1556 2747 sociales
1581 2721 1617 2748 et
1639 2725 1720 2748 aux·

1020 2765 1078 2799 ilia
1098 2770 1225 2809 praeter
1253 2766 1403 2809 legiones
1426 2766 1529 2808 ipsas.
1576 2765 1718 2799 Orosius
