1850 3109
273 209 385 253 1⁷16
700 220 738 252 s.
769 218 908 253 cmm
940 220 1291 254 commN'rAnu

269 313 404 353 castris
423 313 577 353 duobus
595 314 754 353 dimisso
772 315 921 365 gemino
942 315 1133 364 praesidio,
1156 329 1245 354 cum
1261 315 1440 354 omnibus
1461 315 1584 367 copiis
1605 322 1730 356 castra

271 378 440 417 hostium
480 379 637 416 invadit.
708 378 850 415 Videns
891 378 1104 415 Ariovistus
1143 380 1240 416 tralii
1271 380 1436 430 amplius
1475 380 1622 419 ratione
1653 393 1729 418 non

271 454 399 493 posse,
423 443 591 492 plurimis
613 455 658 479 ex
678 442 828 490 populis
864 442 1147 479 Germanorum
1177 443 1367 492 ingentem
1401 445 1521 482 aciem
1553 444 1733 482 instruxit

271 511 389 556 atque
410 506 461 542 ita
482 518 634 541 omnem
658 504 866 542 exercitum
889 505 974 554 [41]
1004 505 1130 542 rhedis
1164 513 1200 542 et
1234 507 1410 544 curribus
1444 508 1732 552 circumclusit:

271 574 316 606 ut
344 569 448 605 nulla
477 567 579 617 fugae
609 580 688 615 spe,
719 569 928 617 praesertim
970 568 1167 617 equitibus
1206 577 1433 618 superesset.
1491 571 1659 608 Fuerunt
1694 576 1734 608 et

272 631 364 669 viris
401 631 628 668 intermixtae
663 630 876 681 fatiloquae,
917 632 966 668 de
997 632 1138 681 quibus
1167 632 1331 670 diximus
1364 633 1538 670 mulieres
1572 634 1733 683 aliaeque

272 693 373 732 viros
388 702 549 739 secutae;
581 694 734 732 fletibus
756 695 841 732 altis
860 701 1021 740 orantes,
1049 708 1096 733 ne
1119 696 1299 732 Romanis
1320 695 1368 733 ad
1391 697 1585 734 servitium
1607 697 1736 735 trade-

269 764 415 798 rentur.
473 759 759 796 Concurrerunt
781 764 909 797 autem
931 765 1040 796 tanto
1063 760 1206 809 impetu
1228 761 1427 805 Germani,
1451 766 1504 805 ut,
1526 773 1734 810 consump-

273 827 314 859 to
335 835 424 859 mox
446 823 583 872 spati0‚
606 823 711 872 quod
739 823 840 860 acies
870 822 1087 867 dirimebat,
1118 823 1294 871 jactandi
1329 824 1403 872 pila
1436 824 1541 861 nulla
1576 823 1732 862 occasio

273 894 491 936 superesset
510 893 576 924 aut
592 887 770 924 facultas.
827 887 1018 936 Projectis
1038 886 1151 937 igitur
1170 887 1386 932 missilibus,
1415 900 1471 924 res
1491 887 1625 937 gladiis
1645 893 1733 925 acta

273 955 343 994 est,
363 957 502 987 eventu
523 951 786 1000 alioquamdiu
807 951 950 988 dubio:
983 950 1105 988 fracta
1136 950 1290 988 tandem
1322 950 1535 1000 pertinacia
1570 952 1737 989 Germa·

272 1025 424 1058 norum,
457 1027 589 1051 omnes
616 1021 721 1064 terga
752 1022 971 1053 verterunt:
1004 1022 1042 1052 et
1075 1015 1238 1065 diruptis
1264 1014 1443 1052 obicibus
1477 1016 1733 1065 plaustrorum

274 1076 415 1127 quibus
436 1076 606 1115 firmasse
626 1078 750 1116 aciem
771 1077 850 1115 dux
872 1079 1066 1128 sperabat,
1100 1091 1223 1128 usque
1251 1078 1298 1115 ad
1333 1078 1456 1115 Rheni
1489 1078 1611 1128 ripam
1644 1079 1734 1130 fuga

273 1147 460 1191 perpetua
489 1141 584 1179 fuit:
617 1143 730 1191 cujus
759 1142 911 1178 alveum
942 1141 1072 1178 nando
1111 1141 1290 1191 quidam;
1327 1141 1388 1178 alii
1418 1142 1545 1191 parvis
1575 1143 1733 1192 navigiis

274 1205 521 1249 transierunt;
553 1218 631 1254 quo
652 1219 699 1242 ex
718 1218 876 1243 numero
890 1206 972 1255 ipse
995 1205 1064 1243 fuit
1082 1205 1311 1249 Ariovistus,
1335 1205 1401 1254 qui
1421 1205 1600 1254 deposita
1620 1207 1736 1244 credo

276 1269 467 1318 superbiae
487 1282 564 1305 suae
584 1269 748 1314 sarcina,
770 1282 856 1318 quae
876 1275 981 1306 tanta
1002 1276 1094 1314 erat,
1118 1277 1158 1306 ut
1178 1282 1260 1306 eam
1284 1282 1351 1305 nec
1386 1269 1595 1306 Germania
1623 1282 1737 1321 cape-

273 1339 345 1378 ret,
369 1346 437 1370 nec
453 1333 582 1370 Gallia
601 1333 816 1378 tolleraret;
850 1333 979 1370 cimba
1001 1333 1111 1371 unica
1132 1345 1223 1370 casu
1244 1333 1280 1369 in
1301 1332 1383 1382 ripa
1414 1332 1585 1370 citeriore
1612 1333 1735 1371 amnis

272 1397 429 1434 inventa
447 1413 455 1442 ;
489 1397 592 1434 solus
614 1397 649 1433 in
669 1397 865 1434 adversam
886 1397 1005 1446 ripam
1029 1410 1067 1434 se
1088 1397 1288 1446 proripuit.
1347 1396 1499 1446 Reliqui
1529 1410 1626 1447 pene
1656 1411 1735 1436 om-

275 1474 341 1499 nes
373 1461 540 1498 instante
573 1462 750 1498 Romano
770 1461 944 1510 equitatu
975 1459 1118 1510 ³³fugae
1140 1460 1266 1497 medio
1298 1459 1460 1510 periere.
1517 1461 1559 1496 In
1595 1461 1733 1509 quibus

275 1524 364 1561 ‹luae
385 1524 566 1562 Ariovisti
584 1524 768 1574 conjuges
787 1525 905 1561 altera
924 1524 1060 1568 Sueva,
1082 1523 1226 1560 Norica
1244 1523 1547 1573 altera,quarum
1569 1524 1730 1573 primam

275 1588 393 1626 domo
433 1588 652 1638 digrediens
691 1589 887 1632 eduxerat,
939 1588 1147 1625 secundam
1185 1588 1278 1624 (lum
1317 1587 1354 1624 in
1401 1588 1537 1625 Galliis
1586 1601 1732 1626 moram

275 1652 402 1696 traxit,
441 1651 615 1697 (luxerat,
656 1651 819 1689 tiliarum
854 1664 1009 1702 quoque
1048 1651 1168 1688 altera
1207 1664 1308 1688 caesa
1338 1651 1423 1694 suit,
1455 1658 1572 1701 capta
1600 1652 1731 1690 altera.

276 1718 328 1755 G.
348 1716 535 1760 Valerius,
559 1729 673 1765 quem
707 1716 756 1753 ab
790 1716 980 1753 Ariovisto
1013 1721 1167 1765 captum
1197 1716 1506 1761 memoravimus,
1542 1716 1577 1752 in
1606 1715 1732 1765 ipsum

275 1780 481 1825 Caesarem,
502 1781 648 1817 bostem
670 1780 935 1829 insequentem
954 1794 963 1824 ;
993 1778 1087 1816 dum
1121 1778 1243 1816 tribus
1263 1779 1404 1816 catenis
1426 1780 1576 1817 vinctus
1608 1779 1733 1817 trahe-

274 1851 378 1882 retur
411 1844 567 1888 incidit;
600 1858 679 1894 quo
699 1844 750 1880 nil
771 1843 894 1881 laetius
913 1844 950 1880 in
971 1849 1051 1881 tota
1071 1843 1133 1880 illa
1152 1843 1310 1881 victoria
1332 1844 1462 1881 Caesar
1483 1843 1601 1881 vidit:
1634 1856 1735 1881 sum-

274 1920 336 1946 nia
357 1908 430 1945 sibi
450 1909 581 1945 laetitia
602 1922 646 1945 ac
670 1909 849 1958 voluptas
871 1908 954 1953 suit,
978 1908 1102 1945 virum
1122 1908 1250 1953 talem,
1281 1915 1439 1958 tamque
1459 1907 1493 1944 ei
1515 1907 1732 1945 familiarem

275 1972 551 2010 crudelissimis.
573 1972 742 2009 hostium
762 1972 953 2015 manibus,
968 1971 1108 2021 quibus
1129 1971 1204 2020 ipse
1220 1984 1305 2008 eum
1328 1971 1539 2019 objecerat,
1557 1980 1732 2020 ereptum

273 2037 492 2086 recepisse:
543 2049 667 2085 neque
716 2035 763 2072 de
808 2049 876 2072 sua
922 2034 1172 2085 prosperitate
1220 2034 1362 2084 aliquid
1412 2033 1524 2070 amici
1583 2034 1734 2072 miseria

275 2100 523 2138 diminutum.
580 2100 646 2137 Ille
690 2112 779 2137 vero
801 2099 884 2149 jam
919 2099 1014 2136 liber
1053 2098 1179 2135 flebile
1217 2098 1423 2135 ridiculum
1455 2097 1646 2142 narrabat,
1670 2110 1730 2135 co-

273 2177 354 2202 ram
397 2178 435 2202 se
483 2163 596 2201 fuisse
643 2163 689 2200 (le
730 2177 798 2201 sua
837 2164 960 2201 salute
1003 2162 1171 2200 sortibus
1204 2162 1455 2211 inquisitum:
1507 2174 1555 2198 an
1587 2161 1734 2199 seilicet

274 2228 437 2266 flammis
457 2228 673 2265 exurendus
694 2233 806 2273 esset,
828 2241 875 2264 au
894 2227 929 2264 in
950 2234 1100 2277 tempus
1121 2226 1226 2263 aliud
1249 2225 1499 2268 differendus,
1519 2238 1635 2275 seque
1649 2224 1732 2274 jam

268 2292 381 2341 jactu
403 2292 559 2329 sortium
580 2292 755 2336 dilatum,
776 2291 963 2329 beneficio
979 2291 1140 2329 Caesaris
1161 2291 1307 2327 salvum
1327 2302 1410 2326 esse
1428 2302 1439 2325 ε
1469 2288 1616 2338 collega
1635 2301 1732 2339 quo-

275 2368 350 2405 que
369 2356 453 2404 ejus
484 2356 702 2392 reinventus
723 2355 869 2392 Metius
890 2361 927 2392 et
948 2354 1091 2392 Caesari
1113 2359 1366 2403 praesentatus
1400 2351 1505 2388 auxit
1533 2351 1730 2402 gaudium.

272 2418 361 2467 [42]
389 2419 472 2455 Hac
513 2418 674 2455 victoria
708 2417 939 2467 dimulgata3
972 2418 1099 2462 Saevi,
1140 2417 1205 2466 qui
1239 2415 1285 2453 ad
1327 2416 1502 2453 Rhenum
1536 2415 1730 2454 transituri

274 2488 531 2519 convenerant
549 2487 820 2525 retrocessere;
852 2480 1048 2530 effuseque
1065 2479 1201 2516 domos
1223 2492 1310 2516 suas
1329 2491 1374 2516 ac
1395 2478 1543 2529 trepide
1558 2484 1733 2528 repeten-

275 2552 347 2589 tes,
369 2558 390 2582 a
416 2544 582 2582 finitimis
612 2557 748 2593 magna
768 2550 892 2593 strage
926 2543 1042 2580 ‹leleti
1071 2549 1175 2580 sunt:
1208 2555 1443 2592 magnosque
1463 2541 1500 2579 in
1522 2542 1732 2580 Germania

273 2615 313 2647 et
333 2609 369 2646 in
391 2609 520 2647 Gallia
552 2621 677 2645 rerum
709 2614 834 2644 motus
870 2608 985 2656 liujus
1017 2607 1145 2656 proelii
1178 2613 1334 2644 eventus
1366 2607 1545 2643 excierat.
1602 2606 1733 2644 Caesar

272 2679 404 2713 autem
424 2678 558 2712 aestate
578 2685 652 2710 una
672 2671 823 2709 duabus
856 2670 1012 2708 inclitus
1042 2670 1222 2715 x‘ictoriis,
1255 2669 1337 2707 ³⁹et
1369 2670 1579 2719 Sequanos,
1611 2668 1729 2719 paulo

551 2781 594 2811 38
618 2780 732 2821 Forte,
739 2778 831 2819 sugoe
846 2779 878 2810 in
892 2778 1090 2810 modim-³9
1114 2777 1217 2819 Lege,
1234 2776 1267 2809 in
1282 2775 1447 2817 Sequanos.
