1850 3109
365 184 457 214 [ΑΒ.
491 184 564 213 111.
597 183 703 212 CAP.
734 173 777 212 4.
810 184 872 212 DE
905 184 1062 213 BELLO
1095 185 1266 214 cix'lLI.

102 282 136 305 tn
144 285 168 306 r.
218 276 347 306 Turnum
360 275 484 305 navitam
505 275 571 312 hic,
587 278 624 304 ut
640 274 649 290 ‘
667 276 798 304 tantum

103 325 269 364 praesidii'
300 334 347 355 Vl.
376 327 427 355 35.
474 324 513 354 Ei
544 324 702 364 majorem
734 323 799 363 ipsi

101 376 201 406 misse
226 384 412 413 numerum,
436 383 534 414 quam
567 378 798 414 transportare

102 430 246 465 poterat,
260 430 353 465 patet
367 434 385 455 e
402 435 430 454 c..
443 427 473 456 6.
491 429 525 455 et
541 434 569 455 c.
587 430 617 455 8.

141 478 163 506 9
187 475 316 505 Gallicis
339 478 384 505 tot
410 474 510 514 bellis]
541 476 623 505 Mss.
649 475 714 506 mci
732 485 798 506 om-

101 536 158 556 nes
177 525 262 556 Gaui
284 528 329 555 tot
351 525 380 555 b.
425 525 491 556 Sed
515 525 628 556 Caesar
650 526 798 567 loquitur

99 575 140 606 de
152 575 310 605 Romanis
323 574 485 605 militibus
500 575 705 615 legionariis.
730 576 798 607 Ad-

98 631 248 656 notatum
264 625 305 655 ad
325 635 415 656 oram
434 626 510 655 libri
531 627 732 664 Fabriciani,
751 627 796 659 H.

95 674 223 714 (forsan
252 675 445 713 Heinsium,
468 675 528 706 nisi
555 676 598 706 sit
625 682 707 707 nota
734 678 796 708 Lo-

96 725 262 756 vaniensis
287 725 423 756 Codicis
450 725 492 756 ab
514 735 554 756 eo
581 726 725 768 collati‚)
752 728 796 757 le-

95 785 175 815 gere
193 776 319 806 Gnlzioe.
367 776 467 807 Quod
485 785 548 807 non
562 776 734 816 displicet.
753 778 796 809 V.

95 826 136 857 ad
167 827 190 857 1.
217 835 298 857 vni.
329 827 404 858 init.
434 828 443 844 ‘
462 828 586 858 Rerum
613 828 796 860 Gestarum

97 878 240 908 Galliae!

137 937 186 959 lv.
202 931 221 959 2
249 929 301 959 Ex
322 928 447 970 Sicilia]
472 929 520 961 At
539 940 567 960 c.
582 932 633 961 88.
657 930 665 947 ‘
685 929 797 961 Cilici-

94 979 182 1011 ensis
198 980 287 1019 legio
308 981 490 1021 conjuncta
509 992 584 1012 cum
601 983 796 1014 cohortibus

96 1029 255 1069 Hispanis
270 1029 290 1060 ε’
315 1031 402 1062 uude
425 1031 623 1063 Ciacconius
647 1033 700 1063 bic
717 1034 796 1064 mal-

95 1080 141 1110 let
169 1079 305 1114 Cilicia‚·
336 1080 388 1110 vel
414 1081 482 1111 illic
505 1081 684 1112 Siciliensis.
731 1083 798 1113 Ve-

95 1135 166 1158 rum
182 1137 254 1159 eam
274 1129 468 1160 Ciliciensem
482 1130 596 1170 Scipio
609 1140 722 1162 secum
740 1132 796 1162 ad-

93 1177 203 1216 duxit,
220 1178 276 1218 qui
292 1178 345 1208 hic
362 1188 427 1209 non
445 1178 565 1209 aderat
582 1179 703 1210 adbuc.
730 1180 795 1211 Lu-

94 1237 167 1259 can.
186 1237 251 1259 vu.
267 1231 341 1260 ⁶223.
370 1229 379 1245 ‘
397 1228 542 1269 Agmina
557 1239 632 1270 quae
650 1230 796 1261 Cilicum

93 1279 193 1310 terris
220 1279 370 1310 deducta
394 1279 535 1311 tenebat
561 1280 697 1320 Scipio.’
743 1280 797 1311 In-

94 1331 258 1372 telligitur
274 1340 354 1371 ergo
378 1331 431 1362 hic
455 1331 546 1371 legio
570 1340 589 1361 a
607 1331 738 1362 Catone
754 1341 797 1362 ex

93 1381 209 1412 Sicilia
223 1381 383 1412 adducta.

136 1434 156 1461 6
180 1431 265 1466 Quas
286 1432 437 1462 Lentulus
459 1431 688 1463 conscribendus
710 1442 800 1462 cura-

96 1481 196 1522 cerat]
237 1482 303 1512 Ms.
337 1482 476 1513 Norvic.
504 1487 539 1513 et
567 1482 665 1513 editt.
698 1483 798 1514 Rom.

94 1532 119 1561 Υ
127 1541 178 1563 en.
191 1532 350 1564 Beroatd.
365 1532 452 1563 hunc
469 1533 578 1563 locum
593 1534 707 1573 paullo
722 1544 800 1565 auc·

94 1581 215 1612 tiorem
232 1582 414 1613 exhibent:
439 1583 472 1612 in
490 1582 528 1613 iis
544 1584 632 1614 entim
650 1589 701 1614 est
725 1595 800 1624 quas

93 1630 242 1662 Lentulus
265 1632 390 1662 Consul
416 1632 647 1664 conscribendas
675 1644 797 1666 curave-

93 1683 166 1715 rat,·
188 1690 250 1711 nec
265 1681 307 1712 de
323 1682 425 1712 nihilo
441 1687 494 1713 est
510 1683 572 1713 hoc
588 1683 798 1716 additamen-

95 1735 190 1769 tum;
225 1740 302 1761 nam
332 1732 369 1761 L.
402 1731 564 1762 Lentulus
608 1732 650 1764 A.
682 1734 725 1765 U.
758 1735 796 1766 C.

94 1789 197 1812 Dccv.
239 1791 304 1822 quo
343 1782 393 1813 hae
436 1782 584 1822 legiones
612 1788 690 1814 sunt
720 1794 797 1815 con-

94 1832 244 1873 scriptae,
272 1834 413 1872 gerebat
437 1834 659 1873 consulatum,
683 1839 719 1864 ut
746 1844 797 1865 os-

95 1882 207 1913 tendit
229 1883 319 1913 Dion
349 1884 370 1914 l.
397 1892 465 1914 ΧΠ.
497 1893 530 1923 p.
557 1887 630 1914 152.
681 1885 795 1915 Dacis.

94 1931 178 1962 Mss.
194 1931 279 1971 Reg.
296 1933 420 1963 Eliens.
439 1937 474 1964 et
490 1934 613 1973 Vossii‚
633 1938 667 1964 et
684 1934 794 1966 Editt.

91 1981 221 2021 aliquot
243 1982 337 2012 vett.
355 1982 519 2013 exhibent
541 1983 691 2014 Lentulus
707 1985 795 2016 Con·

92 2031 141 2061 sul
154 2031 391 2063 combendas.
423 2033 506 2065 Quae
524 2031 667 2064 fortasse
684 2034 796 2064 verior

92 2082 207 2113 lectio.
253 2083 398 2113 Poterat
427 2083 515 2113 enim
538 2082 650 2114 media
673 2093 738 2114 vox
761 2084 795 2114 in

92 2132 168 2163 aliis
182 2133 278 2163 libris
294 2132 467 2172 excidere,
484 2138 623 2173 propter
643 2133 796 2164 similitu-

93 2181 205 2213 dinem
232 2182 320 2213 initii
350 2182 442 2213 vocis
466 2183 649 2223 sequentis.
688 2184 795 2215 Chii-k.

93 2232 134 2263 In
155 2232 280 2263 Lovan.
304 2233 423 2263 Brant.
448 2237 484 2263 et
508 2233 651 2263 Dorvill.
674 2233 796 2264 scribi-

93 2286 150 2313 tur
175 2282 324 2313 Lentulus
345 2282 450 2313 consul
473 2282 671 2313 scribendas:
699 2288 737 2312 ut
760 2288 796 2314 et

91 2331 218 2363 habent
246 2332 330 2363 Edd.
363 2332 453 2370 Aldi,
481 2332 639 2373 Gryphii,
666 2334 729 2363 Sec.
760 2333 795 2362 in

92 2383 213 2413 ceteris
231 2384 312 2413 Mss.
330 2383 411 2414 meis
428 2383 581 2414 omnibus
596 2383 684 2414 Edd.
701 2383 794 2414 Med.

91 2432 194 2463 Vasc.
219 2433 335 2473 Steph.
365 2433 505 2473 aliisque
533 2435 637 2465 consul
663 2435 796 2464 conscri-

93 2480 224 2513 bendas:
260 2483 348 2523 quod
381 2482 509 2513 idcirco
539 2483 706 2514 audenter
744 2493 794 2514 re-

94 2532 202 2571 posui,
218 2533 323 2563 invito
339 2533 420 2564 lieet
433 2533 635 2572 Ciacconi03
660 2534 739 2575 quia
755 2544 794 2565 co

94 2589 180 2613 anno
196 2592 261 2613 non
281 2590 352 2613 erat
371 2583 493 2614 Consul
509 2584 682 2615 Lentulus.
726 2585 794 2616 Sed

96 2631 263 2671 significat
292 2634 455 2673 Lentulus,
482 2645 574 2674 quum
602 2637 704 2666 consul
728 2640 795 2667 crat

46 2712 50 2716 ,
99 2681 121 2712 ἰ.
136 2690 166 2711 e.
181 2692 266 2713 anno
279 2683 466 2723 superiore.

137 2733 160 2762 9
190 2733 394 2775 Antonianos]
437 2736 477 2767 C.
507 2735 648 2768 Antonii
682 2737 796 2778 copias

1442 176 1553 217 144‘3

850 275 1012 315 iutelligit
1028 275 1069 306 ad
1087 274 1269 316 Corcyram
1288 286 1391 316 opera
1415 278 1454 308 T.
1473 278 1552 310 Pul-

849 325 955 356 cionis
973 325 1136 366 proditas.
1172 326 1258 356 vide
1276 336 1306 357 c.
1327 330 1390 366 10„
1407 332 1442 358 et
1458 333 1552 360 (207.

850 375 905 406 ubi
920 376 967 405 ait
985 382 1207 416 aut-torsupru
1219 386 1250 406 se
1267 378 1299 406 iil
1314 378 1553 410 ‹lemnus-tram.-

850 431 885 456 et
901 426 998 456 hodie
1016 426 1046 456 id
1064 436 1227 467 nusquam
1243 427 1420 466 reperitur.
1452 429 1550 460 Quod

850 475 975 506 iudicio
1002 482 1067 512 est,
1092 482 1129 507 ut
1153 477 1334 508 observant
1358 478 1418 507 viri
1446 477 1552 516 docti,

849 526 906 566 qui
934 527 1111 564 adeantur,
1139 527 1294 568 quaedum
1322 538 1363 558 ex
1392 528 1477 559 libro
1502 539 1552 560 se-

849 576 959 606 cundo
976 576 1106 607 deesse.

893 629 928 656 ll
955 626 1146 664 Sagittarius
1173 631 1230 658 etc.
1257 637 1299 658 111
1328 628 1430 668 millu]
1458 629 1552 660 Leid-

849 685 915 706 sec.
932 682 967 707 et
992 676 1078 708 Edd.
1095 678 1176 708 vag.
1192 679 1309 718 Steplr.
1325 680 1394 709 Str.
1421 679 1552 720 Grypb.

849 732 936 765 post.
962 726 1220 765 Sagittariorum.
1244 728 1310 758 Sed
1328 729 1434 759 male:
1452 739 1556 769 supra

848 786 888 807 11.
910 779 958 808 18.
977 778 985 793 ‘
1002 777 1121 807 Tritici
1137 777 1265 807 modios
1283 786 1358 808 cxii
1376 779 1467 808 milia
1485 779 1555 818 pol-

848 827 969 858 licetur
983 827 1002 858 :¹
1027 827 1082 858 ubi
1098 828 1200 858 etiam
1219 837 1399 868 perperam
1417 829 1553 869 quidam

850 878 967 908 volunt
985 878 1131 916 modium,
1147 887 1222 918 quae
1246 878 1390 908 variatio
1406 884 1458 908 est
1475 888 1555 918 quo-

848 927 963 968 quein
988 928 1027 958 B.
1045 926 1154 958 Afric.
1180 938 1210 958 c.
1229 930 1280 958 36.
1305 928 1407 958 critici
1421 928 1556 959 modium

848 978 900 1007 vel
926 978 1027 1008 modin
1054 978 1138 1008 milia
1163 986 1236 1008 cce.
1272 978 1374 1008 Plura
1402 977 1478 1008 vide
1511 978 1553 1008 ad

848 1027 1002 1058 Frontin.
1028 1037 1051 1058 1.
1067 1031 1097 1058 6.
1125 1028 1141 1068 ξ
1161 1031 1189 1058 1.
1211 1027 1258 1057 sic
1282 1028 1395 1059 statim
1419 1028 1502 1059 Mss.
1520 1035 1555 1059 et

848 1077 936 1107 Edd.
969 1078 1124 1118 quaedam
1155 1078 1272 1117 equites
1304 1087 1355 1108 vu
1387 1079 1482 1108 millu.
1514 1079 1553 1110 B.

848 1126 947 1166 Hisp.
975 1136 1004 1157 c.
1022 1129 1072 1157 30.
1097 1129 1106 1143 ‘
1125 1137 1201 1157 cum
1226 1128 1247 1157 l.
1271 1133 1443 1158 armatura
1470 1129 1556 1158 mili-

849 1176 908 1206 bus
917 1177 1017 1208 v1.'c.
1029 1179 1081 1207 41.
1099 1179 1107 1193 ‘
1122 1177 1213 1207 vivos
1225 1177 1424 1208 xiv.n1ilia.‘
1441 1178 1556 1208 Livius

849 1234 943 1257 xxii.
961 1230 1013 1257 54.
1038 1228 1047 1243 ‘
1067 1226 1135 1257 Tot
1151 1226 1242 1256 milia
1260 1226 1393 1266 pedites·
1410 1228 1558 1268 equites-

849 1275 937 1316 que.'
965 1285 1020 1306 111.
1049 1279 1099 1307 20.
1127 1279 1158 1306 3.
1195 1278 1203 1293 ‘
1223 1285 1258 1307 x.
1286 1276 1374 1307 milia
1404 1278 1555 1308 coissent

848 1326 998 1358 homines
1014 1326 1034 1364 ;’
1075 1327 1132 1357 ubi
1168 1327 1209 1358 V.
1249 1327 1341 1358 Duk.
1374 1332 1475 1368 atque
1507 1328 1557 1359 ita

850 1377 932 1407 Mss.
950 1380 982 1408 4.
1001 1377 1121 1408 Leidd.

894 1430 932 1458 13
958 1428 1106 1459 cohortes
1129 1437 1180 1467 vr,
1201 1429 1406 1459 mercenarius
1421 1429 1464 1469 11]
1500 1429 1556 1461 Ab

850 1477 940 1508 Aldo
964 1484 999 1509 et
1025 1479 1166 1509 Venetis
1191 1479 1261 1509 hac-c
1285 1479 1388 1510 lectio
1412 1489 1556 1519 procusa

849 1533 911 1560 est.
957 1529 1094 1559 Priores
1117 1529 1205 1559 Edd.
1231 1539 1299 1560 non
1327 1529 1454 1560 babent
1480 1530 1557 1561 illas

850 1588 949 1609 voces
982 1579 1186 1609 mercrnarias
1212 1588 1277 1616 11.;
1302 1580 1353 1610 uti
1378 1589 1441 1611 nec
1471 1580 1555 1613 Mss.

849 1629 962 1660 Palat.
1001 1630 1110 1670 Bong.
1154 1630 1299 1660 Dorvill.
1330 1631 1428 1662 Leid.
1459 1641 1553 1662 sec.:

848 1688 959 1720 neque
975 1681 1079 1711 etiam
1095 1680 1220 1711 habent
1242 1681 1362 1713 locum.
1405 1681 1441 1712 Si
1465 1682 1555 1712 enim

849 1729 1005 1761 distinxit
1020 1740 1076 1760 eas
1095 1730 1211 1761 Caesar
1235 1741 1255 1762 a
1279 1732 1554 1772 praecedeutibns

840 1779 1041 1816 funditorum
1070 1780 1254 1820 cohortibus,
1281 1781 1458 1812 debuisset
1488 1782 1555 1813 illis

848 1829 974 1860 addere
994 1830 1048 1860 vel
1074 1840 1129 1860 cas
1153 1831 1282 1870 imperio
1302 1832 1350 1861 vel
1370 1832 1480 1870 gralia
1504 1831 1556 1862 fu-

846 1879 910 1910 isse
926 1886 1154 1920 comparatas,
1178 1884 1217 1911 ut
1238 1880 1319 1911 facit
1334 1891 1410 1912 mox
1426 1893 1432 1912 z
1458 1883 1513 1913 vel
1527 1882 1555 1913 si

845 1941 900 1962 sex
916 1932 1052 1963 omnino
1075 1932 1206 1971 habuit,
1229 1932 1404 1964 debuisset
1427 1934 1555 1964 inseru-

846 1982 912 2012 isse
927 1982 961 2012 ἐπ
974 1982 1023 2013 his
1039 1983 1092 2013 vel
1110 1983 1233 2013 simile.
1262 1983 1387 2014 Verum
1407 1993 1471 2014 nou
1486 1994 1554 2023 sis,

845 2033 952 2063 multo
980 2033 1089 2063 minus
1118 2037 1184 2063 octo
1201 2033 1400 2071 funditorum
1436 2033 1554 2065 habuit

845 2084 984 2115 cohortes
1001 2084 1187 2124 Pompeius
1202 2095 1208 2114 :
1234 2084 1294 2115 sed
1319 2089 1451 2115 tantum
1468 2086 1556 2116 dicus.

847 2134 988 2174 Optime
1012 2135 1100 2165 enim
1125 2134 1220 2165 Libri
1248 2134 1471 2174 Hotomanni,
1489 2136 1554 2167 Cu-

837 2185 908 2225 jac.
924 2185 1048 2226 Scalig.
1063 2187 1186 2217 Petav.
1201 2187 1329 2217 Lovan.
1342 2186 1438 2218 Leid.
1452 2187 1551 2228 prim.

846 2236 942 2266 Voss.
973 2241 1008 2266 et
1036 2235 1125 2266 Edd.
1168 2235 1305 2267 Vascm.
1335 2236 1454 2276 Steph.
1483 2237 1552 2268 Str.

847 2285 977 2326 Gryph.
1003 2286 1171 2325 posterior
1198 2285 1363 2316 exhibent
1387 2287 1453 2317 coh.
1483 2296 1552 2317 sea:-

845 2336 984 2367 cenarias
1010 2345 1051 2366 11.
1098 2335 1153 2366 Ita
1183 2335 1273 2376 apud
1298 2336 1442 2375 Livium,
1470 2337 1553 2368 Cur-

847 2386 941 2423 tium,
986 2386 1183 2426 Vegetinm,
1229 2386 1322 2425 alios,
1369 2392 1554 2418 occurrunt

845 2438 1114 2477 quadrageimrz'oe,
1130 2437 1342 2477 quingenaria’
1355 2438 1504 2476 cohortes,
1518 2439 1552 2468 in

847 2487 967 2527 quibus
994 2492 1070 2518 sunt
1098 2496 1143 2518 cn
1174 2488 1228 2518 vel
1261 2496 1284 2517 n
1312 2487 1449 2518 milites.
1493 2488 1550 2518 Sic

844 2538 1041 2577 sexcemrioe,
1070 2538 1102 2567 in
1133 2537 1253 2578 quibus
1280 2538 1434 2569 sexcenti
1460 2544 1551 2568 sunt.

846 2588 923 2618 Hoc
941 2597 1022 2628 ergo
1039 2589 1229 2628 composito
1258 2593 1446 2629 augeantur
1464 2589 1551 2618 Lex-

846 2638 910 2669 ica.
944 2638 1090 2668 Librarii
1106 2648 1172 2668 nou
1189 2644 1369 2678 ceperunt,
1387 2637 1466 2678 quid
1483 2637 1550 2667 vel-

846 2688 896 2718 let
936 2688 1107 2729 scn'ptura
1148 2687 1339 2718 meeum-ias.
1391 2686 1459 2717 Adi
1498 2687 1551 2718 Cl.

846 2738 1026 2770 Drakenb.
1043 2738 1085 2770 ad
1099 2739 1172 2769 Liv.
1186 2746 1248 2768 vn.
1262 2740 1293 2768 7.
1310 2741 1345 2768 et
1359 2736 1431 2768 Vir.
1445 2738 1552 2770 noct.
1578 2729 1592 2737 ‘
