1850 3109
563 173 622 201 nr,
665 171 773 201 viri
810 170 941 200 Jumi
978 170 1210 200 CJESARtS.
1501 160 1610 202 1783

163 265 241 307 tris,
264 264 433 314 equitatu
454 269 491 300 ct
511 263 612 300 omni
631 262 723 300 flore
745 263 886 301 militiae
913 263 1086 301 abducto
1118 263 1296 300 Romanis
1328 263 1494 299 Galliam
1523 277 1609 312 pro—

161 329 249 366 dere
268 327 474 371 voluisset;
506 327 690 377 quodque
711 327 746 363 in
768 342 807 364 se
834 327 956 364 suerat
980 325 1224 377 prodidisset.
1283 325 1433 374 Nempe
1453 339 1606 375 regnum

159 403 343 427 consensu
365 390 499 440 populi
519 390 702 428 collatum
719 390 788 427 sibi
809 391 973 435 sordere,
994 397 1031 428 et
1050 389 1141 426 illud
1163 402 1183 425 a
1205 389 1380 425 Romano
1401 387 1499 425 duce
1520 402 1611 425 con-

159 454 265 504 sequi
297 454 371 490 sibi
401 454 601 503 gloriosius
631 453 838 491 extimare:
869 454 1030 503 proinde
1064 453 1229 490 Galliam
1262 452 1318 489 sui
1352 452 1446 501 regis
1475 452 1608 488 fraude

159 516 365 565 proditam,
405 518 477 554 loci
515 517 788 567 oportunitate,
822 523 859 554 et
891 517 1032 554 coelesti
1068 516 1196 552 favore
1230 515 1449 551 liberatam:
1481 526 1606 563 neque

157 580 256 618 enim
288 594 378 618 casu
411 581 551 629 aliquo,
587 581 652 618 sed
687 587 793 618 certo
822 580 977 618 consilio
1012 582 1192 623 evenisse,
1228 586 1270 616 ut
1296 586 1332 615 et
1362 585 1487 615 castra
1518 578 1607 615 tutis

158 643 254 680 locis
294 644 518 689 abduceret,
549 644 662 693 [127]
701 643 884 680 Romanis
915 643 1070 693 propius
1101 642 1256 679 admota
1289 643 1489 686 desereret,
1529 642 1606 678 imo

157 708 270 744 etiam
306 708 484 757 spoliaret
521 708 625 744 omni
662 707 826 752 robore3
871 706 1011 756 vixque
1049 720 1094 744 eo
1135 707 1304 755 digresso
1345 706 1469 742 liostes
1507 705 1610 743 velut

156 771 287 808 nuntio
309 771 440 808 moniti
460 770 729 808 advolassent!
784 771 1051 808 Accusationis
1086 771 1166 808 haec
1188 782 1348 813 summa,
1371 769 1430 805 hic
1451 769 1611 818 suspici-

157 847 271 871 onum
294 835 401 872 color
421 834 514 872 fuit:
546 834 686 884 quibus
706 835 917 884 apparebat
939 834 1033 871 tanti
1054 834 1169 870 modo
1191 833 1286 882 regis
1309 832 1343 868 in
1366 832 1488 868 dubio
1509 833 1610 869 salu-

158 905 234 936 tem
256 899 352 936 verti
369 914 376 943 ;
409 899 481 935 nisi
501 912 585 935 reus
604 898 661 935 liis
677 899 839 948 objectis
854 898 1160 936 constantissime
1177 895 1448 945 respondisset.
1481 900 1490 914 ‘
1506 895 1606 932 Nam

157 962 260 1011 quod
282 970 403 999 castra
424 964 641 1006 moverem,'
670 961 808 1011 inquit,
841 961 996 1011 ‘pabuli
1030 960 1157 1010 coEgit
1191 959 1330 1008 inopia,
1364 966 1401 995 ct
1436 959 1610 995 hortatus

157 1033 299 1063 vester:
333 1033 373 1063 ut
393 1026 549 1075 propius
578 1026 763 1063 Romanis
795 1026 1033 1070 accederem,
1068 1025 1185 1074 ipsius
1219 1024 1312 1061 situs
1345 1023 1420 1059 loci
1452 1023 1609 1060 attraxit

155 1100 223 1138 per
255 1101 292 1125 se
319 1089 443 1139 ipsum
466 1089 562 1125 tuti:
593 1090 741 1138 equites
762 1089 921 1133 abduxi,
943 1102 1038 1138 quos
1068 1088 1301 1138 palustribus
1333 1087 1426 1124 locis
1455 1085 1606 1123 inutiles

156 1152 337 1196 sciebam,
357 1153 466 1190 utiles
499 1159 625 1190 autem
659 1165 737 1202 quo
771 1153 999 1202 pergebam:
1031 1151 1170 1188 ducem
1192 1158 1338 1188 certum
1368 1149 1501 1186 abiens
1531 1161 1607 1186 non

155 1216 293 1261 dimisi,
316 1217 455 1254 veritus
476 1230 522 1254 nc.
543 1215 713 1253 fortassis
733 1216 992 1266 acquiesceret
1023 1215 1177 1252 vocibus
1211 1221 1326 1263 atque
1358 1213 1526 1249 consiliis
1553 1213 1608 1250 in-

155 1292 344 1323 sanorum,
365 1293 530 1330 pugnam
557 1279 795 1317 intolerantia
829 1292 905 1315 non
935 1278 1071 1315 virtute
1101 1277 1357 1327 poscentium.
1415 1278 1607 1314 Romanos

155 1343 185 1380 si
216 1356 276 1380 nie
302 1343 461 1380 absente
481 1356 592 1380 casus
612 1342 754 1387 attulit,
777 1342 939 1380 fortunae
960 1355 1037 1379 non
1066 1341 1173 1379 alteri
1195 1340 1475 1391 imputandum,
1507 1347 1547 1377 at
1576 1340 1607 1376 si

153 1406 283 1456 aliquo
302 1407 487 1444 suadente
508 1407 746 1456 contigisset,
777 1406 956 1444 habenda
990 1406 1042 1443 illi
1062 1406 1182 1456 gratia
1210 1412 1324 1449 esset,
1355 1418 1376 1441 a
1396 1418 1474 1454 quo
1495 1403 1606 1441 nobis

154 1470 369 1521 praestitum
402 1477 444 1509 ut
475 1484 607 1508 eorum
640 1477 678 1507 et
707 1470 941 1520 paucitatem
974 1468 1168 1512 videretis,
1203 1476 1239 1505 ct
1268 1467 1453 1516 ignaviam
1475 1479 1608 1504 nosce-

152 1534 256 1579 retis,
292 1535 358 1584 qui
376 1534 496 1572 stulto
522 1534 704 1580 adventu,
741 1541 851 1583 turpe
881 1533 1020 1579 reditu,
1049 1540 1087 1570 et
1120 1532 1271 1570 consilii
1307 1539 1346 1568 et
1376 1531 1524 1568 virtutis
1554 1530 1610 1568 in-

153 1598 280 1648 opiam
297 1600 499 1636 detexere:
529 1611 549 1635 a
571 1599 719 1637 Caesare
733 1611 805 1648 ego
825 1610 900 1634 non
922 1610 1078 1647 regnum
1099 1609 1167 1646 per
1181 1595 1450 1645 proditionem,
1472 1595 1536 1631 sed
1558 1594 1607 1631 de

153 1674 200 1699 eo
221 1661 415 1699 victoriam
452 1675 522 1711 per
554 1662 729 1699 virtutem
762 1675 898 1711 sper0;
929 1674 1015 1711 quae
1029 1661 1111 1710 jam
1134 1659 1306 1710 proxima
1318 1658 1399 1706 jam
1422 1671 1519 1707 pene
1541 1671 1609 1694 no·

154 1725 211 1762 bis
233 1725 267 1761 in
291 1726 465 1763 manibus
485 1733 565 1763 est:
598 1726 687 1775 quin
710 1726 784 1763 lioc
806 1726 931 1775 ipsum
959 1737 1119 1774 regnum
1149 1725 1252 1773 quod
1275 1735 1465 1759 consensu
1486 1722 1608 1759 omni-

153 1801 213 1826 um
229 1788 320 1838 jure
340 1789 517 1838 possideo
537 1797 675 1839 sponte
695 1790 884 1827 dimittere
898 1796 1053 1839 paratus
1074 1788 1211 1833 sum‚si
1228 1787 1387 1823 forsitan
1403 1799 1468 1822 vos
1485 1785 1607 1822 hono-

152 1865 229 1889 rem
254 1853 343 1890 milii
364 1854 491 1903 potius
508 1855 717 1892 contulisse
738 1853 891 1891 creditis
914 1866 1026 1903 quam
1045 1866 1066 1889 a
1083 1866 1142 1889 me
1155 1850 1381 1888 beneficium
1398 1848 1606 1898 accepisse.

151 1916 280 1954 Caesar
301 1917 577 1968 Romanusque
609 1918 798 1956 exercitus
834 1917 964 1956 ultima
984 1917 1132 1954 laborat
1161 1915 1314 1964 inopia:
1339 1914 1424 1961 jam
1441 1911 1488 1948 ad
1513 1924 1608 1961 pug-

152 1993 234 2018 nam
256 1987 371 2030 atque
391 1980 438 2018 ad
460 1994 558 2031 opus
590 1989 629 2019 et
653 1981 767 2019 animi
787 1989 825 2018 et
845 1993 1042 2031 corporeae
1059 1979 1154 2016 vires
1173 1979 1336 2015 desunt:
1365 1982 1405 2013 et
1424 1975 1493 2012 nisi
1514 1988 1608 2013 eon-

154 2043 277 2081 festim
298 2044 401 2081 aliud
435 2045 641 2094 insperatae
657 2045 848 2082 felicitatis
868 2043 1070 2088 affulserit,
1101 2042 1247 2079 abitum
1278 2040 1506 2078 moliuntur:
1540 2040 1608 2076 lio·

154 2120 236 2144 runi
269 2115 308 2144 ut
337 2121 359 2144 a
389 2121 446 2146 me
474 2107 610 2146 fictum
633 2109 728 2146 nihil
760 2108 1021 2159 suspicemini,
1055 2109 1251 2144 Romanos
1282 2104 1418 2141 milites
1452 2102 1610 2140 audite.'

152 2172 270 2208 lirant
303 2172 399 2209 servi
425 2172 542 2221 aliqui
580 2172 678 2209 inter
698 2172 960 2222 pabulandum
981 2171 1087 2221 capti
1108 2177 1144 2208 et
1165 2170 1201 2206 in
1229 2181 1381 2206 carcere
1403 2167 1492 2204 torti
1512 2166 1610 2204 mul-

152 2235 331 2284 tipliciter
359 2242 397 2272 et
423 2235 570 2279 afflicti,
587 2236 763 2286 jussique
784 2236 888 2284 quod
922 2248 991 2285 per
1010 2248 1074 2272 eos
1099 2233 1176 2270 dici
1197 2232 1331 2268 vellet:
1362 2237 1400 2266 et
1431 2228 1609 2278 producti

151 2299 188 2335 in
228 2298 410 2344 medium,
450 2300 674 2350 legionarios
706 2313 743 2336 se
779 2297 1055 2347 S⁶†‘stultum
1090 2310 1173 2334 esse
1210 2296 1247 2332 in
1287 2293 1394 2332 bellis
1423 2305 1611 2343 prospera

152 2362 278 2398 omnia
309 2375 479 2411 sperare:
511 2362 762 2412 temperanda
809 2361 989 2398 dulcibus
1023 2373 1162 2404 amara,
1198 2359 1296 2396 laetis
1331 2358 1475 2401 tristia;
1516 2369 1611 2395 nun·

154 2438 268 2475 quam
303 2426 360 2462 sui
387 2425 534 2463 consilii
563 2426 676 2464 fuisse
707 2432 748 2464 ut
787 2424 1082 2463 defenderetur:
1111 2423 1246 2461 secisse
1280 2423 1355 2459 hoc
1395 2420 1610 2471 Biturigum

195 2549 235 2577 86
260 2547 325 2578 Hic
342 2548 447 2578 multa
465 2547 601 2586 desunt,
620 2553 656 2580 ut
673 2548 787 2579 videre
805 2548 885 2579 licet
902 2548 935 2578 in
947 2548 1104 2579 szsare:
1129 2552 1163 2578 et
1183 2545 1358 2587 sequentia
1374 2544 1548 2584 pertinent
1566 2541 1610 2572 ad

151 2599 352 2637 orationem,
369 2610 467 2640 qnam
488 2601 746 2642 Vercingetorix
760 2600 879 2632 habuit
895 2601 963 2631 suis
982 2601 1142 2631 militibus
1160 2605 1237 2640 post
1254 2597 1434 2629 Avaricum
1452 2600 1608 2634 captum:

152 2659 301 2684 attamen
319 2655 524 2694 transposita
540 2653 725 2695 suerunt‚et
738 2655 893 2697 sequitur
910 2655 1027 2686 eadem
1045 2653 1195 2685 narratio
1209 2652 1296 2683 intra
1314 2660 1346 2691 p.
1365 2651 1458 2680 1786.
1484 2646 1539 2678 ubi
1558 2652 1609 2677 est

152 2706 216 2737 hoc
231 2706 360 2747 signum
375 2716 388 2744 4
402 2730 411 2738 .
