1850 3109
209 168 324 211 1638

211 273 335 305 milites
349 272 508 314 singulm,
527 273 763 304 sestertiorum
778 281 810 311 c,
835 273 912 304 vide

210 324 313 356 etiam
339 325 380 356 ad
403 325 442 356 B.
470 325 567 356 Alex.
594 333 623 355 c.
648 327 700 355 48.
747 324 913 355 Glandor-

211 374 285 413 pius
303 374 356 405 hic
368 384 485 406 numos
500 385 558 406 seu
572 374 728 405 denarios
747 378 912 404 centenos

210 422 382 464 intelligit.

253 476 293 504 27
318 475 420 514 Atque
453 475 483 503 in
512 483 638 511 regnum
669 474 714 503 ire
741 472 913 512 contendit]

212 524 322 555 Editt.
350 525 503 555 Florent.
533 522 574 554 A.
599 524 643 553 D.
676 524 770 553 1508.
801 532 819 553 a
849 522 911 552 Ph.

210 574 381 606 Beroaldo
418 578 549 610 curata,
599 572 764 613 probante
811 573 911 605 Joan.

209 625 422 663 Rhellicano,
449 629 675 664 repraesentat
689 627 782 664 alque
798 626 828 655 in
844 636 911 664 reg-

208 685 281 706 uum
305 675 398 705 ιΙιιΙκε
420 675 540 706 tendit:
563 674 621 705 sed
639 675 711 706 haec
729 685 811 714 pur-a
830 682 912 715 puta

210 730 263 756 est
279 725 420 755 editoris
432 724 681 765 παραδιόρθωσις,
699 725 753 765 qui
780 726 911 755 nescius

210 779 284 805 erat
301 784 428 811 regnum
446 783 508 815 pro
527 784 628 814 reguo
649 774 748 806 Jubae
766 775 833 804 κιτ·
852 775 912 812 ἐξο-

211 826 273 864 χὴν
287 826 342 856 hic
371 826 460 867 poni.
506 825 562 856 Sic
579 824 665 855 infra
680 835 710 855 c.
728 827 780 855 92.
805 825 813 840 ‘
832 824 911 864 Ipse

210 875 359 916 (Caesar)
387 881 523 916 postero
551 875 606 906 die
634 875 736 906 Utica
759 884 911 913 egressus

209 925 258 957 ire
275 925 451 957 contendit
475 925 507 956 in
533 924 685 963 regnum!
731 924 775 954 Et
802 934 832 953 (·.
857 926 910 954 93.

209 976 218 992 ‘
236 976 489 1007 Considius—in
519 985 649 1014 regnum
686 973 803 1013 fugere
836 983 912 1005 con-

212 1025 347 1057 tendit!
395 1026 433 1056 In
453 1025 552 1056 editt.
571 1025 665 1055 Rom.
684 1029 719 1055 et
744 1024 832 1055 Ven.
861 1025 911 1054 hae

209 1080 458 1117 sequentesque
481 1085 540 1106 sex
565 1084 665 1106 voces
683 1074 913 1105 Librariorum

210 1132 269 1158 ant
308 1127 476 1158 editorum
525 1125 654 1156 incuria
696 1126 910 1156 omittuntur.

208 1178 324 1209 Daris.
369 1177 462 1208 Juboe
487 1177 589 1206 etiam
619 1176 685 1206 Ms.
715 1175 828 1206 Ursin.
853 1185 912 1216 pro

208 1229 268 1260 ire.
311 1227 403 1258 Jubae
418 1227 465 1257 ire
490 1227 624 1257 intendit
641 1226 739 1257 Leid.
765 1236 814 1266 pr.
861 1228 914 1257 In-

210 1278 311 1311 tendit
327 1277 465 1309 defendi
483 1281 599 1317 posset
614 1286 655 1307 ex
674 1277 726 1315 iis,
745 1287 820 1317 quae
842 1277 910 1307 dixi

210 1329 252 1360 ad
276 1330 316 1359 B.
345 1329 389 1359 G.
414 1337 471 1359 ιιι.
495 1330 548 1358 26.
593 1327 659 1357 Sed
686 1327 732 1357 ire
759 1328 914 1358 contendit

209 1378 393 1419 saepissime
413 1377 552 1408 adhibet
570 1376 714 1408 Hirtius.
762 1378 853 1409 Cave
881 1388 914 1408 e·

211 1430 303 1470 tiam,
326 1439 368 1461 ne
395 1430 488 1470 legas
515 1429 620 1459 Juba:
643 1439 732 1469 nam,
757 1433 793 1460 nt
818 1434 915 1470 patet

211 1490 251 1511 ex
269 1490 299 1512 c.
315 1483 368 1511 91.
388 1480 444 1510 ille
461 1490 528 1510 non
544 1478 665 1510 adfuit.

253 1539 439 1562 Lxxxvni.
477 1534 497 1561 6
535 1531 573 1561 In
602 1529 687 1569 suga
714 1530 916 1571 destinatam]

212 1582 278 1612 Ms.
310 1582 419 1612 Dorv.
448 1591 523 1611 cum
553 1581 653 1611 editis
693 1580 787 1611 Rom.
826 1581 913 1611 Ven.

209 1627 291 1663 Ber.
304 1631 461 1671 infugam
482 1630 691 1666 destinatum;
715 1630 776 1661 hac
801 1635 913 1662 autem

209 1682 359 1713 lectione
399 1682 480 1712 nihil
518 1686 571 1712 est
606 1691 703 1721 oan,
739 1691 814 1711 cum
848 1681 915 1711 ista

210 1731 420 1772 praepositio,
446 1735 574 1762 motum
599 1731 776 1770 denotans,
799 1741 912 1762 casum

209 1781 394 1812 ablativum
409 1782 589 1822 aliquando
610 1786 687 1822 post
703 1792 738 1812 se
756 1782 912 1822 recipiat.

210 1833 340 1863 Noster
363 1843 437 1863 cum
466 1832 545 1862 alibi
574 1833 638 1863 hoc
667 1832 699 1862 in
724 1832 824 1871 libro,
842 1838 912 1863 tum

210 1891 241 1912 c.
257 1885 311 1912 70.
334 1882 342 1898 ‘
357 1882 396 1912 ln
424 1882 763 1913 castris—incolumes
791 1883 912 1913 redux-

208 1931 260 1962 it!
306 1932 495 1971 Cyprianus
512 1932 552 1962 de
576 1932 662 1962 Idol.
690 1933 777 1963 Van.
806 1942 835 1963 c.
865 1942 913 1965 lv.

209 1986 241 2014 4.
273 1982 283 1998 ‘
302 1982 505 2022 Inrepentes
542 1982 644 2013 etiam
670 1983 701 2013 in
737 1983 914 2022 corporibus

210 2033 343 2065 occulte
356 2038 504 2064 mentem
518 2033 669 2064 terrent!
696 2033 782 2064 Vide
795 2038 830 2064 et
842 2039 911 2065 not.

211 2083 253 2115 ad
286 2084 327 2115 B.
359 2083 403 2114 G.
432 2093 512 2114 vui.
537 2086 567 2113 8.
613 2084 724 2114 Daris.
773 2083 913 2122 Iusuga

207 2134 403 2164 destinatam.
447 2134 574 2164 Merito
598 2144 656 2164 eos
691 2134 914 2174 reprehendit

209 2185 382 2224 Davisius,
410 2185 466 2226 qui
484 2185 647 2224 scribunt,
670 2185 702 2215 in
718 2183 831 2224 fugam
848 2186 913 2215 des-

209 2235 353 2266 tinatam.
400 2235 465 2266 Sed
486 2235 604 2276 etipse
619 2235 762 2275 inhujus
776 2235 914 2265 locutio-

208 2286 261 2317 nis
289 2286 419 2316 ratione
443 2285 658 2326 explicanda,
685 2289 787 2316 errat.
836 2286 914 2316 Non

210 2336 300 2367 enim
331 2336 402 2367 haec
429 2336 639 2376 praepositio,
668 2345 770 2375 quum
788 2341 913 2366 motum

209 2386 349 2427 proprie
378 2386 529 2424 denotat,
551 2396 627 2416 cum
658 2385 806 2416 ablativo
837 2396 915 2416 con·

203 2436 380 2477 jungitur;
405 2435 499 2476 (vide
525 2445 601 2476 quae
625 2445 727 2475 supra
751 2440 914 2466 annotata

210 2491 291 2519 sunt
307 2487 349 2518 ad
368 2496 416 2518 ιν.
447 2487 514 2524 12.)
536 2486 608 2523 sed,
634 2486 765 2524 insnga
780 2486 913 2517 destina-

211 2540 287 2577 tam,
318 2542 383 2576 est,
405 2535 438 2567 in
460 2535 545 2576 suga
569 2536 751 2576 cogitanda
779 2536 913 2567 destina-

209 2591 285 2618 tam.
312 2587 420 2618 Clark.
468 2587 592 2618 Notam
609 2586 657 2617 sic
685 2586 850 2617 emendo:
875 2586 914 2616 In

204 2636 289 2677 suga
303 2636 501 2668 destinatam.
537 2636 629 2678 Lege
650 2641 836 2678 mentemque
847 2647 915 2677 per-

211 2687 367 2726 territam,
394 2691 484 2730 atque
509 2687 544 2719 in
569 2687 681 2729 sugam
707 2689 914 2725 destinatam,-

211 2743 312 2782 prout
327 2739 491 2771 exhibent
509 2739 612 2772 Norv.
642 2739 771 2771 Buslid.
797 2744 832 2771 et
858 2750 913 2772 ve-

956 573 1071 611 fugw:
1095 578 1132 603 nt
1149 573 1250 603 aliter
1265 573 1357 613 loqui
1383 578 1506 603 amant.

682 177 824 208 NOTAE
858 176 1076 208 vAnloRU
1088 178 1120 207 Μ
1155 177 1206 207 lN

965 277 1066 302 teres.
1128 272 1182 302 lta
1211 275 1327 302 noctem
1363 270 1538 311 quoa-imam
1564 268 1665 302 editt.

963 322 1131 352 destinasse
1155 322 1185 351 iu
1201 321 1315 360 sugam
1340 321 1427 351 dixit
1444 320 1553 352 Amin.
1573 321 1664 351 Mar·

965 371 1105 401 cellinus
1139 380 1240 402 xxix.
1274 374 1304 402 6.
1345 371 1458 401 Duris.
1495 380 1565 401 cur.
1594 380 1663 401 sec.

966 420 1134 459 Infugam
1154 421 1245 460 legas
1272 431 1405 461 quoque
1434 420 1466 449 in
1496 418 1668 450 Leidensi-

966 470 1040 508 bus,
1064 471 1153 500 sval.
1187 471 1331 501 Dorvill.
1357 477 1391 501 et
1420 471 1505 501 Edd.
1537 470 1664 509 primis,

965 520 1046 550 item
1075 521 1177 552 Vasc.
1210 521 1386 561 Stephani,
1424 526 1459 551 et
1494 521 1577 560 aliis,
1604 529 1665 560 pro

1555 572 1668 603 Recte

965 624 1110 663 priorem
1124 623 1325 654 sententiam
1338 624 1481 653 mutavit
1494 622 1667 653 Davisius.

1010 677 1047 704 13
1071 675 1157 705 Dum
1187 673 1384 713 concidisset]
1424 673 1562 704 Rectius
1587 682 1669 703 uon-

964 725 1046 755 nulli
1073 735 1182 765 quattu
1205 725 1287 756 licet
1309 726 1371 754 hoc
1399 723 1597 755 Ciacconius
1614 723 1670 753 de-

963 774 1081 805 fendat
1097 784 1115 805 e
1132 785 1162 805 c.
1178 778 1231 805 61.
1258 774 1310 804 ubi
1331 774 1406 804 vide
1421 778 1550 805 notata.
1574 772 1667 804 Mate

964 824 1079 864 itaque
1119 824 1280 854 Davisius
1311 825 1344 854 in
1374 825 1415 855 Β.
1446 823 1544 863 Hisp.
1577 833 1605 854 c.
1639 826 1669 854 l.

964 876 972 891 ‘
993 875 1083 905 Dum
1108 875 1222 906 Caesar
1239 875 1270 904 in
1288 875 1389 905 Italia
1407 873 1603 914 detinetur,'
1619 883 1670 905 re-

965 935 1088 965 ponere
1129 929 1240 956 tentat
1269 925 1485 956 detineretur:
1521 934 1583 955 nec
1611 925 1670 955 dc-

964 977 1083 1008 fendat
1099 987 1134 1008 se
1160 987 1188 1008 c.
1209 979 1258 1008 13.
1284 977 1292 993 ‘
1314 976 1404 1007 Dum
1429 975 1590 1016 oppidum
1613 984 1671 1016 po·

964 1029 1020 1059 tiri
1051 1038 1150 1069 posse
1182 1038 1216 1059 se
1259 1032 1437 1068 sperarent
1455 1026 1473 1066 ς’
1504 1036 1581 1057 narn
1622 1026 1669 1057 ibi

964 1080 1118 1111 meliores
1148 1079 1225 1109 libri
1255 1081 1379 1119 sperant
1405 1078 1458 1108 vel
1484 1076 1672 1117 sperabant:

963 1131 1017 1161 vel
1041 1141 1072 1161 c.
1092 1133 1142 1161 16.
1166 1133 1175 1146 ⁴
1195 1134 1244 1168 ut,
1261 1129 1340 1159 dnm
1364 1128 1471 1159 nostri
1496 1128 1528 1158 in
1554 1127 1670 1168 praeda

963 1180 1213 1218 detinerentur,
1230 1179 1276 1209 illi
1300 1179 1342 1209 ad
1363 1178 1520 1218 praesidia
1535 1187 1571 1208 se
1589 1178 1673 1208 reci·

964 1230 1121 1270 pei-entz'
1146 1234 1205 1260 aut
1233 1239 1261 1260 c.
1288 1232 1340 1259 23.
1373 1231 1381 1245 ‘
1399 1228 1476 1258 dum
1503 1228 1609 1258 nostri
1637 1228 1671 1258 in

964 1290 1069 1321 opere
1086 1279 1226 1310 distenti
1243 1278 1380 1310 essent.>
1427 1279 1513 1309 Nam
1536 1278 1602 1309 illis
1626 1279 1671 1309 lo-

965 1331 1013 1360 cis
1041 1334 1159 1361 notare
1185 1334 1300 1369 potest
1327 1329 1493 1369 quamdiu:
1515 1333 1553 1359 ut
1580 1329 1669 1369 apud

966 1379 1069 1412 Ovid.
1098 1389 1139 1410 ex
1171 1380 1211 1410 P.
1239 1388 1292 1410 ιιι.
1320 1382 1351 1410 2.
1383 1381 1412 1410 3.
1446 1379 1455 1395 ⁴
1475 1379 1564 1409 Dum
1593 1378 1670 1416 tibi,

966 1441 1041 1471 quae
1070 1430 1152 1467 vidi,
1177 1429 1357 1460 referam:'
1392 1430 1474 1460 licet
1501 1434 1536 1460 ct
1563 1429 1608 1459 ibi
1637 1429 1672 1459 in

967 1480 1032 1510 Ms.
1051 1480 1234 1520 repererim
1252 1480 1371 1517 refero:
1389 1486 1426 1511 ut
1442 1485 1477 1510 et
1491 1480 1671 1510 detinentur

968 1540 997 1561 c.
1017 1533 1068 1561 lo.
1092 1530 1126 1560 in
1150 1531 1232 1562 Mss.
1257 1535 1359 1571 atque
1383 1531 1431 1560 ita
1453 1529 1586 1560 variant
1610 1530 1674 1560 Co—

966 1581 1058 1612 dices
1077 1581 1214 1621 passim.

1010 1635 1047 1662 15
1086 1632 1253 1662 Contiuere
1281 1635 1372 1672 atque
1401 1632 1508 1662 vulnus
1535 1631 1674 1671 obligare

965 1682 1141 1722 coepisseut]
1180 1682 1288 1713 Norv.
1324 1682 1426 1713 habet
1455 1693 1522 1713 cum
1557 1685 1672 1712 tenere.

968 1733 1058 1771 Lege
1082 1742 1148 1763 eum
1172 1735 1275 1763 tenere
1297 1736 1390 1773 atque
1413 1733 1520 1763 vulnus
1535 1732 1672 1771 obligare

965 1783 1136 1822 coepissent,
1167 1787 1204 1813 ut
1232 1782 1359 1813 diserte
1397 1783 1520 1813 Petav.
1559 1782 1673 1813 Dacis.

966 1842 1038 1864 cur.
1064 1844 1132 1865 see.
1181 1834 1264 1865 Cum
1289 1834 1431 1865 Davisio
1455 1834 1567 1865 malim
1593 1843 1673 1874 quo-

967 1893 1031 1924 qne
1047 1894 1115 1915 eum
1132 1889 1257 1915 tenere:
1278 1885 1360 1915 licet
1383 1885 1538 1915 continere
1563 1888 1598 1914 et
1622 1882 1672 1913 ob-

964 1935 1065 1973 ligare
1088 1936 1196 1966 vulnus
1214 1935 1314 1975 jungi
1338 1935 1478 1975 possint,
1494 1939 1531 1965 ut
1547 1932 1673 1974 signifi-

966 1988 1035 2021 cet,
1052 1985 1158 2014 vulnus
1171 1984 1318 2024 inhibere,
1333 1985 1542 2024 comprimere.

1009 2037 1050 2064 22
1079 2035 1121 2064 [t
1147 2034 1263 2074 aliquid
1287 2034 1349 2065 sibi
1377 2045 1415 2065 ca·
1441 2044 1476 2065 ea
1502 2043 1536 2064 re
1557 2033 1673 2064 auxilii

963 2087 1105 2126 pararet]
1144 2086 1198 2116 Sic
1226 2096 1243 2116 e
1270 2087 1379 2117 veteri
1407 2085 1522 2116 Ursini
1544 2084 1672 2115 Codice

966 2136 1105 2167 rescribi
1123 2137 1254 2167 curavit
1277 2137 1443 2177 Scaliger,
1466 2140 1501 2167 et
1528 2136 1577 2166 ita
1599 2134 1672 2166 fere

967 2187 1062 2217 Leid.
1087 2196 1153 2217 sec.
1178 2187 1235 2227 qni
1259 2187 1361 2217 hab‹t
1377 2186 1539 2217 auxilium.
1585 2186 1671 2216 Cum

965 2238 1065 2278 vulgo
1082 2238 1254 2277 legeretur
1270 2241 1302 2268 ut
1319 2238 1441 2276 aliquod
1456 2236 1515 2266 sibi
1532 2245 1571 2266 ex
1586 2246 1620 2266 ea
1639 2244 1673 2266 re

964 2287 1116 2318 auxilium
1144 2291 1281 2327 pararet.
1327 2286 1375 2317 At
1406 2286 1553 2317 Dorvill.
1584 2286 1670 2318 Edd.

967 2340 1064 2369 Rom.
1084 2338 1179 2369 Med.
1205 2338 1290 2367 ven.
1314 2341 1349 2367 ut
1371 2337 1487 2377 aliquid
1508 2336 1568 2367 siba·
1589 2336 1673 2376 (sibi

965 2388 1028 2418 haec
1054 2388 1176 2427 Dorv.)
1199 2398 1233 2418 ra
1260 2398 1308 2418 res
1331 2387 1546 2418 auxiliaretur.
1590 2388 1671 2418 Sca-

965 2439 1023 2478 lig.
1040 2443 1076 2468 et
1093 2438 1188 2469 Leid.
1206 2447 1256 2477 pr.
1282 2438 1353 2468 sine
1376 2439 1420 2475 τῷ
1441 2441 1487 2477 ut,
1509 2438 1593 2468 dant
1616 2438 1673 2468 ali-

965 2489 1038 2528 quid
1063 2487 1123 2518 sibi
1146 2498 1186 2518 ex
1208 2498 1243 2518 ea
1265 2488 1482 2518 auxiliaretur.
1529 2487 1671 2527 Optime

967 2540 1084 2570 l'etav.
1109 2539 1146 2569 L.
1166 2540 1272 2568 Coesar
1294 2538 1415 2578 aliquid
1435 2538 1495 2568 sibi
1516 2547 1556 2567 ex
1578 2547 1613 2568 ea
1637 2547 1670 2568 re

965 2590 1079 2619 auxilii
1096 2592 1205 2619 ratus.-
1232 2589 1321 2629 quod
1342 2589 1574 2629 reponendum
1602 2597 1673 2619 om-

965 2640 1043 2672 nino
1061 2641 1218 2671 arbitror.

1007 2694 1048 2722 24
1073 2691 1112 2721 In
1130 2690 1264 2721 Coesaris
1274 2689 1447 2729 clementia]
1474 2688 1672 2729 Leidenses,

965 2743 1042 2775 Pet.
1067 2742 1153 2776 Scai.
1181 2743 1287 2775 Dorv.
1310 2741 1343 2773 in
1368 2742 1404 2775 C.
1423 2741 1568 2773 casaris.
1613 2739 1671 2773 Aa
