1850 3109
527 178 588 208 nn
627 176 743 207 vi'rA
773 176 906 207 sumi
939 175 1172 207 CAESAMS.
1469 169 1583 212 1839

125 276 297 327 quodam
323 273 427 325 quod
447 273 658 324 Pompejus
680 274 879 319 invaserat,
900 278 1028 310 tantus
1049 272 1120 310 fuit
1138 273 1259 311 imber
1278 274 1512 323 sagittarum,
1536 284 1578 315 nt

124 341 201 379 sine
229 341 381 378 vulnere
402 338 647 375 defensorum
676 337 803 375 nullus
824 337 1014 382 evaderet,
1035 336 1126 386 quin
1147 343 1183 373 et
1212 337 1455 375 centuriones
1485 354 1578 389 qna-

124 410 212 441 tuor
231 403 353 441 oculis
385 402 487 452 capti
516 408 653 446 essent,
683 408 721 438 et
754 408 878 439 tamen
913 415 998 439 sero
1026 400 1151 438 diurni
1178 400 1316 438 laboris
1347 414 1390 439 ac
1416 403 1576 451 periculi

125 479 312 504 summam
331 465 627 515 ²³imperati0nis
650 478 721 502 non
744 472 822 502 tam
841 465 997 502 auribus
1019 478 1134 515 quarn
1162 465 1285 502 oculis
1308 466 1498 514 subjicere
1528 480 1574 506 ac

121 536 394 580 repraesentare
423 529 695 574 decrevissent,
722 528 875 577 triginta
895 528 1116 575 sagittarum
1139 529 1241 565 milia
1269 537 1576 570 numeraverunt.

122 593 224 630 Inter
261 599 402 630 cuncta
443 593 582 630 ²⁴Cesii
620 593 752 630 Scevae
791 592 1025 630 centurionis
1064 592 1299 629 admirabilis
1334 593 1451 631 virtus
1489 594 1575 642 fuit,

120 657 233 705 cujus
248 662 398 693 scutum
419 656 578 693 relatum
601 655 741 692 Caesari
762 655 978 704 perfossum
998 656 1187 692 ²⁵centum
1220 656 1353 706 viginti
1384 658 1578 696 foramini-

123 718 193 755 bus
212 725 270 756 est
298 719 519 756 inventum:
551 717 599 755 de
629 731 706 768 quo
739 718 894 767 quidem
916 718 1018 756 varia
1037 725 1093 756 est
1123 718 1238 758 fama.
1299 721 1468 764 Quidam
1502 729 1577 761 tra-

120 781 218 819 dunt
235 783 426 819 Coesarem
450 781 515 818 viri
537 788 574 819 et
604 782 650 819 de
672 796 709 819 se
730 788 768 820 et
796 783 844 820 de
864 782 1059 832 republica
1079 788 1120 820 ut
1140 783 1247 831 ajunt
1277 784 1326 821 ita
1357 786 1480 823 meriti
1511 801 1575 824 ex-

120 845 207 883 imia
231 845 369 882 virtute
397 851 627 894 permotum,
650 858 725 894 qua
759 846 959 884 castellum
991 859 1112 896 prope
1138 847 1218 884 sola
1249 855 1439 886 servatum
1474 856 1576 889 esset

120 908 346 958 pecuniariis
366 921 451 945 eum
474 907 585 944 donis
617 908 834 958 ingentibus
865 915 905 947 et
942 910 1088 960 magnis
1110 910 1320 948 honoribus
1345 914 1575 959 cumulasse,

117 978 156 1009 ct
176 972 272 1009 inter
302 977 442 1008 caetera
473 971 523 1008 ab
558 969 746 1009 ²⁶uccanis
775 972 973 1011 ordinibus
992 974 1041 1012 ad
1068 974 1304 1024 primipilum
1327 977 1572 1026 provexisse:

116 1035 313 1072 cohortem
337 1048 425 1071 vero
449 1040 569 1071 totam
584 1034 734 1084 duplici
755 1035 944 1086 stipendio
965 1043 1002 1074 et
1022 1037 1130 1075 donis
1146 1038 1374 1076 militaribus
1396 1053 1575 1089 prosecu-

118 1106 214 1136 tum.
271 1099 382 1147 Apud
404 1098 499 1135 alios
522 1099 659 1136 Scaeva
679 1099 794 1144 idem,
816 1099 914 1138 duce
933 1101 1104 1148 absente,
1126 1101 1433 1153 cedentibusque
1454 1105 1573 1141 comi-

117 1160 234 1208 tibus,
251 1169 383 1200 contra
402 1174 554 1199 omnem
574 1162 749 1212 Pompeji
768 1164 979 1202 exercitum
996 1166 1098 1202 solus
1114 1165 1229 1209 stetit,
1250 1171 1286 1203 et
1303 1166 1442 1215 clypeo
1464 1178 1572 1207 cxx.

116 1227 278 1265 telorum
312 1226 454 1264 ictibus
483 1226 669 1264 transfixo
699 1226 881 1276 mirisque
913 1233 951 1265 et
984 1228 1274 1266 incredibilibus
1305 1229 1418 1266 rebus
1459 1231 1576 1280 gestis

117 1290 327 1335 occubuit;
356 1290 495 1340 jacens
529 1302 684 1339 quoque
705 1289 917 1327 victoribus
947 1292 1128 1329 terribilis
1164 1304 1209 1328 ac
1243 1292 1468 1341 stupendus,
1506 1294 1574 1344 qni

117 1360 173 1391 tot
193 1355 349 1391 eximias
369 1366 517 1404 pugnas
546 1353 584 1390 in
616 1352 745 1390 Gallia
775 1353 1048 1405 Britanniaque
1083 1356 1242 1399 fecerat,
1272 1362 1405 1393 contra
1439 1370 1572 1395 ornnes

116 1417 241 1455 hostes
263 1430 412 1467 semper
433 1417 615 1461 invictus,
637 1429 657 1453 a
679 1416 827 1454 civibus
842 1417 918 1455 suis
941 1419 1093 1456 tandein
1115 1419 1338 1457 interfectus
1359 1426 1430 1458 est.
1466 1420 1572 1458 Felix

115 1494 137 1519 a
169 1482 416 1532 scriptoribus
436 1481 588 1518 ²⁷dictis
626 1480 657 1517 si
689 1493 760 1530 pro
781 1481 958 1519 libertate
978 1482 1150 1520 omnium
1173 1482 1337 1527 fecisset,
1360 1483 1465 1532 quod
1500 1496 1572 1534 pro

115 1545 272 1583 domiuo
292 1558 359 1582 suo
379 1544 486 1583 fecit.
542 1544 605 1582 Sic
625 1558 663 1582 se
678 1546 794 1582 rebus
815 1545 1065 1590 habentibus,
1079 1547 1209 1584 Caesar
1227 1559 1298 1584 nec
1319 1547 1571 1597 prosperitate

114 1609 311 1653 tumidior,
344 1621 414 1646 uec
443 1607 677 1646 adversitate
705 1609 951 1655 contractior,
973 1610 1144 1660 quotidie
1163 1611 1202 1648 in
1234 1610 1358 1648 aciem
1380 1610 1574 1649 ²3reduce-

115 1673 195 1716 bat,
230 1679 267 1709 et
288 1684 427 1722 pugnae
448 1671 603 1721 copiam
631 1671 814 1709 faciebat:
837 1673 949 1722 [200]
969 1686 1072 1723 saepe
1105 1674 1219 1711 etiam
1251 1673 1420 1723 legiones
1452 1687 1570 1724 prope

113 1743 233 1772 castra
268 1735 435 1772 bostium
461 1734 655 1780 subibant,
678 1734 731 1771 ira
763 1741 806 1772 ut
835 1748 855 1772 e
894 1735 993 1773 vallo
1027 1736 1111 1774 telis
1144 1736 1258 1774 etiam
1285 1737 1365 1786 peti
1400 1744 1569 1787 possent.

112 1798 324 1849 Pompejus
345 1805 479 1835 contra
499 1811 546 1836 ne
565 1798 746 1836 obsessus
766 1798 922 1836 omnino
937 1799 1143 1846 videretur,
1162 1799 1276 1838 famae
1296 1800 1422 1850 potius
1443 1801 1574 1839 studio

114 1874 227 1912 quam
250 1861 339 1899 belli
355 1874 425 1911 pro
446 1862 581 1899 castris
598 1859 880 1911 ¹¹³⁹explicabat:
903 1862 967 1900 sed
985 1863 1036 1900 ita
1057 1869 1099 1901 ut
1116 1871 1246 1901 castra
1273 1864 1469 1901 novissimi
1490 1871 1572 1902 tan-

110 1932 253 1974 gerent,
283 1931 402 1974 utque
433 1937 565 1962 omnes
584 1924 681 1961 intra
700 1924 862 1962 telorum
894 1938 915 1962 e
945 1926 1045 1963 vallo
1065 1926 1298 1964 venientIum
1323 1927 1477 1975 jactum
1498 1934 1571 1965 sta-

110 1995 209 2026 rent.
266 1987 526 2026 Nihilominus
560 1988 691 2025 Caesar
721 1988 863 2026 interea
894 1991 1069 2039 quamvis
1099 1990 1201 2028 bello
1221 1991 1412 2033 intentus;
1444 1998 1570 2029 tamen

111 2052 299 2102 propositi
328 2051 386 2089 sni
419 2063 566 2088 memor
584 2051 631 2088 de
651 2063 747 2100 pace
768 2051 977 2101 cogitabat,
1007 2059 1045 2090 et
1064 2053 1206 2091 totiens
1227 2053 1365 2090 frustra
1385 2060 1568 2091 tentatam

112 2115 196 2153 aliis
228 2115 464 2164 atque-aliis
503 2114 572 2151 viis
603 2116 846 2153 retentabat:
878 2128 953 2152 non
975 2129 1045 2165 pro
1064 2118 1215 2154 Caesare
1247 2116 1309 2153 cui
1340 2117 1391 2153 nil
1425 2116 1566 2162 debeo,

112 2179 177 2217 sed
209 2191 279 2228 pro
303 2179 460 2215 veritate
487 2178 643 2227 loquor:
682 2191 872 2228 nusquam
906 2179 980 2228 legi
1010 2180 1233 2225 ³²11omines,
1273 2180 1334 2216 cni
1368 2193 1456 2217 cum
1488 2186 1568 2217 tam

112 2255 298 2292 prospere
320 2242 419 2278 bella
441 2240 710 2286 succederent,
734 2249 881 2279 tantuin
903 2242 1070 2280 studium
1087 2243 1318 2292 ³¹tamqnnin
1341 2243 1568 2280 continuum

113 2305 220 2356 pacis
251 2312 365 2343 esset.
426 2306 560 2354 Itaque
582 2319 671 2342 cum
700 2306 867 2343 audisset
903 2306 1105 2344 Metellum
1141 2306 1363 2356 Scipionem
1393 2306 1568 2356 l’ompeji

113 2381 288 2406 socerum
318 2368 355 2406 in
377 2369 643 2406 Macedoniam
667 2369 782 2419 Epiro
810 2370 1022 2419 proximam
1055 2370 1214 2416 venisse,
1236 2369 1415 2407 Clodium
1446 2383 1568 2419 quen·

113 2433 203 2470 dam
222 2446 242 2470 e
263 2433 340 2470 suis
369 2432 419 2469 ad
450 2433 552 2470 illum
575 2432 694 2470 misit:
726 2433 786 2470 liic
808 2432 1073 2483 perfamiliaris
1095 2432 1265 2483 Scipioni
1287 2432 1423 2477 suerat,
1446 2439 1484 2470 et
1513 2433 1564 2471 ab

155 2541 196 2570 23
221 2539 324 2579 Lege,
338 2538 615 2578 i1nperatori.—24
634 2541 736 2580 Lege,
755 2541 857 2571 Cassii
873 2541 1083 2572 Scoet·oe.——·25
1109 2540 1210 2580 Apud
1231 2541 1411 2573 Caesarem,
1425 2539 1568 2569 ducentis

112 2591 347 2630 aigina-26
372 2591 521 2622 Oetacis:
548 2592 595 2621 sic
624 2592 838 2624 Caesam—27
864 2595 966 2634 Lege,
981 2594 1180 2624 dictus.*28
1204 2593 1255 2624 Ex
1279 2594 1402 2622 Caesar.
1420 2599 1567 2630 appone,

115 2644 295 2684 exercitum,
311 2649 347 2676 et
361 2645 449 2685 lege,
484 2644 729 2675 maccha—29
744 2644 857 2685 Adde,
872 2647 1044 2678 exercitum
1058 2646 1112 2676 vel
1126 2647 1294 2676 sumn-30
1318 2644 1422 2684 Lege,
1437 2642 1564 2674 homini.

115 2698 197 2727 —31
222 2697 326 2738 Lege,
341 2699 462 2738 tamque
476 2697 656 2728 continuum
667 2695 755 2737 pacis
771 2705 846 2729 esse.
