1850 3109
381 206 473 234 mn.
510 204 580 233 111.
614 203 720 233 CAP.
750 192 820 232 76.

108 291 191 332 tidie
210 302 240 331 in
258 300 428 332 codicibus
453 297 600 338 antiquis
617 296 727 327 video.
750 296 807 327 Sic

108 352 218 382 omnin
232 355 331 382 eruut
345 350 449 380 multo
469 348 628 378 clariora.
673 347 806 377 Vossius.

107 404 192 434 Cum
219 399 434 432 manifestum
461 398 505 429 sit
536 398 703 428 Caesarem
737 406 804 427 non

106 457 291 493 propterea
321 452 368 480 rei
403 448 632 479 frumentariae
673 448 805 487 timere,

107 501 195 543 qnod
234 500 437 531 munitiones
481 509 557 529 suas
594 498 807 538 reliquisset3

106 553 164 584 sed
180 563 198 584 e
214 552 384 583 contrario
413 556 482 581 tum
507 550 652 581 maxime
678 550 726 580 rei
742 549 808 580 sru-

105 601 278 633 mentariae
295 601 428 638 timere,
458 601 484 631 si
515 600 641 630 ibidem
659 600 808 630 locorum

105 651 364 693 permansisset3
378 650 622 682 emendandum
636 649 809 681 existimat

104 702 264 734 Vossius:
298 702 443 743 putubat,
471 701 601 733 relictis
630 701 808 731 munitioni-

104 752 179 784 bus:
227 757 263 784 et
300 762 483 792 magnopere
518 752 564 782 rei
588 751 809 790 frumentariae

105 803 246 836 timebat.
293 804 412 843 Favet,
427 803 516 844 quod
543 803 575 833 iu
599 802 729 833 duobus
743 802 806 832 Vir

109 854 326 886 doctissimus
357 855 441 885 Mss.
469 859 504 885 et
534 854 606 894 ipse
624 853 741 884 itidem
772 854 807 884 in

109 904 319 937 Ms.Elien.si
341 905 508 945 scriptum
524 905 735 945 reppererim
762 914 810 935 re-

107 954 204 994 lictis,
232 964 299 985 non
324 955 509 995 relictisque.
558 955 672 986 Nihilo
696 959 810 985 tamen

107 1004 216 1035 minus
246 1003 384 1035 defendi
413 1015 514 1045 posse
542 1005 678 1036 videtur
706 1005 810 1036 etiam

106 1055 245 1095 vulgata
262 1055 379 1094 lectio,
394 1056 420 1086 si
437 1056 519 1096 illud
543 1056 719 1096 relictisque
744 1066 810 1086 mu-

107 1103 280 1134 nitionibus
306 1114 490 1144 magnopere
518 1105 565 1135 rei
589 1104 812 1142 frumentariae

104 1154 247 1194 timebat,
262 1154 311 1185 ita
339 1155 540 1195 accipiatur,
569 1160 606 1185 ut
627 1155 721 1186 dicat
739 1155 811 1186 Cae-

105 1213 173 1243 sar,
188 1213 254 1235 nou
267 1207 433 1245 propterea
449 1206 541 1245 quod,
569 1205 629 1236 sed
653 1216 710 1245 quo
737 1208 811 1236 tem-

101 1264 177 1295 pore
193 1254 396 1286 munitiones
421 1265 497 1286 suas
524 1255 749 1296 relinqueret,
770 1256 811 1286 ti-

105 1315 198 1337 mere
228 1315 263 1337 se
293 1305 344 1336 rei
371 1305 632 1344 frumentariae3
669 1315 811 1347 eamque

106 1354 148 1386 ob
176 1365 324 1395 causam,
350 1355 440 1386 inter
476 1356 570 1395 alias,
602 1362 716 1387 castra
745 1356 811 1387 alio

106 1405 311 1436 movendum
348 1405 556 1437 existimare.
597 1407 705 1438 Clark.
752 1407 811 1437 Ul-

107 1466 165 1488 cus
191 1462 245 1488 est
272 1457 405 1496 latens3
444 1467 520 1488 nam
546 1457 595 1488 rei
617 1463 713 1489 certe
741 1457 811 1488 fru-

105 1507 283 1540 mentariae
314 1507 425 1548 potius
453 1512 528 1539 erat
558 1508 759 1547 timendum,
785 1507 812 1538 si

107 1559 223 1590 Caesar
243 1559 366 1590 milites
392 1559 426 1590 in
458 1559 580 1590 castris
606 1559 812 1590 contineret.

106 1608 183 1640 Hac
215 1608 258 1639 de
285 1618 386 1640 causa
414 1610 513 1640 Petr.
542 1609 744 1640 Ciacconius
768 1610 813 1639 le-

107 1661 253 1701 gendum
267 1666 367 1701 putat
378 1661 564 1701 retentisque
577 1660 811 1692 munitionibus.

107 1711 256 1751 Dionys.
284 1716 396 1742 autem
424 1711 564 1742 Vossius
581 1711 810 1751 interpungit:

107 1763 240 1802 spatium
266 1762 523 1802 interponendum
563 1764 603 1793 ad
635 1763 814 1793 recreandos

107 1812 226 1844 animos
251 1813 396 1853 putabat,
424 1813 545 1843 relictis
570 1813 814 1849 munitionibus5

108 1865 139 1893 et
162 1873 343 1903 magnopere
369 1863 416 1893 rei
430 1862 652 1901 frumentaria·
675 1863 813 1895 timebat.

108 1913 154 1944 Et
170 1923 250 1944 sane
264 1914 364 1944 Voss.
377 1914 499 1945 Petav.
514 1924 552 1946 ac
567 1914 707 1946 Norvic.
724 1914 814 1944 relic-

109 1963 163 2003 tis,
177 1973 243 1994 non
269 1964 456 2004 relictisque,
483 1965 708 1996 munitionibus
723 1965 813 1995 exhi-

109 2012 205 2047 bent.
253 2014 317 2045 Hae
346 2020 462 2045 tamen
490 2015 702 2055 conjecturae
721 2025 814 2055 pror-

111 2072 167 2094 sus
189 2064 306 2094 inanes
332 2063 514 2095 videntur:
547 2065 684 2095 minima
705 2070 813 2096 muta-

109 2114 202 2145 tione
219 2114 382 2152 rescribo,
399 2115 574 2155 relictisque
587 2115 619 2145 in
632 2115 813 2145 munitioni-

110 2163 164 2194 bus
186 2173 369 2203 magnopere
384 2164 429 2194 rei
438 2163 659 2201 frumentaria?
674 2165 814 2197 timebat.

112 2214 226 2246 Caesar
237 2214 522 2254 interponendum
548 2216 693 2255 spatium
718 2222 815 2256 puta-

109 2264 182 2304 bat,
206 2269 245 2296 ut
271 2265 373 2295 animi
401 2265 544 2296 militum
566 2272 815 2306 recrearentur,

111 2315 264 2356 adeoque
289 2315 379 2346 intra
408 2315 612 2347 munitiones
643 2326 701 2347 eos
729 2317 815 2347 cohi-

110 2365 194 2398 bere
218 2366 392 2406 cupiebat,
417 2366 446 2397 si
472 2371 586 2397 tamen
611 2366 645 2397 id
670 2365 815 2405 faceret,

110 2414 234 2447 famem
253 2416 395 2447 timebat
409 2427 418 2454 3
454 2426 519 2457 qua
533 2416 574 2447 de
591 2427 692 2448 causa
708 2427 727 2448 e
743 2427 815 2448 cas-

112 2466 176 2497 tris
204 2466 433 2498 occultissime
464 2466 632 2507 discessit,
659 2477 697 2498 ac
736 2467 814 2498 inde

111 2514 253 2556 factum,
265 2520 304 2546 ut
316 2520 352 2547 et
363 2516 648 2556 Pompeianorum
661 2518 815 2559 peditum

114 2573 330 2606 congressum
362 2571 398 2598 et
435 2566 638 2598 cibariorum
668 2568 815 2609 inopiam

116 2613 288 2647 vitaverit.
315 2618 426 2648 Dacis.
453 2628 524 2649 cur.
540 2628 608 2651 sec.
636 2619 703 2654 Que
721 2620 815 2651 abest

117 2673 251 2706 quoque
263 2676 284 2697 a
299 2667 394 2698 Leid.
411 2678 459 2708 pr.
471 2675 506 2699 et
522 2669 700 2701 Vossiano.
725 2670 815 2701 vide

114 2722 197 2745 num
230 2716 349 2747 relictis
384 2718 604 2753 munitionibus
647 2719 817 2760 significet

117 2762 220 2804 idem,
235 2765 326 2806 quod
340 2767 498 2809 retentis,
513 2772 550 2800 et
566 2769 662 2811 quasi
678 2770 818 2812 reliquis

850 202 909 231 br:
947 202 1098 231 nizam
1134 204 1300 233 iiviri.
1450 196 1560 235 1:305)

859 296 1086 328 manentibus,
1115 297 1170 328 Sic
1186 303 1280 329 certe
1296 299 1421 328 relictus
1438 301 1561 339 passim

861 358 879 378 a
896 354 1012 379 nostro
1030 348 1221 388 adhibetur,
1236 354 1271 379 et
1288 349 1319 379 in
1339 349 1470 379 retentis
1487 350 1562 389 plus

860 398 963 429 semel
981 403 1178 439 corruptum
1207 405 1270 429 cst.
1318 398 1386 429 Adi
1404 404 1501 431 notas
1521 400 1562 430 ad

861 449 1068 481 B.G.v.19.
1086 452 1095 466 ‘
1112 450 1268 480 Dimissis
1283 450 1400 490 copiis,
1418 459 1464 481 iv.
1480 451 1564 481 mili-

863 498 924 530 bus
940 500 1185 531 essedariorum
1202 501 1354 532 relictis!

879 574 883 577 .
905 558 1014 580 Lxxv.
1039 554 1058 580 8
1083 552 1127 581 Et
1143 562 1233 591 quum
1250 552 1402 582 serissime
1422 552 1485 591 ejus
1495 562 1566 592 pro-

854 598 954 636 fectio
977 601 1223 641 cognosceretur]
1261 602 1403 633 Codices
1429 608 1564 634 veteres

862 650 1112 690 quamplurimi,
1128 652 1136 668 ‘
1151 655 1180 682 et
1194 661 1234 682 ne
1249 653 1413 684 citissima
1425 654 1488 692 ejus
1496 664 1565 693 pro-

854 699 965 738 fectio’
981 702 1035 739 &a
1061 702 1176 733 Clark.
1214 702 1315 737 Quam
1329 704 1483 734 serissime
1500 705 1567 744 pri-

862 761 934 781 mus
962 751 1072 783 edidit
1100 753 1266 793 Scaliger,
1289 758 1327 784 ut
1355 754 1446 793 apud
1475 754 1564 785 Plin.

863 811 923 832 xv.
943 806 994 833 17.
1010 813 1085 833 cum
1103 809 1204 834 antea
1231 804 1402 844 legeretur
1425 814 1463 835 ne
1478 804 1566 835 citis-

861 853 952 892 sima,
970 858 1006 883 ut
1024 854 1123 884 estin
1143 855 1248 893 Bong.
1266 859 1300 884 et
1319 854 1431 884 Palat.
1463 853 1566 884 Faer-

862 912 924 933 nus
942 903 1139 943 corrigebat
1155 914 1193 934 ne
1207 903 1376 939 citissime;
1399 908 1500 944 atque
1517 904 1567 934 ita

863 953 979 983 inveni
1003 954 1035 983 in
1053 953 1149 984 Leid.
1167 964 1234 985 sec.
1257 955 1385 984 Verum
1402 955 1486 985 Mss.
1503 954 1569 985 Ur..

863 1004 926 1035 sin.
955 1004 1072 1044 Cujac.
1110 1004 1230 1035 Petav.
1271 1005 1394 1044 Scalig.
1438 1006 1565 1035 Lovan.

864 1053 962 1084 Leid.
979 1063 1029 1094 pr.
1047 1059 1082 1084 et
1110 1054 1205 1085 Voss.
1231 1054 1359 1085 liabent
1384 1065 1474 1094 quum
1499 1065 1566 1086 sue-

861 1104 990 1135 tissime.
1036 1104 1136 1136 Quod
1166 1114 1232 1135 non
1259 1105 1370 1145 capio.
1416 1105 1471 1136 An
1502 1104 1567 1136 fuit

862 1157 891 1184 et
911 1163 949 1183 ne
971 1164 1062 1193 quam
1076 1154 1253 1187 citissime?
1274 1156 1434 1186 Ceterum
1450 1156 1492 1186 de
1507 1157 1567 1186 mi-

862 1204 954 1235 litari
971 1204 1032 1235 boc
1049 1204 1206 1235 instituto
1221 1205 1300 1236 vide
1317 1206 1565 1237 eruditissimos

863 1255 1124 1286 commentarios
1141 1255 1195 1286 Ill.
1221 1256 1348 1287 Schelii
1373 1255 1415 1286 ad
1437 1256 1566 1297 Hygin.

863 1314 896 1345 p.
914 1307 989 1335 272.
1003 1307 1067 1336 sac.

908 1357 946 1385 13
972 1355 1141 1396 Impectitos
1162 1359 1191 1386 et
1203 1356 1404 1396 perterritos]
1432 1357 1518 1388 Cum
1535 1356 1568 1387 in

863 1404 942 1436 Pet.
957 1406 1082 1447 Scalig.
1100 1407 1211 1437 Palat.
1230 1407 1323 1437 Leid.
1342 1417 1394 1447 pr.
1417 1412 1452 1438 et
1467 1408 1566 1439 Voss.

863 1465 929 1486 non
955 1455 1000 1486 sit
1016 1456 1150 1497 copula,
1165 1466 1230 1487 non
1247 1456 1409 1497 displicet
1426 1458 1569 1489 Lovani-

863 1506 951 1536 ensis
968 1506 1051 1537 Cod.
1072 1507 1177 1538 lectio
1201 1508 1314 1539 itinere
1338 1509 1475 1548 inpedito
1499 1519 1570 1549 per-

862 1557 1001 1588 territos.
1048 1557 1171 1588 Statim
1197 1563 1319 1589 contra
1343 1559 1487 1599 expedito
1513 1559 1568 1590 iti-

862 1617 947 1646 nere,
972 1613 1008 1638 et
1031 1608 1110 1648 ripis
1138 1609 1298 1649 inpeditis,
1324 1610 1374 1641 uti
1397 1615 1433 1641 et
1457 1620 1487 1642 c.
1514 1613 1568 1642 88.

862 1659 951 1689 Vide
982 1659 1083 1690 etiam
1115 1660 1156 1690 ad
1183 1669 1249 1691 vn.
1277 1664 1306 1691 8.
1330 1661 1512 1701 ‘inpedito
1534 1666 1570 1691 et

864 1709 977 1750 iniquo
994 1710 1094 1741 loco.⁷
1141 1711 1197 1741 De
1219 1712 1342 1741 Genuso
1359 1711 1415 1741 adi
1430 1711 1474 1742 sis
1491 1711 1568 1742 Cel-

864 1760 996 1791 larium.

908 1819 1032 1842 Lxxvr.
1069 1813 1087 1841 4
1127 1811 1217 1842 Intra
1248 1812 1365 1843 callum
1403 1811 1573 1852 continuit]

864 1862 957 1893 Edit.
986 1862 1071 1893 Rob.
1089 1862 1250 1903 Stephani
1266 1863 1308 1895 A.
1334 1864 1382 1895 D.
1400 1866 1494 1894 1544.
1513 1873 1571 1894 ex-

863 1912 956 1943 hibet
972 1912 1056 1942 intra
1066 1915 1236 1943 castrorum
1247 1913 1458 1952 munitionem,
1468 1923 1569 1954 quam

863 1963 1047 1993 lectionem
1074 1963 1115 1993 ab
1137 1963 1414 1994 emendatoreulo
1435 1962 1570 2004 profec-

865 2018 932 2044 tam
944 2013 1186 2052 arbitr0r‚na1n
1200 2013 1321 2054 reliqui
1333 2023 1449 2044 omnes
1460 2013 1570 2045 Codd.

865 2068 1116 2104 repraesentant
1136 2064 1222 2095 intra
1249 2065 1364 2095 vallum
1387 2068 1570 2097 castrorum.

864 2115 918 2146 Sic
942 2116 1056 2146 Caesar
1089 2115 1128 2145 Β.
1157 2115 1200 2146 G.
1225 2124 1281 2145 111.
1310 2117 1360 2145 17.
1406 2116 1480 2145 ‘Ut
1496 2114 1568 2155 jam

864 2165 906 2195 ad
951 2165 1077 2195 vallum
1122 2170 1307 2196 castrorum
1348 2165 1464 2196 hostes
1514 2175 1570 2196 ac-

866 2216 988 2247 cedere
1016 2216 1205 2247 anderent.’
1241 2216 1295 2246 Ita
1321 2216 1424 2256 igitur
1450 2220 1484 2246 et
1513 2215 1570 2246 hic

865 2275 1001 2305 repone.
1026 2266 1137 2296 Dat-is.
1182 2266 1272 2296 Nam
1300 2265 1462 2305 Scaliger,
1479 2265 1572 2296 Ursi-

865 2316 957 2347 niani
973 2316 1110 2347 Codicis
1126 2316 1330 2346 auctoritate
1343 2322 1465 2355 motum,
1478 2316 1572 2347 illam

866 2375 983 2397 vocem
1001 2370 1128 2396 temere
1157 2366 1306 2397 delevit:
1341 2376 1418 2396 cum
1441 2376 1506 2407 quo
1523 2371 1572 2397 ta-

865 2427 942 2448 men
955 2416 1038 2448 facit
1054 2417 1129 2448 Pal.
1155 2417 1253 2447 Idem.
1273 2427 1343 2448 cur.
1356 2427 1424 2447 sec.
1471 2416 1573 2448 Quod

866 2467 1004 2499 exhibet
1022 2468 1064 2498 R.
1080 2467 1284 2507 Stephanus,
1301 2467 1412 2497 inveni
1426 2467 1458 2497 in
1474 2466 1574 2497 Leid.

866 2528 917 2559 pr.
934 2523 967 2548 et
991 2518 1112 2560 Scalig.
1131 2528 1149 2548 a
1175 2527 1274 2548 manu
1299 2518 1416 2557 prima.
1445 2518 1571 2547 castro-

865 2579 934 2600 rum
951 2569 1082 2600 addunt
1098 2569 1200 2600 etiam
1219 2569 1294 2607 mei,
1310 2578 1372 2598 nec
1387 2567 1573 2597 omiserunt

868 2619 1032 2650 Cellarius
1049 2625 1106 2649 aut
1124 2615 1294 2650 Clarkius.

911 2673 949 2701 17
975 2670 1082 2700 Miltia
1094 2669 1251 2710 procedit]
1287 2669 1342 2699 Ita
1358 2677 1400 2697 ex
1423 2666 1489 2696 Ms.
1508 2666 1573 2697 Re-

867 2720 922 2761 gio
939 2720 1092 2751 restituo.
1136 2719 1230 2751 Editi
1258 2726 1373 2749 omnes
1398 2725 1479 2747 vm.
1504 2715 1573 2747 mil-

867 2770 949 2801 libus
977 2770 1130 2810 procedit.
1167 2768 1282 2800 Minus
1314 2770 1419 2799 recte.
1460 2766 1569 2798 Clark.
