1850 3109
492 233 554 263 nn
583 231 699 261 vtrA
729 229 861 260 ,ιυωι
905 229 1136 260 cAEsARffi.
1432 220 1545 264 1825

91 337 224 376 cadem
253 332 347 371 dicit
377 330 562 381 epistola:
594 330 710 368 ‘Non
730 342 789 367 me
819 328 934 379 igitur
962 328 992 365 is
1024 327 1145 372 ducit,
1174 327 1236 364 sed
1268 341 1392 366 sermo
1422 329 1543 368 homi-

94 401 213 439 num!
267 397 317 434 Et
349 406 478 433 rursus
510 393 545 430 in
583 404 646 430 lx.
683 406 769 431 cum
801 392 984 430 dixisset:
1025 399 1035 413 ⁴
1058 391 1279 429 Mirandum
1312 392 1347 428 in
1385 393 1543 430 modum

93 464 220 502 Cneus
242 465 368 497 noster
387 456 517 495 Sillani
533 457 637 505 regni
658 456 937 494 similitudinem
957 455 1207 506 concupivit?
1226 455 1396 493 addidit:
1415 461 1425 476 ‘
1443 457 1542 493 Cum

93 527 168 564 hoc
188 537 234 562 ne
254 522 402 572 inquies
422 534 504 558 csse
532 520 622 557 visT
643 527 679 557 et
701 519 961 569 respondens:
984 524 994 538 ‘
1016 518 1278 564 Beneficium‚’
1298 518 1435 568 inquit,
1459 523 1469 539 ‘
1490 532 1546 556 se-

93 601 204 640 quor,
225 586 313 624 mihi
334 585 460 629 crede,
483 597 558 621 non
580 586 758 622 causam!
813 584 860 620 Et
880 582 969 619 alibi
985 582 1033 619 de
1053 582 1210 620 eodem:
1234 586 1242 604 ⁶
1264 582 1303 619 Si
1325 582 1467 628 vincit,'
1487 582 1546 619 in-

95 652 191 703 quit,
211 657 222 675 ‘
239 650 383 687 Sillano
412 661 515 686 more
544 648 800 697 exemploque
818 645 1000 684 ³⁶vincitz’
1029 652 1066 683 et
1088 646 1235 683 statim:
1260 651 1270 667 ‘
1293 647 1383 684 Mea
1418 652 1544 684 autem

94 727 208 753 causa
220 713 290 751 alia
312 720 380 757 est,
401 711 512 763 [181]
528 711 594 760 qui
611 709 799 748 beneficio
817 709 975 747 ³⁷victus
988 709 1154 758 ingratus
1173 722 1254 747 esse
1269 723 1345 747 non
1363 709 1552 760 possum!

94 777 222 816 Multa
242 775 376 812 ³⁸sicut
396 774 431 811 id
453 787 571 824 genus
591 773 628 810 in
660 773 758 811 illius
777 773 946 823 epistolis
966 773 1015 810 ab
1046 773 1201 810 homine
1221 786 1298 810 non
1319 774 1440 811 solum
1457 772 1550 811 doc·

94 840 239 879 tissimo
259 838 325 876 sed
342 837 585 882 amicissimo,
601 837 637 874 in
657 838 882 887 Pompejum
899 836 1018 881 dicta,
1037 843 1077 874 ut
1097 837 1242 875 scilicet
1262 836 1430 886 undique
1456 836 1550 874 fides

96 909 258 942 constet.
294 901 371 940 Sed
393 915 464 952 ego
485 902 567 939 liaec
583 914 705 951 pauca
725 908 763 938 et
783 901 829 938 ad
848 914 926 938 rem
941 900 989 938 de
1011 913 1088 950 qua
1106 901 1231 950 agitur
1245 900 1460 950 spectantia
1474 907 1513 938 et
1528 912 1549 937 e

96 967 194 1005 locis
215 966 485 1004 secretioribus
501 965 672 1014 ”erupta
692 965 854 1002 libenter
867 965 1046 1015 apposui,
1065 970 1107 1002 ut
1126 964 1324 1014 utriusque
1340 963 1461 1013 partis
1477 976 1554 1002 me·

97 1030 169 1068 rita
188 1043 263 1067 non
285 1042 403 1079 usque
420 1029 517 1066 adeo
537 1035 579 1066 ut
599 1036 784 1079 putantur
804 1029 974 1079 imparia,
996 1035 1035 1067 et
1057 1035 1262 1078 utrumque
1281 1028 1383 1066 sicut
1402 1027 1551 1064 dictum

99 1099 168 1139 est,
189 1105 347 1143 regnare
367 1092 532 1130 voluisse
548 1106 686 1141 magno
706 1105 751 1129 ac
774 1092 851 1130 fide
872 1092 989 1142 digno
1009 1098 1106 1130 teste
1120 1096 1325 1129 constaret.
1359 1091 1420 1128 Au
1435 1090 1553 1128 histo-

98 1156 164 1195 riae
184 1156 315 1194 seriem
331 1161 513 1192 revertor.
554 1157 656 1192 Dum
678 1156 870 1193 Ravennae
890 1169 980 1205 ergo
993 1155 1224 1192 substitisset
1243 1155 1387 1200 Caesar,
1407 1167 1453 1192 ne
1469 1167 1556 1204 pro·

99 1219 235 1258 vinciae
255 1231 334 1256 suae
353 1219 536 1256 terminos
551 1218 865 1268 transgrediendo
885 1225 1014 1268 aperte
1034 1231 1145 1269 agere
1175 1224 1310 1256 contra
1331 1216 1558 1268 Rempubli-

100 1296 186 1321 cam
219 1282 424 1328 videretur,
457 1282 616 1319 audiens
646 1282 834 1327 tribunos,
871 1281 939 1332 qui
972 1295 1043 1333 pro
1080 1295 1126 1320 eo
1164 1287 1283 1326 erant,
1317 1279 1558 1331 contemptui

102 1346 267 1391 habitos,
286 1352 324 1383 et
343 1346 399 1383 vel
420 1345 455 1382 vi
485 1346 578 1382 urbe
605 1345 802 1395 depulsos,
829 1346 889 1383 vel
909 1359 975 1384 sua
1004 1352 1140 1396 sponte
1167 1345 1383 1396 digressos3
1424 1345 1560 1382 Romae

104 1422 235 1448 omnes
256 1409 487 1447 unanimiter
515 1415 651 1446 contra
682 1421 720 1446 se
754 1408 903 1454 sentire,
925 1410 1052 1447 omnia
1081 1409 1139 1446 sui
1168 1408 1258 1446 odio
1287 1408 1418 1445 divina
1442 1413 1561 1458 atque

101 1473 268 1511 humana
288 1472 439 1511 misceri
459 1484 504 1510 ac
519 1471 685 1522 perverti
700 1486 709 1516 ;
741 1485 779 1509 se
796 1485 951 1522 quoque
966 1484 1035 1522 per
1053 1472 1276 1522 patientiam
1293 1476 1561 1520 contemptum

102 1536 147 1574 iri
167 1537 364 1587 cogitans;
396 1549 518 1587 neque
533 1537 616 1584 jam
646 1535 810 1586 amplius
837 1535 1049 1580 ferendum,
1071 1535 1469 1584 dissimulandumque
1497 1533 1564 1571 ali-

105 1600 200 1652 quid
219 1599 462 1638 existimans:
492 1599 662 1637 evocatis
681 1599 896 1650 legionibus
915 1599 1151 1650 ubicumque
1169 1598 1320 1645 4⁰esset,
1339 1596 1565 1649 praemissis-

104 1676 178 1715 que
210 1664 323 1707 elam,
356 1676 441 1714 quae
471 1669 563 1700 tunc
596 1663 767 1709 aderant,
798 1664 1047 1708 cohortibus;
1090 1677 1138 1701 ne
1168 1676 1283 1713 quam
1314 1662 1404 1699 novi
1435 1667 1564 1698 motus

105 1727 326 1778 opinionem
347 1727 503 1764 turbido
523 1726 657 1764 habitu
676 1728 880 1777 praeberet,
895 1727 956 1765 die
975 1728 1038 1765 illa
1057 1734 1096 1765 et
1117 1727 1291 1765 convivio
1309 1732 1348 1763 et
1366 1730 1567 1775 spectacu-

105 1791 151 1829 lis
165 1790 330 1829 ⁴¹otiosis
362 1789 560 1827 interfuit:
591 1803 673 1828 sero
692 1797 818 1828 autem
848 1790 1087 1828 clandestino
1116 1803 1267 1840 egressu
1287 1794 1475 1827 secretum
1495 1787 1568 1825 iter

106 1854 241 1906 paucis
262 1854 470 1892 comitatus
491 1853 677 1904 arripuit:
706 1853 744 1891 in
766 1867 843 1904 quo
865 1867 954 1891 cum
969 1859 1050 1891 tota
1068 1860 1183 1891 nocte
1203 1853 1413 1890 deerrasset
1433 1851 1496 1888 vix
1516 1849 1566 1888 ad

107 1930 286 1956 auroram
306 1917 377 1954 viae
396 1917 536 1955 ducem
552 1929 663 1954 casus
683 1917 824 1954 obtulit
841 1931 850 1956 ς
883 1931 960 1968 quo
979 1917 1135 1967 praevio,
1156 1917 1204 1954 ad
1224 1922 1371 1955 rectum
1396 1916 1468 1954 iter
1487 1927 1569 1965 per·

108 1981 222 2032 plexo
255 1994 302 2018 ac
321 1980 468 2018 difficili
499 1980 594 2018 calle
623 1993 809 2025 reversus,
830 1980 1069 2030 inventisque
1097 1981 1336 2025 cohortibus,
1357 1992 1452 2030 quas
1472 1991 1570 2029 prae·

110 2043 278 2091 miserat,
297 2043 347 2081 ad
367 2042 610 2080 Rubiconem
631 2042 747 2088 venit,
770 2056 920 2081 amnem
941 2044 1134 2094 exiguum,
1150 2044 1215 2081 sed
1231 2056 1456 2094 magnarum
1476 2049 1570 2080 tunc

109 2107 270 2145 limitem
303 2107 517 2155 regionum,
555 2105 622 2143 ubi
657 2118 867 2156 parumper
895 2107 1183 2157 cogitabundus
1219 2107 1401 2152 substitit,
1440 2118 1571 2144 secum

111 2170 253 2209 tacitus
282 2170 499 2207 examinans
521 2176 708 2219 quantum
737 2183 836 2220 opus
864 2171 1156 2220 aggrederetur:
1189 2170 1340 2208 tandem
1361 2182 1492 2208 versus
1520 2170 1571 2208 ad

112 2234 297 2273 comites:
337 2240 345 2254 ⁸
367 2233 535 2278 Adhuc:
558 2234 694 2283 inquit,
713 2239 726 2255 ‘
743 2234 877 2284 coeptis
897 2234 1095 2280 absistere,
1115 2247 1162 2272 ac
1189 2234 1325 2272 reverti
1343 2234 1452 2271 licet:
1483 2239 1521 2271 at
1542 2232 1575 2271 si

111 2297 237 2337 rivum
258 2297 362 2334 hunc
383 2297 698 2346 transgredimur,
718 2296 818 2335 ferro
838 2297 1005 2347 gerenda
1033 2298 1145 2335 nobis
1165 2304 1278 2335 erunt
1305 2298 1457 2335 omnia.’
1510 2295 1572 2334 lbi

114 2361 261 2399 haerens
277 2360 496 2410 dubiusque
511 2360 626 2397 animi
642 2376 651 2406 ;
675 2360 946 2409 hujuscemodi
960 2360 1104 2398 visione
1118 2361 1291 2398 firmatus
1305 2367 1381 2398 est:
1404 2359 1574 2404 Quidam

115 2423 189 2463 sibi
207 2429 246 2462 et
264 2430 410 2461 statura
439 2429 478 2461 et
496 2423 624 2474 specie
645 2424 813 2474 corporis
841 2436 951 2474 supra
974 2424 1182 2462 humanum
1204 2425 1358 2462 modum
1381 2423 1494 2474 [182]
1512 2437 1573 2461 su·

116 2487 200 2525 bito
229 2487 332 2524 visus
361 2493 430 2533 est,
451 2487 516 2538 qui
550 2487 672 2526 amnis
701 2487 750 2524 ad
781 2487 904 2538 ripam
933 2488 1082 2534 sedens,
1107 2488 1274 2538 pastoria
1303 2487 1575 2526 modulabatur

116 2549 301 2589 arundine
318 2563 327 2588 :
366 2549 416 2587 ad
437 2563 551 2600 quem
572 2556 614 2588 ut
633 2549 773 2588 animal
799 2564 877 2589 non
896 2550 1020 2589 visum
1041 2565 1132 2590 cum
1151 2558 1191 2590 et
1208 2558 1381 2603 pastores
1400 2552 1573 2589 locorum

161 2712 204 2741 36
232 2709 337 2750 Lege,
361 2710 558 2741 πικρὴ-37
582 2709 688 2751 Lege,
711 2710 928 2744 vinctum—38
958 2711 1075 2752 Forte,
1101 2712 1272 2743 sunt.—39
1299 2710 1403 2749 Lege,
1429 2710 1575 2739 cruta.—

119 2764 162 2795 40
179 2763 284 2803 Lege,
298 2765 492 2807 essem—41
509 2764 612 2811 Lege,
627 2764 752 2797 otiosus.

211 2825 325 2866 Delph.
341 2827 371 2857 et
392 2825 466 2858 Var.
483 2826 566 2858 Clas.
868 2828 948 2859 Coes.
1419 2828 1436 2855 5
1462 2824 1489 2856 Ζ
