1850 3109
409 208 516 238 mr.
547 196 618 238 28.
656 206 750 236 ms.
786 206 848 236 ne
883 206 1039 236 nanno
1074 208 1272 238 rustum.

160 303 325 343 metieit]
349 302 428 334 Non
444 302 506 333 hoc
523 301 666 332 damno:
684 301 742 332 sed
757 312 814 342 op-

114 356 187 387 timi
203 355 347 387 Codices
371 353 498 390 Ursini,
517 353 642 384 Petav.
666 358 701 384 et
718 353 812 384 Leid.

115 415 164 446 pr.
180 404 347 436 constituit.
371 403 457 434 Vide
485 403 527 434 ad
545 412 625 435 vm.
647 406 699 436 46.
723 405 732 421 ‘
752 403 814 434 Hi-

115 455 218 486 berna
233 453 430 485 constituit.'
455 453 571 486 Quare
587 463 663 484 cum
688 454 813 485 Ursino

113 504 278 546 praefero:
304 504 459 545 sequitur
484 503 572 534 enim
600 504 633 534 in
659 503 725 535 line
742 514 811 535 rur-

114 565 181 593 sus,
206 556 214 572 ‘
230 559 342 585 castra
365 559 485 585 contra
517 555 715 595 Pompeium
738 566 816 586 con-

113 605 257 636 stituit?
281 610 318 636 et
335 615 364 636 c.
380 608 442 644 28;
465 613 504 636 ac
521 606 715 646 saepissime.
743 606 812 637 Ad-

113 655 155 686 de
170 656 350 696 Vegetium
369 665 392 686 1.
412 659 442 687 4.

154 708 174 736 8
197 705 304 745 Hora]
353 705 492 736 Scilicet
528 706 603 737 diei.
649 707 814 737 Inmerito

111 754 146 786 id
170 760 364 796 suspectum
381 761 433 787 est
450 756 673 797 Glandorpio.
689 758 724 789 J.
743 757 814 787 Ob-

113 815 256 847 sequens
287 816 318 837 c.
335 808 407 838 103.
429 808 438 824 ‘
454 807 550 838 Luna
573 807 725 839 interdiu
755 807 812 839 ad-

111 855 251 896 paruit.’

155 908 195 936 10
217 905 321 937 Jussit
336 910 371 937 ut
393 907 605 946 incenderent]
629 908 726 939 Leid.
744 917 812 940 sec.

112 959 147 986 et
175 955 322 987 Dorvill.
367 957 471 988 Jussz‘t
494 958 627 989 incendi.
671 958 737 989 Sed
763 969 812 990 se-

112 1005 226 1045 quitur
238 1006 425 1046 deciperent.
450 1007 513 1038 Cui
530 1017 725 1039 succurrere
744 1013 815 1039 ten-

112 1059 161 1085 tat
177 1055 279 1086 etiam
293 1057 435 1088 Dorvill.
448 1057 602 1088 librarius
617 1067 677 1098 pro
687 1062 717 1089 et
730 1058 813 1089 dans

111 1108 156 1137 ut.
182 1106 322 1147 Optime
341 1108 417 1138 Pet.
436 1108 520 1138 Cod.
549 1109 642 1139 delet
659 1113 703 1140 ut.
729 1109 814 1140 Cou-

108 1155 181 1186 sule
203 1157 339 1187 omniuo
355 1164 451 1187 notas
477 1158 519 1188 ad
536 1158 575 1189 B.
592 1158 693 1189 Alex.
712 1168 742 1190 e.
760 1162 811 1190 73.

111 1206 121 1225 ‘
138 1206 310 1248 Aggerem
333 1208 471 1238 servitia
487 1213 629 1249 agerent
646 1209 772 1249 jussit.’

155 1260 193 1289 11
223 1258 436 1298 Ventisponte]
486 1259 670 1299 Ventiponte
716 1260 812 1292 Leid.

112 1316 163 1349 pr.
179 1307 323 1338 Dorvill.
341 1307 429 1338 Edd.
444 1317 502 1348 pp.
525 1309 705 1349 Ventiponti
735 1310 813 1341 Sca-

111 1358 169 1399 lig.
198 1358 295 1389 Ponti
334 1358 456 1389 Petav.
493 1369 571 1390 mox
614 1361 812 1400 praepositio

110 1407 210 1439 deest
229 1408 322 1440 Leid.
339 1418 406 1441 sec.
422 1410 531 1442 Dorv.
577 1409 623 1441 Et
641 1411 813 1443 Conrucum

110 1459 238 1491 habent
273 1459 360 1490 Edd.
397 1469 454 1500 pp.
496 1461 689 1492 Curi-uncam
718 1462 813 1493 Leid.

111 1519 179 1542 sec.
197 1510 381 1541 Caurasiam
397 1519 439 1541 ex
456 1511 546 1542 Plin.
565 1512 587 1542 l.
605 1521 660 1543 111.
685 1512 812 1545 Gland.

110 1561 255 1601 reponit.
300 1561 444 1592 Rectius
464 1563 613 1593 Carulam
629 1567 746 1595 censet
758 1564 811 1596 Cl.

110 1611 312 1652 Wesseling.
344 1612 387 1642 ad
417 1612 545 1644 Anton.
574 1613 656 1644 Itin.
684 1624 716 1655 p.
738 1617 813 1647 410.

111 1661 171 1693 ubi
190 1662 381 1702 junguntur
398 1663 525 1704 Hispali
554 1664 718 1706 Basilippo
743 1665 813 1707 (hic

116 1711 331 1752 Ventisponte)
344 1717 377 1742 et
396 1714 523 1744 Carula.

154 1764 193 1792 13
221 1762 396 1803 Contraque
410 1763 606 1804 Pompeium]
644 1764 700 1796 Sic
716 1775 814 1806 repo-

111 1811 164 1842 sui
192 1821 234 1842 ex
258 1812 338 1843 Mss.
355 1813 442 1853 Reg.
473 1818 509 1844 et
537 1814 659 1846 Vossii.
704 1815 813 1855 Editi‚

110 1867 229 1894 contra
259 1863 452 1904 Pompeium.
499 1865 599 1898 Quod
629 1871 703 1897 erat
731 1866 814 1897 hiul-

110 1923 197 1945 cum.
245 1915 354 1945 Clark.
413 1914 596 1947 Accedunt
633 1917 741 1948 Dorv.
779 1921 814 1948 et

110 1963 207 1997 Leid.
233 1973 303 1996 sec.
331 1975 406 1996 cum
434 1965 522 1996 Edd.
553 1966 654 1997 Vasc.
682 1966 814 2007 Gryph.

110 2018 199 2054 post.
237 2014 354 2055 Steph.
383 2020 419 2046 et
451 2015 536 2047 aliis.
579 2016 668 2047 Edd.
695 2017 814 2057 primae

110 2067 220 2096 contra
237 2065 414 2105 Pompeius.
430 2064 523 2105 Aldi,
534 2065 663 2107 Gryph.
682 2072 718 2098 et
733 2067 815 2098 mul-

114 2119 172 2154 tae,
188 2115 341 2156 Pompeii.

156 2174 292 2197 xxvnr.
319 2170 338 2198 4
358 2167 447 2202 Quod
467 2167 721 2210 Versaonensiutn
742 2168 817 2199 civi-

111 2217 174 2249 tati
187 2216 330 2253 fuissent
343 2217 502 2256 fautores]
533 2218 730 2257 Legendum
745 2228 815 2249 cre-

112 2267 176 2298 do:
205 2267 294 2303 Quod
313 2267 563 2298 Versaonensium
576 2267 698 2297 civitati
710 2271 743 2297 ut
757 2267 816 2297 sibi

111 2320 210 2348 essent
217 2316 370 2355 fautores,
400 2315 579 2348 Educebat
595 2316 682 2347 enim
701 2316 816 2357 copias

112 2372 208 2398 extra
237 2367 372 2404 vallum,
407 2370 445 2397 ut
472 2366 702 2405 confirmaret,
727 2367 817 2407 quod

111 2417 235 2448 litteris
245 2418 444 2458 scripserat,
459 2427 519 2457 per
532 2418 702 2448 Caesarem
714 2422 818 2458 stare,

114 2477 180 2509 quo
194 2469 304 2500 minus
331 2472 558 2499 averteretur.
605 2468 704 2499 Hanc
729 2468 817 2499 enim

111 2518 139 2549 si
158 2523 290 2550 teneret
306 2518 510 2559 opinionem,
529 2519 688 2559 sperabat
704 2519 818 2560 opida-

112 2577 173 2599 nos
209 2568 272 2599 sibi
306 2567 470 2600 fauturos.
519 2569 679 2601 Ciaccon.
716 2570 816 2602 Joan.

114 2619 344 2660 Glandorpius
366 2620 500 2660 reponit
521 2621 599 2660 quod
619 2622 819 2653 Ursaonensi—

114 2679 166 2699 um
181 2670 316 2710 civitati,
332 2670 384 2710 qui
399 2670 650 2711 ernntfautoreS,
665 2674 717 2712 ⁴³5⁶·
747 2673 767 2705 J
772 2683 818 2704 os.

115 2722 229 2752 autem
253 2719 402 2758 Scaliger
439 2726 476 2752 et
511 2721 610 2754 Joan.
643 2721 819 2753 Goduinus

119 2776 238 2800 vocem
249 2767 399 2803 ultimam
413 2779 489 2801 cum
502 2771 686 2811 penultima
701 2782 720 2803 e
733 2782 819 2804 mar-

1455 199 1567 241 1667

865 301 940 341 gine
958 300 991 331 in
1008 304 1137 332 textum
1150 301 1326 342 irrepsisse
1343 306 1567 337 contendunt.

864 352 972 383 Editt.
992 352 1090 384 Rom.
1105 352 1191 383 Ven.
1211 352 1370 384 Beroald.
1395 355 1568 395 exhibent,

863 404 940 443 quod
983 402 1234 434 Versaonensium
1274 403 1398 434 civitati
1431 404 1567 441 fuissent

855 452 1010 490 fautores.
1078 453 1192 484 fausto
1228 457 1319 483 antea
1355 454 1488 493 litteras,
1518 457 1570 494 ξς.

864 504 1014 534 Eandem
1031 503 1212 534 lectionem
1226 504 1259 534 in
1271 513 1330 533 suo
1346 504 1428 534 Cffll.
1442 504 1572 536 invenit

863 553 934 585 Jul.
950 554 1079 593 Celsus,
1091 554 1147 594 qui
1162 556 1277 593 p.242.
1288 553 1348 591 ait,
1362 553 1570 594 ‘Pompeius

867 603 983 634 Fausto
1001 603 1196 643 scripserat,
1212 604 1281 644 qui,
1293 609 1455 644 quantum
1473 605 1571 636 intel-

865 653 922 692 ligi
951 653 1063 689 datur,
1090 653 1178 683 intra
1206 654 1367 694 oppidum
1392 660 1477 694 erat,
1498 655 1572 686 Cae-

865 703 995 744 sarem‚'
1022 705 1086 734 &tn
1133 703 1208 734 Nec
1247 713 1326 734 sane
1366 714 1470 735 causa
1507 709 1573 745 est,

863 762 923 783 eur
947 763 988 783 ea
1004 763 1068 783 vox
1086 753 1225 794 rejicula
1242 754 1417 787 habeatur.
1461 757 1573 788 Daris.

869 804 1106 835 Ursaonensium
1136 805 1238 834 etiarn
1272 805 1356 844 legit
1386 806 1572 837 Rodericus

865 853 972 884 Carus
987 854 1087 895 (Ant.
1108 854 1128 885 l.
1144 862 1201 884 111.
1221 863 1249 885 e.
1264 854 1334 895 53.)
1366 856 1373 872 4
1393 856 1459 887 Qui
1476 861 1574 887 erant

864 902 1036 934 fautores!
1053 903 1109 934 Ita
1124 904 1318 934 emendavit
1328 904 1572 946 Glandorpius.

864 954 946 985 Mss.
963 955 1077 986 Vossii
1097 965 1172 986 cum
1196 954 1283 986 Edd.
1302 955 1398 986 Vett.
1415 956 1472 987 cic.
1489 955 1572 994 suis-

862 1007 928 1035 seut
948 1004 1103 1042 fautores.
1139 1005 1225 1036 Quae
1251 1005 1363 1036 verior
1387 1006 1429 1036 sit
1455 1006 1572 1044 lectio,

864 1064 930 1085 uon
947 1055 1030 1086 satis
1047 1059 1192 1086 constat.
1211 1055 1319 1086 Clark.
1360 1057 1414 1086 De
1436 1057 1574 1088 L‘rsuone

865 1105 943 1135 vide
976 1105 1078 1137 etiam
1106 1115 1182 1146 cap.
1206 1108 1259 1136 41.
1298 1106 1417 1137 Fausto
1441 1106 1574 1139 addunt

864 1156 967 1186 etiam
1007 1155 1103 1187 Med.
1137 1157 1275 1187 Vascos.
1311 1156 1444 1197 Gryph.
1481 1162 1570 1198 post.

865 1205 983 1246 steph.
1015 1210 1050 1236 et
1079 1207 1165 1236 aliae.
1203 1207 1345 1237 Temere
1367 1208 1574 1248 Glandorpii

864 1255 1097 1296 conjecturam
1115 1256 1148 1285 in
1161 1260 1294 1286 textum
1311 1256 1441 1296 recepit
1455 1257 1574 1288 Clark-

864 1305 924 1337 ius.
973 1307 1061 1337 Nam
1087 1305 1223 1344 fuissent
1249 1306 1394 1344 fiiutorcs
1423 1307 1574 1338 retinent

864 1356 1083 1388 Mss.cuneti.
1110 1358 1197 1388 Puto
1211 1357 1447 1388 scribendum:
1472 1358 1575 1397 Quod,

864 1407 916 1446 qui
933 1407 1066 1439 Ursuon.
1079 1407 1139 1438 civ.
1152 1407 1342 1447 proejuissct,
1355 1408 1468 1438 Fausto
1480 1412 1574 1439 aulea

863 1458 885 1488 Ι.
897 1467 938 1488 m.
964 1457 1056 1490 Quid
1064 1457 1154 1489 enim
1166 1457 1366 1495 illisautores
1376 1458 1430 1488 hic
1443 1457 1574 1490 faciant

863 1517 930 1539 non
947 1508 1059 1539 video.
1094 1509 1307 1548 Sexcenties,
1323 1514 1361 1539 ut
1383 1509 1431 1540 ita
1447 1508 1572 1547 dicam,

863 1557 919 1589 hic
947 1562 1065 1590 auctor
1083 1557 1199 1595 suisset
1228 1568 1290 1598 pro
1321 1562 1398 1589 esset
1423 1559 1477 1589 vel
1504 1561 1572 1590 erut

864 1608 1015 1640 adhibet.
1052 1609 1151 1642 Quod
1165 1615 1200 1640 et
1215 1609 1296 1640 alibi
1312 1609 1484 1641 monitum.

907 1662 926 1690 7
956 1660 1140 1691 Exercitum
1157 1659 1303 1698 tironem]
1332 1659 1388 1690 Sic
1413 1657 1568 1699 Scaliger

863 1712 899 1739 et
916 1709 1151 1740 Recentiores.
1177 1709 1262 1740 Mss.
1287 1714 1322 1740 et
1347 1708 1571 1740 1·1‹litt.Vett.

863 1759 1009 1798 mnjorem
1021 1763 1144 1800 purtem
1156 1759 1328 1790 exercitus
1342 1759 1500 1790 tironum.
1525 1760 1572 1789 Si·

868 1809 947 1850 quid
964 1809 1404 1850 mutandum,existimarim
1414 1809 1573 1850 equidem

864 1859 1056 1899 legendum,
1080 1859 1225 1896 majorem
1239 1862 1360 1898 purtem
1383 1858 1572 1892 exereitum

865 1909 1024 1949 tironum,
1053 1911 1106 1949 ὅτ.
1167 1910 1268 1942 Quod
1295 1909 1385 1939 cuim
1410 1918 1572 1948 reposue-

865 1967 944 1992 runt
971 1961 1103 2001 nuperi,
1131 1961 1274 1999 tironem,
1304 1961 1413 1991 minus
1449 1960 1573 2000 placet.

869 2013 977 2043 Clark.
1013 2013 1097 2044 Cum
1124 2012 1212 2043 Edd.
1232 2013 1328 2043 Vett.
1355 2011 1574 2042 consentiunt

866 2063 950 2094 Mss.
987 2062 1081 2094 Leid.
1108 2073 1176 2094 sec.
1213 2063 1357 2093 Dorvill.
1394 2068 1429 2093 et
1458 2061 1572 2092 forsan

866 2115 989 2144 Petav.
1004 2113 1071 2144 Sed
1084 2115 1210 2154 optime
1223 2113 1319 2144 Leid.
1332 2122 1383 2153 pr.
1400 2118 1435 2144 et
1448 2112 1573 2153 Scalig.

865 2174 904 2194 m.
917 2167 1040 2204 partem
1056 2164 1211 2195 emer-citus
1226 2164 1368 2195 tironem.
1407 2163 1455 2194 Ut
1470 2172 1575 2204 supra

866 2226 896 2247 c.
908 2219 960 2246 25.
986 2217 994 2232 ‘
1010 2215 1181 2247 exercitus
1199 2215 1285 2254 tiro,'
1301 2215 1350 2246 sic
1365 2215 1419 2246 hic
1434 2224 1506 2255 pars
1521 2224 1575 2245 ea:-

866 2266 980 2296 orcitus
1009 2266 1072 2296 tiro
1098 2266 1273 2305 eleganter
1304 2265 1439 2296 dicitur.
1482 2264 1572 2295 Vide

866 2316 941 2346 loco
955 2316 1015 2347 cit.
1051 2316 1096 2346 Ni
1114 2316 1198 2346 Mss.
1215 2315 1385 2355 cederem,
1408 2315 1575 2357 Scaligeri

867 2366 1050 2397 lectionem
1069 2367 1167 2397 unice
1185 2376 1298 2397 verum
1311 2372 1479 2407 putarem.

911 2420 931 2447 υ
958 2417 1066 2448 Totum
1095 2426 1126 2447 se
1148 2416 1271 2459 fucere]
1311 2417 1352 2448 Id
1381 2423 1434 2448 cst
1450 2416 1572 2456 fucere,

867 2477 934 2507 quae
947 2467 1049 2498 vellet:
1060 2477 1135 2508 quae
1149 2468 1276 2498 locutio
1286 2468 1375 2509 apud
1390 2468 1573 2508 Ulpianum

871 2519 1036 2557 occurrit;
1062 2524 1098 2549 et
1121 2519 1163 2549 de
1182 2529 1221 2550 ea
1246 2521 1318 2560 agit
1337 2520 1388 2550 Cl.
1416 2520 1507 2550 Duk.
1530 2519 1571 2550 de

869 2569 980 2600 Latin.
995 2570 1120 2602 Jurisc.
1138 2580 1170 2610 p.
1185 2573 1258 2601 353.
1284 2570 1375 2602 Hinc
1390 2570 1462 2600 talis
1475 2569 1572 2599 homo

870 2620 972 2660 vulgo
988 2620 1178 2658 diciturfuc
1192 2624 1311 2657 totum‚·
1334 2627 1367 2651 et
1384 2619 1473 2659 apud
1487 2618 1573 2658 opti-

869 2681 942 2702 mos
957 2681 1106 2713 quosque
1132 2673 1233 2703 omnia
1249 2682 1319 2702 esse.
1358 2670 1501 2702 Consule
1519 2678 1573 2700 ce-

868 2721 1067 2753 leberrimos
1094 2722 1182 2753 viros
1199 2723 1318 2753 Heius.
1336 2726 1370 2750 et
1386 2721 1502 2752 Burni.
1528 2719 1571 2750 ad

869 2771 1011 2803 Petron.
1026 2782 1056 2804 c.
1068 2774 1120 2802 37.
1145 2769 1416 2804 ‘Trimalchionis
1430 2773 1572 2810 tapanta
