1850 3109
455 240 562 270 cAP.
593 227 665 268 43.
713 238 809 269 Lm.
843 237 907 268 nn
941 237 1096 268 aemio
1129 239 1279 269 Anax.

108 335 186 368 Pal.
204 336 313 377 Bong.
337 333 433 367 Leid.
460 342 530 365 sec.
553 331 809 374 praesentissimo-

130 396 177 418 ue.

108 397 127 426 q
154 436 193 467 In
207 435 308 467 orbem
331 443 363 465 ee
382 433 514 474 recepit]
538 433 613 464 Hoc
629 433 664 464 in
681 443 810 464 summo

110 486 260 527 periculo
275 484 350 516 fieri
366 484 513 515 solitum.
562 484 678 515 Caesar
706 484 746 515 B.
765 484 811 516 G.

109 546 144 568 v.
173 540 225 569 83.
263 537 336 568 ‘Ut
373 536 615 577 impedimenta
647 536 812 577 relinque-

110 590 198 627 rent,
222 592 323 628 atque
339 587 372 617 in
399 587 516 618 orbem
540 587 811 618 consisterent—

109 647 174 669 non
189 638 261 668 sine
287 647 415 668 summo
442 638 564 668 timore
595 642 630 668 et
655 637 812 678 despera-

107 688 202 719 tione
224 687 257 718 id
282 686 408 719 factum
431 687 638 720 videbatur!
685 687 753 718 Adi
776 693 812 719 et

108 737 208 770 Joan.
247 738 425 769 Brantium
459 738 501 769 ad
533 739 574 769 Β.
604 738 647 769 G.
679 747 728 770 ιν.
759 741 811 770 37.

110 788 223 821 Dacis.
258 789 298 820 B.
330 787 440 820 Afric.
474 797 506 820 c.
533 791 584 820 15.
616 788 811 829 ‘Copiisin

109 837 225 870 orbem
242 837 447 878 compulsis!

151 896 225 921 xm.
242 892 260 920 3
284 888 355 920 Sibi
371 888 535 927 fortunam
556 892 717 930 paternam
736 889 813 927 feli-

107 939 189 972 ciore
212 943 322 971 erenlu
346 939 532 980 destinaret]
555 941 600 971 Et
617 945 716 981 pater
739 944 814 971 erat

109 990 343 1031 Mithridates,
359 991 429 1031 qui,
449 991 605 1021 maximis
622 991 721 1021 rebus
740 1000 813 1031 ges-

109 1039 168 1080 tis,
199 1041 336 1072 tandem
359 1051 378 1071 a
410 1040 575 1080 Pompeio
609 1040 813 1080 debellatus,

110 1091 120 1107 ⁴
138 1090 224 1121 male
241 1095 409 1122 tentatum
434 1100 563 1121 veneno
577 1090 733 1130 spiritum
750 1089 815 1122 fer-

110 1147 149 1171 ro
164 1140 297 1180 expulit
309 1140 328 1177 ;’
353 1145 391 1171 ut
403 1140 552 1181 loquitur
575 1140 693 1170 Florus
709 1149 765 1172 111.
783 1144 815 1172 5.

109 1191 163 1222 2⁶.
186 1188 298 1221 Davi-«s.

153 1247 241 1271 ¹111.
258 1241 298 1270 27
322 1240 361 1271 In
378 1239 593 1270 Macedoniam
612 1239 746 1278 legiones
760 1241 814 1271 od-

110 1290 250 1331 duceret]
273 1290 328 1321 Sic
352 1290 532 1331 legendum
550 1299 593 1321 ex
609 1291 702 1322 Msto
726 1291 814 1322 Nor-

110 1342 180 1373 vic.
195 1346 231 1372 et
246 1340 330 1372 edit.
346 1341 464 1382 Steph.
493 1341 602 1373 edidit
626 1342 716 1373 enim
740 1342 813 1374 Jos.

110 1391 275 1433 Scaliger,
304 1392 337 1423 in
367 1393 580 1424 Macedoniam
604 1393 739 1432 legiones
761 1395 815 1425 od-

110 1443 269 1482 ducerent,
297 1453 336 1475 ae
368 1444 417 1474 ita
432 1453 513 1474 sane
536 1445 699 1475 exhibent
729 1445 815 1476 anti-

113 1493 263 1535 quissimi
289 1503 332 1525 ex
369 1494 541 1534 impressis
571 1494 680 1526 Codd.
721 1496 816 1526 Rom.

110 1545 197 1577 Ven.
213 1546 368 1577 Beroald.
386 1546 500 1578 Dat-is.
524 1547 711 1578 Adduceret.
737 1547 817 1577 Edi-

113 1595 140 1628 ti
152 1594 226 1627 fere
244 1605 371 1637 omnes,
384 1598 582 1629 adducerent.
627 1598 695 1629 Sed
711 1598 817 1629 Davi-

114 1646 182 1677 sius
206 1655 250 1677 ex
274 1646 367 1678 Edit.
384 1647 504 1688 Steph.
529 1654 564 1679 et
586 1649 653 1679 Ms.
677 1649 817 1687 Eliensi,

112 1695 328 1737 (quibuscum
340 1695 470 1728 faciunt
484 1698 566 1728 Mss.
584 1699 668 1738 Reg.
683 1703 719 1729 et
735 1698 819 1730 Vos-

115 1745 185 1788 sii,)
201 1747 353 1779 re‘stituit
374 1749 550 1780 adduceret.
595 1750 680 1782 Quae
706 1754 742 1780 et
763 1758 819 1780 ve·

116 1797 184 1830 rior
210 1798 347 1829 videtur
370 1798 483 1830 lectio.
529 1799 609 1831 Non
633 1799 723 1831 enim
740 1799 820 1831 Cor-

114 1847 262 1887 nificius,
293 1848 422 1880 relicta·
443 1858 503 1879 sua
540 1849 726 1889 provincia,
760 1848 820 1881 sed

114 1898 281 1931 Gabinius
297 1900 400 1938 solus,
422 1899 456 1930 in
475 1899 711 1931 Macedoniam
728 1900 819 1932 vide-

116 1953 173 1981 tur
197 1948 303 1982 fuisse
327 1950 448 1981 iturus.
487 1951 596 1982 Clark.
642 1951 820 1982 Adduceret

116 2000 201 2032 Mss.
227 2010 344 2032 omues
369 2006 405 2031 et
430 2000 519 2031 Edd.
543 2001 635 2041 Aldi,
662 2001 820 2042 Gryphii,

117 2050 258 2082 Vascos.
275 2050 453 2091 Stephani,
470 2051 627 2092 aliaeque.

160 2110 263 2133 xmu.
279 2105 300 2133 4
324 2102 394 2137 Qua
416 2112 497 2142 soepe
510 2103 541 2133 in
559 2102 647 2134 bellis
665 2104 823 2143 periclita-

116 2150 183 2191 tus]
205 2151 261 2182 Sic
278 2160 321 2182 ex
338 2151 422 2182 Mss.
439 2153 524 2193 Reg.
541 2153 669 2185 Eliens.
685 2158 721 2183 et
737 2153 822 2184 Vos-

120 2201 159 2232 sii
186 2201 332 2232 restitui.
395 2202 504 2241 Editi‚
528 2213 619 2242 quom
648 2213 740 2243 saepe,
769 2205 824 2243 «isc.

117 2258 231 2293 neque
266 2251 453 2283 Latinitate
480 2262 588 2293 neque
613 2262 711 2284 sensu
743 2254 822 2284 satis

119 2301 307 2334 commodo.
326 2303 434 2334 Clark.
452 2303 503 2334 Cl.
518 2303 674 2334 Clarkius
688 2313 729 2333 ex
744 2313 831 2334 non-v

120 2351 221 2384 nullis
237 2352 330 2382 libris
355 2352 504 2392 reponit,
528 2362 588 2393 qua
601 2363 680 2393 saepe
700 2353 825 2393 pericli-

120 2405 217 2442 tatus,
232 2402 397 2444 additque
421 2404 569 2443 vulgatae
595 2403 750 2434 lectionis
767 2413 824 2434 ne-

123 2461 189 2493 que
213 2452 434 2484 Latinitatem
457 2462 565 2494 neque
590 2462 722 2484 sensum
742 2453 824 2484 satis

123 2511 197 2534 esse
234 2502 458 2533 commodum.
530 2503 631 2535 Quod
665 2502 826 2543 παρόραμα

124 2551 259 2593 quidem
282 2557 354 2590 est3
379 2563 455 2583 naui
469 2554 644 2593 periclitari
662 2555 753 2585 valet
767 2564 825 2594 pe-

126 2601 266 2632 riculum
303 2601 429 2642 facere,
466 2603 628 2643 experiri,
667 2609 824 2642 tentare;

127 2657 334 2695 quapropter
348 2653 552 2684 accusativum
570 2663 671 2684 cusum
689 2663 825 2693 prorsus

127 2697 271 2740 flagitat.
308 2702 412 2733 Forte
427 2707 542 2734 tumen
558 2703 827 2743 rescribendum,

128 2757 214 2784 eun
226 2759 306 2791 ηερε
317 2752 534 2790 periclitatum
556 2758 595 2784 ut
619 2757 688 2785 tam
703 2753 746 2783 ad
762 2753 830 2784 vir-

128 2804 239 2835 tutem
263 2810 364 2842 quam
389 2801 432 2833 ad
448 2801 628 2836 scientiam
644 2812 830 2844 pronomen

1451 232 1564 273 1555

860 329 1040 362 referatur.
1065 331 1174 362 Daris.
1197 341 1269 363 cur.
1287 341 1355 363 sec.
1391 333 1472 364 Mss.
1497 336 1564 367 mei

861 386 896 413 et
921 381 1010 412 Edd.
1033 381 1171 413 Vascos.
1203 382 1360 423 Gryphii,
1391 383 1565 424 Stephani,

861 442 932 472 qua,
956 432 1040 463 Cod.
1071 432 1198 464 Lovan.
1226 442 1303 464 cum
1331 433 1420 465 Edd.
1449 435 1566 475 primis

861 483 972 523 quibus
1002 483 1173 515 exhibent.
1222 484 1324 519 Quam
1350 485 1565 516 nihilominus

862 543 914 565 cu·
928 545 937 557 ¹
955 534 1056 573 Aldu,
1069 534 1183 567 Plant.
1207 535 1327 575 Scalig.
1345 540 1380 566 et
1396 545 1488 576 seqq.
1500 545 1569 566 ma-

862 585 929 615 lim.
974 585 1159 616 Periclitor-i
1176 587 1323 617 rirtutem
1348 591 1401 617 est
1417 586 1567 626 experiri

862 645 924 675 per
940 636 1104 676 pericula,
1123 637 1203 677 quid
1229 637 1336 668 virtus
1361 643 1396 668 et
1421 637 1567 668 scientia

862 685 1005 726 possint.
1052 687 1127 718 Nec
1147 686 1258 726 video,
1275 697 1335 719 cur
1351 688 1459 718 minus
1476 687 1569 719 Lati-

862 745 940 766 num
955 736 1012 775 sit,
1025 746 1126 777 quam
1150 737 1239 778 quod
1265 737 1403 769 adhibet
1420 738 1499 768 alibi
1512 748 1567 778 pe-

861 786 996 816 riclitari
1019 786 1192 825 fortunam.
1247 787 1400 819 Defendi
1429 787 1567 829 quidem

864 838 978 879 aliquo
1003 838 1103 870 modo
1129 845 1244 879 posset
1272 839 1442 870 Mstorum
1461 839 1568 871 lectio

863 897 905 919 ex
934 898 963 919 c.
997 891 1048 920 13.
1071 890 1080 906 ‘
1095 890 1282 930 periclitati
1307 891 1447 931 remigio
1462 889 1484 928 ;’
1507 890 1568 922 sed

864 938 912 968 ibi
942 939 1081 970 additur
1113 940 1220 982 ‘quid
1258 951 1401 983 quaeque
1439 941 1571 982 possit?

865 987 934 1019 Adi
950 995 1068 1021 notata
1084 990 1125 1021 ad
1144 1000 1208 1022 vu.
1223 994 1275 1023 36.

907 1043 926 1069 5
943 1040 1091 1081 Ansaque
1101 1041 1172 1082 suo]
1190 1042 1244 1073 lta
1257 1042 1568 1073 Mss.constanter:

866 1093 900 1120 at
919 1091 1087 1122 rarissime
1114 1102 1189 1123 ausu
1217 1102 1278 1132 pro
1306 1102 1379 1123 auso
1403 1097 1456 1123 est
1480 1092 1570 1133 apud

864 1141 958 1171 aurei
985 1142 1048 1172 aevi
1078 1142 1272 1182 scriptores.
1331 1143 1373 1173 In
1403 1142 1571 1173 nonnullis

866 1193 978 1220 tamen
996 1191 1078 1221 Mss.
1097 1192 1212 1222 Ovidii
1231 1193 1360 1232 reperit
1383 1193 1434 1223 Cl.
1451 1193 1568 1223 Burni.

867 1250 966 1281 quem
983 1240 1060 1271 vide
1076 1241 1117 1272 ad
1144 1242 1232 1273 Met.
1257 1250 1307 1273 xl.
1323 1244 1398 1273 242.
1442 1242 1571 1273 Verum

866 1291 1013 1322 insolens
1040 1296 1093 1323 est
1108 1293 1302 1334 conjunctio
1323 1301 1457 1333 quoque
1479 1293 1575 1323 ductu

865 1352 1009 1383 ausuque.
1056 1343 1169 1376 Quare
1194 1344 1330 1374 omniuo
1353 1342 1478 1373 accedo
1494 1343 1574 1383 Lip-

867 1392 930 1432 sio,
948 1393 1006 1434 qui
1032 1394 1176 1434 margini
1203 1394 1332 1424 adlevit
1352 1394 1445 1424 ‹lut-tu
1471 1393 1574 1433 auspi-

866 1443 982 1483 cioque,
1012 1452 1055 1474 ex
1088 1443 1228 1474 solemni
1266 1443 1423 1474 formula,
1483 1443 1573 1474 Vide

867 1493 977 1533 ipsum
1003 1493 1045 1524 de
1071 1494 1147 1526 Mil.
1175 1503 1216 1525 Π.
1237 1496 1289 1525 12.
1335 1493 1522 1524 Proconsul
1540 1503 1574 1524 e·

868 1544 937 1575 nim
959 1543 1073 1576 suerat
1088 1545 1268 1583 Gabinius,
1285 1550 1320 1576 et
1335 1544 1468 1585 Syriam
1497 1553 1573 1574 cum

869 1595 1023 1626 exercitu
1039 1595 1248 1636 obtinuerat,
1264 1605 1330 1637 quo
1353 1604 1442 1625 anno
1457 1595 1574 1626 Ptole-

869 1655 974 1676 maeus
991 1646 1025 1676 in
1042 1654 1183 1687 regnum
1199 1646 1361 1678 reductus
1377 1650 1440 1676 est.
1488 1645 1577 1676 Con-

869 1695 921 1726 fer
934 1697 1065 1727 Fastos.

915 1749 955 1777 14
980 1748 1020 1778 In
1045 1748 1171 1786 agnaine
1199 1748 1348 1779 dimicare
1371 1748 1413 1779 sit
1440 1747 1577 1787 coactus]

870 1797 970 1829 Joan.
994 1798 1169 1830 Goduinus
1193 1799 1235 1830 ad
1260 1800 1348 1830 hunc
1377 1799 1489 1830 locum
1516 1799 1576 1838 ait,

869 1848 929 1879 ‘id
952 1854 1017 1888 est,
1043 1854 1138 1880 tanto
1166 1859 1243 1881 cum
1267 1850 1432 1890 periculo,
1447 1854 1498 1889 ut,
1519 1859 1582 1880 ex-.

870 1898 973 1938 pletis
996 1900 1212 1940 imperatoris
1229 1899 1360 1941 officiis,
1375 1905 1515 1932 coaetus
1532 1901 1578 1931 sit

871 1949 988 1981 militis
1015 1956 1130 1990 partes
1158 1952 1347 1992 suscipere,
1376 1962 1478 1983 manu
1504 1953 1578 1992 ipse

870 2000 1068 2041 pugnando,
1085 2001 1177 2042 quod
1202 2001 1350 2032 alienum
1369 2002 1411 2033 ab
1434 2002 1578 2042 impera-

871 2049 970 2080 tore!
1015 2050 1083 2081 Sed
1110 2051 1232 2082 misere
1249 2051 1381 2083 fallitur
1405 2052 1577 2092 interpres

871 2100 930 2132 ille
947 2100 1154 2134 Gallicanus.
1187 2102 1320 2142 Agmen
1336 2109 1388 2134 est
1404 2102 1578 2134 exercitus

873 2152 1048 2183 ambulans
1065 2164 1072 2190 ;
1098 2153 1157 2194 qui
1171 2153 1276 2194 igitur
1290 2153 1324 2184 in
1338 2153 1462 2192 agmine
1486 2152 1580 2183 dimi-

872 2204 933 2242 cet,
962 2202 998 2234 in
1024 2202 1158 2241 itinere,
1183 2203 1381 2244 priusquam
1410 2202 1580 2233 instructa

873 2252 918 2283 sit
945 2253 1048 2294 acies,
1074 2254 1263 2293 proeliatur.
1308 2253 1458 2283 Isidorus
1481 2251 1580 2292 Orig.

874 2311 928 2333 1x.
944 2305 975 2334 3.
999 2304 1008 2319 ‘
1026 2303 1161 2344 Agmen
1191 2303 1331 2341 dicitur,
1348 2313 1425 2334 cum
1453 2301 1583 2334 exerci-

875 2356 930 2383 tus
947 2352 1016 2383 iter
1041 2351 1137 2391 facit,
1155 2352 1198 2383 ab
1213 2353 1330 2391 agendo
1359 2357 1530 2390 vocatum,
1544 2351 1580 2382 id

876 2407 943 2442 est,
967 2402 1090 2435 eundo.
1116 2403 1285 2434 Plautus:
1335 2402 1403 2437 Quo
1426 2406 1456 2432 te
1484 2399 1581 2441 agis?

875 2453 956 2493 Ipse
987 2459 1039 2484 est
1067 2454 1154 2483 enim
1186 2453 1357 2490 exercitus
1375 2451 1582 2483 ambulans?

874 2504 996 2544 (Lege,
1010 2514 1053 2535 ne
1065 2505 1189 2535 soloeca
1199 2505 1242 2534 sit
1259 2504 1379 2540 oratio,
1395 2514 1452 2544 quo
1469 2507 1499 2534 te
1512 2503 1582 2543 agis

875 2555 939 2594 ipse
949 2554 964 2586 :²
996 2558 1040 2586 est
1056 2555 1148 2591 enim,
1164 2554 1234 2594 eisc.)
1257 2556 1265 2571 ⁴
1285 2564 1362 2585 narn
1390 2563 1509 2594 agmen
1534 2552 1585 2583 di-

877 2605 969 2636 citur
986 2605 1076 2647 quod
1099 2606 1132 2636 in
1150 2605 1396 2646 longitudinem
1410 2605 1580 2634 directum

877 2660 948 2693 est;
973 2657 1072 2696 quale
1097 2657 1184 2686 solet
1211 2665 1296 2693 esse,
1314 2665 1390 2685 cum
1411 2653 1581 2684 exercitus

878 2706 986 2746 portis
1010 2706 1191 2746 procedit.’
1235 2706 1371 2736 Servius
1389 2704 1430 2734 ad
1446 2703 1583 2743 Virgilii

879 2756 954 2786 AEu.
970 2765 994 2786 1.
1013 2758 1087 2786 190.
1112 2759 1120 2772 ⁶
1138 2755 1270 2795 Agmen
1294 2754 1430 2794 proprie
1453 2753 1582 2784 dicitur

879 2805 1037 2838 ordinata
1049 2805 1243 2845 multitudo,
1259 2811 1296 2835 ut
1313 2811 1366 2837 est
1381 2804 1583 2839 ambulantis
