1850 3109
257 162 369 204 1766
682 173 724 206 J.
754 172 894 206 camsi
927 173 1283 208 connexa-ann

255 267 458 318 Menapios
478 267 626 318 pergit:
652 273 770 319 atque
789 268 861 306 illis
881 281 1049 319 pugnam
1069 269 1378 308 detrectantibus
1411 269 1591 308 silvarum
1621 268 1711 308 obi·-

250 330 364 370 cibus
383 345 428 369 ac
456 331 656 383 paludum,
674 333 800 370 omnia
831 333 1050 382 populatus,
1085 334 1177 371 nibil
1211 334 1312 371 ferro
1337 333 1576 383 flammisque
1596 333 1710 383 liquit

245 395 465 434 intactum:
495 395 620 433 donec
650 396 790 434 ⁷¹male
821 396 963 441 coacti,
999 397 1097 435 datis
1129 397 1334 435 obsidibus
1365 411 1498 448 paceni
1531 397 1712 447 precibus

255 459 525 512 impetrarent:
556 460 630 496 hoc
651 466 874 509 praecepto;
906 472 951 497 ne
981 461 1040 497 vel
1064 460 1325 510 Ambiorigem
1348 461 1406 498 vel
1438 462 1522 509 ejus
1555 461 1709 498 nuntios

253 523 352 561 intra
372 535 460 560 suos
481 521 572 559 fines
589 521 862 560 admitterent:
893 522 1062 573 alioquin
1085 536 1218 574 pacem
1237 524 1444 574 praestitam
1460 525 1599 561 nullam
1617 524 1712 565 fore.

253 585 368 635 [105]
425 586 575 622 Interea
588 585 737 622 Treviri
757 586 926 636 quietem
944 586 1081 636 perosi,
1097 586 1307 624 Labienum
1328 586 1508 625 invadere
1532 587 1715 624 decreve-

257 656 492 697 rantmagno
513 648 687 698 equitnm
703 661 748 686 ac
769 649 942 699 peditum
957 656 1143 700 apparatu
1161 661 1170 686 z
1200 656 1312 699 turpe
1326 650 1397 687 sibi
1412 649 1715 700 pudendumque

248 718 454 751 vcensentes
472 712 623 750 unicani
642 712 831 761 legionem
852 712 907 750 eis
936 712 1061 750 invitis
1082 719 1207 751 castra
1228 713 1304 750 suis
1326 714 1362 750 in
1384 712 1526 751 tinibus
1547 713 1713 752 habere:

258 777 323 816 sed
345 777 439 815 dum
460 782 565 821 eunt,
600 776 669 814 viae
704 775 832 813 medio
864 775 961 813 duas
995 775 1164 825 legiones
1197 777 1464 826 supervenisse
1494 778 1716 822 sentientes,

257 841 465 881 subsistere
485 847 523 879 et
544 847 747 891 expectare
769 842 1054 878 Germanorum
1080 840 1220 877 auxilia
1253 840 1468 878 decrevere.
1526 840 1714 879 Labienus

251 908 306 943 -de
343 906 554 944 temeritate
588 905 752 942 bostium
791 917 944 954 sperans
962 919 972 950 ;
1014 903 1169 942 dimisso
1203 904 1382 954 praesidio
1421 904 1613 949 liibernis;
1642 903 1717 943 illis

259 970 411 1007 obviam
433 969 607 1018 procedit
627 977 665 1006 et
685 982 805 1019 prope
826 981 892 1006 eos
921 969 1026 1006 mille
1057 981 1238 1020 passuum
1272 968 1396 1018 spatio
1426 967 1618 1014 consedit;
1648 966 1718 1007 flu-

260 1046 345 1071 men
363 1039 444 1070 erat
465 1033 502 1070 in
523 1032 650 1070 medio
669 1032 864 1082 rapidum,
885 1032 976 1082 ripis
996 1022 1251 1076 exstantibus,
1283 1031 1387 1082 quod
1414 1045 1486 1070 nec
1506 1031 1579 1070 sibi
1599 1037 1720 1070 trans-

258 1097 312 1134 ire
333 1096 588 1146 propositum,
609 1109 679 1133 nec
697 1095 897 1133 transitum
919 1095 962 1133 iri
978 1096 1029 1133 ab
1052 1095 1230 1133 hostibus
1251 1109 1334 1145 spes
1354 1104 1449 1134 erat.
1506 1095 1720 1135 Crescebat

258 1161 406 1199 interim
426 1160 549 1198 indies
582 1160 712 1197 auxilii
749 1158 851 1196 fama
886 1158 1133 1204 Germanici;
1167 1159 1256 1196 hinc
1289 1166 1424 1197 nactus
1458 1159 1717 1205 occasionem.

260 1225 461 1263 consilium
483 1224 650 1262 advocat
670 1231 709 1262 et
728 1224 830 1262 clara
864 1237 958 1261 voce
992 1236 1122 1261 coram
1142 1223 1345 1261 omnibus:
1377 1228 1385 1244 ⁸
1403 1223 1555 1270 Audio‚'
1582 1223 1718 1275 inquit,

262 1295 270 1310 ‘
294 1289 465 1339 ingentes
486 1290 768 1326 Germanorum
786 1287 916 1337 copias
943 1286 1177 1325 adventare:
1209 1294 1356 1325 nonest
1375 1288 1548 1332 animum
1580 1299 1722 1339 meque

261 1361 297 1392 et
319 1353 527 1390 exercitum
550 1352 586 1389 in
606 1351 812 1389 discrimen
833 1350 1003 1388 mittere:
1037 1364 1120 1389 cras
1143 1351 1265 1401 prima
1294 1351 1379 1390 luce
1400 1364 1552 1390 movere
1571 1358 1609 1390 et
1629 1351 1720 1390 hino

260 1417 366 1455 abire
398 1415 592 1466 disposui:
632 1421 756 1452 estote
788 1415 902 1465 igitur
932 1415 981 1452 ad
1017 1415 1185 1453 officium
1218 1416 1366 1465 parati:
1421 1417 1540 1453 Erant
1559 1415 1662 1454 Galli
1683 1415 1720 1454 in

260 1482 444 1524 exercitu,
468 1481 532 1531 qui
553 1492 788 1531 quamquam
812 1479 884 1516 sub
906 1479 1089 1516 Romanis
1110 1479 1224 1529 signis
1245 1479 1461 1524 militarent,
1483 1479 1646 1517 naturali
1668 1486 1722 1518 ta·

261 1558 348 1584 men
370 1545 503 1596 patri-„e
531 1557 660 1582 amore
682 1543 927 1581 tenebantur:
959 1555 1083 1594 neque
1100 1549 1202 1581 certe
1215 1543 1323 1581 aliter
1342 1542 1422 1580 fieri
1443 1549 1606 1593 poterat,
1628 1542 1720 1595 quin

261 1623 307 1648 ex
331 1616 404 1648 tam
427 1609 555 1647 multis
575 1608 694 1658 aliqui
713 1608 764 1645 sic
787 1607 916 1645 all‘ccti
937 1614 1072 1652 essent,
1105 1615 1148 1646 ut
1176 1607 1294 1658 magis
1311 1606 1470 1657 originis
1492 1620 1605 1657 quam
1629 1606 1723 1645 mili·
1763 1609 1768 1611 ’

263 1674 326 1713 tiae
358 1673 644 1711 meminissent:
677 1685 745 1722 per
766 1672 834 1709 lios
857 1671 981 1709 statim
1016 1671 1193 1710 hostibus
1222 1671 1415 1709 innotuit:
1445 1683 1570 1720 neque
1590 1670 1723 1709 Labie·

261 1751 334 1776 nus
353 1737 459 1776 aliud
493 1743 715 1775 eventurum
749 1736 957 1774 arbitratus
978 1735 1126 1779 fuerat;
1157 1748 1282 1789 neque
1315 1735 1432 1773 alium
1461 1735 1508 1772 ad
1541 1734 1722 1773 effectum

262 1802 382 1841 verba
402 1803 463 1840 illa
492 1802 622 1839 ⁷²inilii
642 1801 804 1840 consilio
824 1800 994 1838 dixerat:
1027 1813 1115 1838 mox
1142 1799 1258 1850 igitur
1277 1799 1376 1837 clam
1397 1798 1530 1837 accitis
1563 1798 1726 1837 tribunis

264 1867 425 1905 miiitum
446 1873 484 1904 et
501 1866 634 1917 primis
654 1865 846 1904 exercitus
864 1880 873 1910 ;
905 1866 962 1902 sui
991 1865 1137 1903 consilii
1167 1864 1356 1902 rationem
1378 1863 1524 1913 pandit,
1544 1861 1647 1914 quod
1677 1873 1724 1900 ne

263 1930 439 1968 inefficax
459 1931 518 1976 sit,
540 1930 708 1968 simulari
742 1942 926 1979 pavorem
955 1936 994 1966 et
1022 1929 1149 1967 omnia
1181 1927 1457 1966 tumultuosius
1479 1925 1559 1965 fieri
1581 1925 1722 1976 jubet:

264 1999 431 2043 paretur,
450 1992 549 2031 fiunt
568 1992 716 2043 singula
728 1999 816 2029 ante
834 1998 999 2042 tempus,
1027 1992 1281 2043 trepidatione
1301 2004 1345 2027 ac
1368 1990 1522 2027 fremitu
1542 1989 1694 2028 insolito
1713 2003 1722 2033 ς

264 2066 302 2096 et
322 2058 404 2108 ipse
426 2057 551 2108 fragor
570 2056 795 2094 abeuntium
828 2062 866 2093 et
900 2057 1186 2106 exploratorum
1207 2056 1310 2093 dieta
1332 2054 1626 2100 conveniebant,
1647 2053 1726 2092 Ro-

265 2133 399 2159 manos
419 2121 561 2170 fugere,
578 2133 652 2158 non
668 2120 790 2158 abire.
847 2121 1105 2158 Conclamant
1125 2120 1254 2158 hones
1285 2124 1295 2139 ‘
1312 2120 1451 2157 lentam
1467 2131 1550 2155 esse
1569 2119 1728 2156 Germa-

263 2199 401 2224 norum
422 2185 729 2236 expectationem
750 2199 758 2228 ;
791 2198 860 2224 nec
877 2185 1012 2235 priscu-
1031 2185 1196 2222 Gallieze
1214 2184 1375 2228 virtutis,
1392 2182 1507 2220 tantis
1531 2183 1725 2219 bominum

265 2256 497 2286 {innatorum
518 2248 686 2292 milibus,
703 2261 848 2298 paucos
870 2250 1064 2286 Romanos
1079 2247 1267 2295 fugientes
1292 2246 1439 2297 insequi
1460 2259 1535 2283 non
1551 2245 1729 2286 auderes

266 2314 338 2349 lioe
363 2312 469 2356 inter,
493 2325 632 2362 magno
653 2312 794 2361 impetu
816 2312 952 2351 castris
973 2320 1193 2362 erumpunt,
1209 2311 1349 2348 flumen
1368 2316 1582 2353 transeunt,
1602 2315 1640 2347 et
1660 2309 1729 2347 ini-

268 2389 345 2426 quo
367 2376 496 2426 copias
517 2383 718 2426 exponunt
736 2375 836 2414 loco·
895 2376 1087 2414 Labienus
1109 2383 1146 2413 nt
1173 2375 1399 2425 praeviderat
1425 2387 1499 2411 rem
1522 2373 1728 2411 suet-edere

266 2439 514 2492 ἱῑιῑείΙίςῑοηηΙ
531 2453 599 2489 per
637 2440 829 2490 inceptant
869 2439 1161 2483 simulationem,
1202 2439 1304 2476 leuto
1334 2446 1457 2476 tamen
1492 2437 1728 2488 procedebat

268 2517 413 2553 gressu,
430 2502 542 2554 [106]
564 2504 687 2540 donec
702 2505 942 2554 insequentes
959 2516 1039 2552 quo
1059 2503 1317 2540 destinaverat
1333 2501 1594 2552 pr‹»‹luxi.-set.
1624 2501 1727 2538 Tum

269 2581 487 2612 conversus,
520 2574 527 2588 ‘
552 2569 707 2613 oblatas
737 2569 874 2618 inquit,
906 2573 914 2587 ‘
933 2582 955 2604 υ
977 2567 1117 2604 milites
1139 2568 1322 2604 facultate
1357 2579 1493 2616 pngnae
1515 2565 1730 2615 prosperio-

269 2635 317 2670 :·3.-
342 2633 489 2670 utimini
509 2647 517 2671 ;
550 2633 698 2670 habetis
725 2634 886 2677 bostem,
909 2640 947 2670 et
964 2633 1162 2682 iniquitate
1183 2633 1267 2674 loci,
1289 2638 1327 2668 et
1348 2645 1415 2668 suo
1437 2643 1563 2668 errore
1583 2641 1729 2679 suaque

718 2731 755 2759 71
790 2729 1084 2770 &gestuum-422⁸
1119 2729 1221 2770 Lege,
1237 2727 1281 2758 in.
