1850 3109
262 145 374 190 1544

262 251 345 296 terit
358 253 564 294 mumpmpe
578 263 646 284 eum
662 263 832 287 numerum.
864 253 964 287 Quod

262 310 331 334 non
370 308 536 343 ceperunt
564 303 718 343 librarii;
757 304 846 336 unde
871 314 965 344 prope

263 351 440 392 ejecerunt
457 353 610 393 quidemn
628 353 685 384 alii
699 354 814 393 paullo,
824 354 883 385 aiii
894 358 963 394 pose

262 401 525 435 substituerunt.
573 404 660 435 Nam
687 404 790 443 paullo
811 407 881 443 post
896 414 964 434 eum

262 462 293 482 u.
311 456 365 485 est
387 453 490 484 etiam
517 453 549 483 in
579 454 704 484 Lovun.
724 453 834 485 Palat.
851 453 961 494 Bong.

262 501 445 534 Leid.sec.
474 507 509 532 et
537 502 624 532 Edd.
653 502 747 532 Vett.
777 507 904 542 praeter
922 503 962 534 R.

261 551 395 592 Steph.,
411 562 510 593 quem
529 558 665 583 secutus
681 558 735 584 est
748 553 874 593 primus
887 554 966 585 Sca-

260 601 359 642 liger,
374 602 432 642 qui
448 602 549 633 habet
574 604 670 642 ultra,
687 609 722 634 et
739 604 767 634 si
791 605 962 644 excerptis

262 651 346 683 fides
375 658 441 691 est,
466 653 685 685 consumatur
700 664 719 685 a
737 654 820 687 Cod.
838 655 962 696 Scalig.

261 703 314 733 vel
330 703 377 734 D.
394 703 518 735 Vossii.
566 703 611 735 At
626 704 721 736 Leid.
741 715 789 745 pr.
814 710 849 737 et
866 707 963 737 Voss.

260 753 361 786 modo
391 753 554 786 exhibent
579 756 681 795 paullo
706 766 773 786 eum
794 766 963 789 numerum.

264 804 374 836 Paullo
401 814 496 845 prope
523 805 591 836 dici
622 805 768 846 videtur,
794 813 831 838 ut
858 808 963 848 paullo

260 857 343 894 ante,
353 859 435 895 post,
449 857 500 896 pri
506 866 551 895 us,
565 857 616 896 dyc.

305 912 396 936 xxu.
420 908 434 936 l
465 906 599 936 Tantum
610 905 790 947 abfuerunt]
814 908 964 939 Nonnul-

260 954 284 985 li
298 954 380 986 Mss.
396 955 518 986 absunt.
565 956 664 987 Unde
688 957 869 998 legendum
885 968 964 989 cou-

258 1004 404 1045 jecerim
434 1009 555 1037 tantum
587 1006 711 1047 abfuit,
741 1010 804 1039 ἀρ.
864 1009 964 1042 Quod

261 1056 449 1096 elegantius
465 1063 529 1097 est,
540 1068 639 1100 quam
652 1058 831 1098 abjnoenmt.
856 1061 963 1092 Clark.

260 1105 407 1138 Quinam
436 1107 470 1137 hi
501 1107 639 1139 codices
671 1109 749 1149 sint,
779 1110 813 1140 in
843 1110 965 1151 quibus

258 1155 370 1188 obsunt
397 1163 570 1197 exaretur,
595 1159 731 1190 nescio:
762 1159 896 1197 suerunt
911 1166 965 1192 est

258 1207 294 1238 in
321 1208 410 1239 Scal.
439 1212 477 1239 et
504 1208 600 1240 Leid.
629 1219 681 1250 pr.
726 1209 905 1248 Alifae-runt
931 1215 965 1242 ιιι

256 1257 519 1297 perturbarentur
535 1265 651 1299 posset
667 1259 795 1291 dictum
813 1270 888 1292 esse
903 1271 965 1302 pro

258 1305 422 1344 «abfuerunt
449 1319 468 1338 a
495 1309 740 1348 perturbatione.
785 1312 964 1344 Quomodo

259 1356 363 1389 abesse
378 1369 397 1390 ιι
413 1362 508 1398 metu,
521 1360 637 1399 dolore,
653 1371 671 1391 a
689 1362 855 1402 sententia,
871 1367 907 1394 et
923 1364 965 1394 si-

259 1408 352 1439 milia
367 1407 538 1441 dicuntur.
583 1410 674 1442 Just.
700 1419 740 1442 11.
758 1415 790 1443 5.
836 1414 845 1429 ‘
865 1412 965 1444 Pisis-

260 1462 371 1490 tratus
384 1469 501 1500 parum
516 1470 534 1490 a
551 1461 719 1501 capienda
733 1461 815 1493 urbe
829 1462 964 1495 abfuit:

261 1508 422 1540 Ceterum
442 1510 525 1541 Mss.
555 1511 608 1542 hic
635 1512 778 1552 amplius
803 1513 963 1545 turbant:

259 1568 337 1590 nam
364 1560 397 1590 iu
422 1560 518 1591 Leid.
547 1571 617 1593 sec.
648 1567 683 1593 et
706 1562 780 1594 Pal.
805 1563 965 1595 scribitur

259 1612 382 1642 tantum
397 1613 484 1643 modo
498 1616 569 1643 sunt
584 1613 758 1653 perturbati
785 1615 837 1645 sed
863 1615 965 1646 incen-

257 1659 298 1699 si,
313 1664 406 1702 atque
417 1671 457 1692 η’.
484 1672 514 1692 a.
533 1662 679 1700 fecerunt
695 1664 767 1695 sine
784 1665 965 1706 participio

259 1710 399 1752 incitati,
429 1712 519 1753 quod
551 1713 647 1744 abest
677 1714 780 1745 etiam
811 1724 831 1745 a
869 1715 965 1746 Voss.

259 1760 330 1792 Pro
345 1765 380 1792 ut
395 1762 497 1793 etiam
512 1764 564 1793 sed
580 1768 693 1794 exstat
716 1764 749 1794 in
774 1764 861 1795 Edd.
880 1765 965 1796 anti-

261 1811 442 1851 quissimis.
480 1812 570 1843 Dein
586 1815 688 1853 potius
708 1823 773 1845 non
790 1820 966 1855 comparet

261 1861 294 1893 in
328 1862 406 1894 Pet.
434 1863 670 1904 Leidensibns‚
700 1865 809 1896 Palat.
854 1866 963 1906 Bong.

261 1911 309 1942 nti
327 1921 390 1943 nec
407 1912 439 1942 in
466 1913 552 1944 Edd.
572 1913 686 1953 primis
714 1919 772 1945 aut
790 1914 964 1947 Beroaldi.

261 1960 384 1993 Recte.
409 1962 537 1994 Brutus
566 1964 655 2003 apud
674 1964 828 1995 Ciceron.
853 1965 964 2005 Epist.

260 2011 302 2042 ad
322 2012 413 2043 Fam.
431 2021 480 2044 xx.
499 2016 550 2044 10.
596 2015 604 2030 ‘
621 2014 766 2045 Tantum
795 2014 904 2054 abest,
926 2020 964 2046 ut

260 2071 345 2093 meae
365 2062 412 2094 rci
437 2061 611 2094 familiaris
641 2063 784 2095 liberum
806 2064 851 2096 sit
867 2065 963 2106 quid-

260 2122 374 2153 quam,
389 2117 426 2144 ut
438 2123 528 2144 ineos
540 2114 609 2154 jam
623 2124 738 2146 omnes
755 2115 880 2147 amicos
895 2126 964 2148 aere

261 2162 371 2193 alieno
398 2162 656 2196 obstrinxerim!
702 2166 824 2197 Cicero
850 2171 963 2198 tamen

259 2213 362 2245 Tusc-
382 2215 512 2246 Quaest.
536 2225 560 2246 1.
583 2218 635 2247 31.
665 2215 821 2248 addidit:
853 2219 861 2234 ‘
879 2219 963 2249 Tan-

262 2268 332 2294 tum
351 2265 447 2296 abest
465 2266 506 2297 ab
522 2276 574 2305 cO,
590 2271 628 2297 ut
654 2267 776 2298 malum
802 2278 890 2299 mors
907 2269 963 2309 sit,

261 2314 350 2355 quod
367 2316 425 2346 tibi
440 2315 566 2347 dudum
580 2317 772 2357 videbatur,
783 2323 819 2350 ut
831 2329 963 2359 verear,

262 2374 303 2395 ne
321 2366 446 2397 homini
463 2368 544 2398 nihii
561 2368 616 2409 sit,
631 2378 698 2400 non
729 2370 854 2401 malum
871 2371 963 2402 aliud

261 2420 371 2454 certe,
409 2417 466 2447 sed
509 2418 588 2448 nihil
627 2418 750 2450 bonum
779 2420 871 2452 aliud
906 2431 962 2462 po-

261 2465 353 2495 tluS.'

305 2518 323 2547 3
348 2516 386 2547 In
400 2517 588 2559 proeliisque]
620 2519 676 2549 Sic
692 2521 758 2551 Ms.
777 2521 862 2561 Reg.
877 2521 962 2554 Quae

262 2571 299 2598 et
314 2567 426 2599 verior
445 2568 580 2600 videtur
591 2570 705 2602 icctio.
719 2570 774 2601 ΑΙ.
789 2571 820 2601 in
831 2573 961 2611 proeliis.

265 2617 375 2649 Clark.
399 2617 581 2650 Accedunt
599 2620 719 2651 Petav.
738 2621 846 2661 Bong.
865 2623 961 2654 Leid.

262 2676 330 2699 sec.
355 2673 390 2700 et
402 2668 490 2701 Edd.
507 2670 644 2702 Vascos.
672 2672 804 2712 Gryph.
821 2676 909 2713 post.
927 2677 963 2705 et

261 2715 406 2751 stradae.
451 2719 598 2753 Videtur
613 2721 700 2753 enim
726 2721 769 2754 ad
786 2723 963 2764 sequeutia

736 158 876 189 No‘rAE
912 159 1172 190 VARIORUM
1207 159 1259 190 ΙΝ

1017 254 1202 294 pertinere,
1220 264 1296 295 quae
1313 254 1468 286 mutilata
1481 259 1571 287 sunt.

1057 309 1076 336 5
1106 305 1231 336 Manum
1245 305 1457 345 comprehendi
1469 317 1509 337 m.
1524 305 1667 346 operum
1681 309 1713 338 et

1013 354 1208 395 ardentibus]
1247 355 1354 386 Editt.
1372 357 1468 387 Rom.
1485 357 1573 387 Ven.
1588 356 1716 389 habent

1014 414 1137 436 nannum
1152 407 1423 446 comprehendendi
1436 418 1445 436 :
1480 406 1641 439 Beroald.
1657 416 1714 438 au-

1014 458 1083 485 tem
1096 455 1234 486 'mnibus
1244 457 1515 496 comprehendendi
1528 468 1539 493 ,·
1551 463 1586 488 at
1601 468 1621 488 a
1633 457 1717 488 Vas—

1014 513 1083 536 cos.
1095 515 1209 536 omnes
1220 506 1270 537 hae
1285 516 1384 537 voce.-
1399 508 1533 545 absunt,
1547 507 1636 540 unde
1650 507 1718 540 fat>

1015 559 1098 595 tum,
1115 560 1151 585 ut
1174 555 1272 588 Joau.
1303 556 1464 588 Brantius
1494 559 1716 592 Glossematis

1015 610 1191 645 suspectas
1202 605 1367 637 habuerit.
1386 608 1547 639 Concedo
1561 609 1672 648 potius
1683 609 1717 640 iu

1015 656 1216 686 senteutiam
1235 655 1320 687 Rob.
1344 656 1521 696 Stephani,
1546 658 1621 690 Jos.
1636 659 1718 690 Sca-

1013 704 1124 745 ligeri,
1154 713 1189 736 et
1218 706 1370 745 aliorum,
1395 707 1452 748 qui
1478 708 1632 741 lamnam
1660 709 1717 740 hic

1015 765 1089 787 esse
1117 757 1340 794 contendunt,
1356 758 1436 790 licet
1463 758 1496 789 in
1514 757 1620 791 Mstis
1645 760 1718 791 nui·

1015 806 1083 837 lum
1099 807 1170 847 ejus
1199 808 1241 838 sit
1265 808 1438 839 indicium.
1466 809 1579 839 Duris.
1627 809 1718 840 Com-

1010 857 1222 896 prehendendi
1248 858 1351 889 etiarn
1385 857 1479 889 Med.
1518 859 1647 889 Tarvis.
1680 863 1717 890 et

1014 908 1088 939 aiiae
1108 919 1115 939 :
1141 909 1368 948 erumpentibus
1384 909 1498 940 studiis
1519 909 1652 939 militum
1668 918 1719 940 re-

1016 959 1121 989 sectis
1148 959 1286 997 ceteris,
1313 963 1366 990 est
1409 958 1511 989 etium
1540 958 1572 988 in
1605 958 1719 997 I'aiat,

1017 1008 1116 1040 Leid.
1145 1018 1214 1039 sec.
1241 1014 1276 1040 et
1304 1008 1389 1039 Edd.
1413 1007 1559 1047 Stradae,
1586 1007 1718 1049 Gryph.

1016 1063 1105 1099 post.
1146 1059 1213 1090 Pro
1238 1062 1369 1091 multum
1386 1059 1481 1091 Leid.
1498 1069 1548 1100 pr.
1564 1059 1623 1090 dat
1638 1059 1719 1090 mui-

1015 1113 1095 1143 tum.
1143 1108 1198 1140 An
1223 1110 1332 1140 voluit
1356 1114 1474 1140 auctor
1491 1109 1618 1148 dicere,
1633 1109 1717 1140 miii·

1016 1162 1067 1189 tes
1085 1168 1184 1190 manu
1193 1158 1296 1191 fuisse
1312 1159 1664 1200 comprehendendos,
1676 1167 1718 1189 ne

1016 1218 1053 1240 se
1071 1214 1200 1240 temere
1218 1210 1437 1241 inmiscerent
1454 1210 1655 1250 periculosis
1671 1209 1720 1240 di·

1015 1259 1264 1299 micationibus,
1290 1269 1375 1291 neve
1398 1259 1497 1291 nimis
1513 1259 1720 1292 accederent

1015 1309 1161 1340 bostium
1186 1308 1369 1350 operibus?
1393 1309 1480 1342 Mihi
1503 1319 1570 1341 non
1594 1310 1716 1352 liquet.

1016 1359 1140 1391 Fateor
1156 1360 1274 1398 etiam,
1291 1370 1344 1391 me
1371 1369 1437 1391 non
1452 1359 1584 1400 assequi
1601 1369 1719 1392 verum

1016 1420 1150 1442 sensum
1169 1410 1263 1442 verbi
1277 1410 1418 1451 subsequi
1435 1410 1488 1441 hic
1505 1410 1585 1449 loci,
1599 1410 1663 1441 nisi
1678 1419 1720 1444 eo

1016 1469 1114 1492 sensu
1131 1466 1294 1497 sumatur,
1311 1470 1378 1501 quo
1405 1469 1433 1491 c.
1455 1463 1510 1492 44.
1535 1462 1543 1477 ‘
1563 1460 1618 1491 vix
1643 1469 1717 1492 cor-

1018 1511 1109 1550 poris
1123 1511 1250 1543 viribus
1273 1512 1419 1543 animum
1442 1512 1651 1554 sequebatur
1664 1513 1682 1553 3'
1698 1514 1719 1545 i.

1017 1569 1047 1592 e.
1065 1561 1194 1592 animus
1211 1561 1253 1592 ad
1273 1562 1490 1602 pugnandum
1508 1562 1616 1604 major
1630 1566 1717 1601 erat,

1016 1621 1114 1652 quam
1132 1612 1205 1643 fere
1220 1612 1308 1644 vires
1326 1613 1476 1653 corporis
1492 1611 1632 1645 ferrent.
1654 1613 1719 1646 Ce-

1016 1666 1126 1692 terum
1155 1663 1291 1693 hortatio
1336 1663 1484 1703 reposui,
1517 1663 1720 1703 jubentibus

1016 1712 1100 1743 Mss.
1117 1712 1271 1744 omuibus
1296 1718 1331 1744 et
1352 1713 1437 1744 Edd.
1463 1713 1719 1755 antiquissimis,

1016 1762 1098 1792 item
1116 1762 1254 1794 Vascos.
1271 1763 1402 1804 Gryph.
1425 1763 1544 1803 Steph.
1561 1763 1717 1796 aliorum-

1016 1821 1092 1852 que.
1131 1812 1216 1843 Post
1238 1813 1413 1843 deterrendi
1438 1812 1554 1843 addidi
1582 1823 1716 1855 quoque

1014 1866 1045 1893 et
1062 1863 1249 1903 continendi,
1277 1874 1368 1904 quae,
1391 1872 1491 1895 voces
1517 1864 1717 1896 exciderant

1016 1913 1272 1952 typothetarum
1302 1915 1404 1954 culpa
1433 1923 1474 1944 ex
1505 1913 1592 1946 Edd.
1637 1914 1718 1947 Am·

1014 1963 1146 1995 steiaed.
1165 1964 1284 1995 Davis.
1299 1970 1333 1995 et
1351 1964 1507 2005 Lugduu.

1058 2023 1167 2047 xxm.
1191 2019 1210 2046 4
1234 2016 1300 2047 Aut
1325 2016 1477 2047 admoniti
1496 2027 1516 2047 a
1537 2017 1622 2056 regis
1637 2017 1714 2048 ami·

1014 2064 1073 2104 cis]
1109 2065 1172 2097 Ms.
1197 2066 1336 2097 Norvic.
1360 2070 1414 2096 aue
1439 2066 1566 2097 incitati
1589 2078 1608 2097 a
1632 2068 1717 2106 regis

1013 2116 1142 2146 amicis.-
1175 2116 1265 2157 quod
1294 2116 1525 2147 vehementius
1551 2116 1718 2155 est‚ideo-

1015 2175 1080 2207 que
1098 2176 1139 2197 ea
1151 2167 1253 2198 lectio
1270 2166 1349 2196 mihi
1367 2166 1633 2207 probatur,licet
1649 2167 1718 2198 vni·

1015 2221 1125 2256 gatam
1142 2217 1313 2248 retineant
1337 2217 1438 2248 editt.
1465 2221 1611 2248 veteres.
1648 2217 1716 2249 Da-

1014 2267 1071 2297 cis.
1119 2268 1262 2298 Eiiensis
1293 2267 1419 2299 codicis
1441 2267 1622 2299 lectionem
1640 2277 1718 2299 con-

1014 2316 1127 2348 firmat
1154 2318 1371 2349 Petavianus.
1427 2318 1512 2349 Mihi
1543 2319 1715 2359 vulgatum

1015 2368 1119 2408 magis
1138 2369 1263 2408 piacet.

1059 2423 1077 2449 5
1102 2417 1164 2449 Suo
1175 2419 1277 2459 priore
1292 2419 1432 2459 consilio]
1472 2419 1546 2451 Hoc
1568 2424 1621 2451 est
1637 2430 1715 2451 con·

1015 2469 1102 2507 silio,
1119 2470 1215 2509 cujus
1232 2470 1295 2510 ipsi
1323 2470 1396 2501 aliis
1422 2471 1520 2511 primi
1545 2471 1714 2502 Anthores

1015 2526 1143 2560 essent,
1171 2531 1237 2552 non
1265 2522 1323 2552 alii
1352 2522 1445 2563 ipsis.
1484 2523 1591 2553 Clark.
1652 2523 1714 2554 Suo

1010 2571 1117 2611 priore
1132 2581 1175 2601 ex
1192 2571 1308 2602 Ursiu.
1346 2572 1429 2603 Cod.
1455 2573 1588 2613 recepit
1610 2573 1715 2604 Scali-

1013 2631 1086 2661 ger,
1109 2626 1144 2653 et
1164 2628 1352 2662 agnoscunt
1381 2623 1461 2653 Mss.
1491 2623 1555 2653 moi
1586 2633 1713 2656 omnes.

1015 2673 1093 2705 Non
1122 2673 1235 2713 inepte
1260 2678 1373 2705 tamen
1403 2673 1489 2706 Edd.
1512 2674 1607 2706 Vett.
1624 2675 1715 2706 exhi-

1014 2723 1110 2765 bent,
1136 2727 1254 2765 suopte,
1279 2724 1367 2765 qnod
1384 2724 1520 2765 optimis
1538 2724 1710 2766 quibusvis
