1850 3109
361 219 452 248 Llss.
478 217 548 247 111.
580 217 686 246 CAP.
716 206 757 246 9.
793 217 854 246 nn
889 217 1044 247 nunno
1076 219 1246 248 eivim.

100 310 179 341 inde
212 310 312 341 tertia
342 314 377 340 et
406 313 537 350 quarta,
566 313 601 339 et
637 308 796 349 deinceps

100 360 252 402 1811111111.ι
299 360 360 390 1118
389 360 517 399 reliqua
549 364 661 389 castra
695 365 794 399 putat

98 412 273 451 complura
297 409 415 440 fuisse:
442 414 537 439 eram
569 410 639 439 sola
664 409 794 449 quinta,

101 459 159 491 ned
174 465 321 490 transeo.
374 459 507 488 Vossius.

143 515 182 542 ui
206 510 310 545 Quare
327 511 435 546 missis,
455 510 524 549 ise]
558 511 615 540 Sic
628 520 693 541 non
708 511 793 541 male

100 560 345 599 rescripserunt
379 560 447 588 Viri
482 560 594 589 loeti.
644 560 682 589 ln
712 561 793 591 Mss.

97 614 210 640 tamen
227 610 324 639 nullis
342 615 399 639 aui
432 609 514 640 lidd.
540 609 655 649 primis
671 619 711 640 ea
728 610 794 640 lec-

95 659 143 690 tio
159 665 343 698 comparer.
390 660 530 690 Habent
553 660 641 690 enim
673 660 735 694 Qui
750 670 794 690 re-

94 709 209 740 missis.
232 710 333 739 Vasc.
365 710 480 750 Stepli.
506 710 630 751 quique
658 720 716 740 eos
745 721 792 741 se-

97 760 166 790 cuti
185 765 263 789 sunt
289 760 357 794 Qua
374 761 411 789 de
430 769 462 789 re
478 760 590 790 missis.
635 759 684 790 At
709 760 793 790 Mss.

95 810 214 842 Brant.
243 815 278 842 et
310 812 389 842 Lov.
418 811 499 842 dant
527 811 624 849 Cujus
647 811 693 842 rei
721 811 793 842 scil.

92 870 198 891 caussa
214 862 266 891 vul
280 862 407 899 gratia:
439 862 479 892 de
493 862 589 902 cujus
609 862 722 902 ellipsi
739 861 793 892 adi

95 910 137 941 ad
153 911 193 941 B.
213 911 301 942 Gall.
325 921 372 943 ιν.
391 915 420 942 l.

136 964 178 992 ⁶20
203 962 299 992 Nacti
314 963 498 992 occasionem
526 961 688 992 meridiani
715 964 792 992 tem-

98 1011 198 1052 poris]
242 1012 271 1042 Α
292 1012 434 1042 Caesaris
459 1012 625 1042 relatione
641 1012 794 1043 diversus

94 1062 165 1093 abit
181 1063 272 1093 Dion
288 1063 308 1093 1.
326 1071 411 1093 xmr.
429 1073 460 1102 p.
477 1065 547 1092 190.
561 1062 644 1093 edit.
658 1062 791 1093 Hanov.

93 1117 208 1141 narrat
224 1112 325 1149 enim,
353 1111 508 1142 mulieres
524 1121 598 1142 cum
618 1112 697 1141 viris
721 1122 794 1142 eru-

94 1163 184 1202 pisse
212 1162 315 1203 nigris
343 1162 493 1193 vestibus
519 1162 654 1193 indutas
681 1162 731 1193 καὶ
756 1162 793 1192 τὸ

94 1211 216 1251 σύμπαν
229 1211 303 1252 πρὸς
317 1212 357 1242 τὸ
369 1212 586 1252 φοβερώτατον
597 1223 795 1251 σχηματισα-

95 1261 200 1302 μένας,
226 1264 270 1301 τῷ
297 1262 494 1303 στρατοπέδῳ
513 1265 557 1301 τῷ
579 1264 793 1304 πολιορκοῦντι

93 1313 174 1352 σφᾶς
224 1316 381 1345 ΝΤΚΤΟΣ
427 1316 563 1345 ΜΕΣΗΣ
619 1314 792 1354 προσμῖξαι,

95 1372 169 1393 cnm
199 1362 271 1394 haec
299 1362 482 1394 meridiano
513 1371 666 1403 tempore
707 1365 794 1395 acci-

95 1412 196 1452 disse,
212 1412 354 1444 faeminis
383 1413 416 1444 in
435 1423 530 1444 muro
547 1414 730 1454 dispositis,
745 1415 794 1445 di-

95 1464 212 1494 sertim
231 1467 377 1494 testetur
391 1463 595 1504 Imperator.
633 1465 748 1495 Datis.

134 1516 175 1543 23
200 1514 309 1554 Nuper
342 1514 541 1544 manumissos
569 1514 793 1555 liberm-erant]

92 1562 290 1595 Suffecisset
307 1565 361 1595 vel
386 1565 627 1595 manumiserunt
644 1565 695 1595 vel
722 1565 793 1595 libe-

93 1618 247 1644 rat-erant.
272 1615 482 1654 Quamquam
496 1619 674 1655 utrumque
690 1615 792 1645 etiam

94 1672 154 1702 pro
186 1663 329 1694 Caesaris
358 1665 457 1703 genio
487 1664 570 1696 ferri
602 1670 728 1705 posset,
765 1666 791 1696 si

95 1712 178 1742 Mss.
194 1713 495 1753 adstipularentnr.
534 1713 581 1745 At
593 1716 793 1745 manumissos

96 1772 161 1794 non
180 1763 303 1803 inveni,
317 1764 381 1794 nisi
398 1765 431 1794 in
448 1765 698 1795 recentisIsimis.
736 1766 791 1796 In-

95 1813 260 1853 tegriores
287 1818 324 1844 et
346 1814 545 1845 vetustiores
571 1814 648 1845 libri
676 1815 791 1855 Cujac.

94 1863 218 1904 Scalig.
239 1864 357 1894 Pelav.
375 1864 471 1895 Leid.
500 1874 550 1904 pr.
567 1869 603 1895 et
615 1865 713 1895 Voss.
738 1865 793 1895 ha-

95 1912 179 1944 bent
197 1913 338 1944 maximi.
382 1914 509 1945 Lovan.
536 1924 616 1945 vero
645 1916 790 1946 maxime.

95 1963 194 1996 Quod
224 1964 340 2004 probo.
391 1965 501 2005 Nuper
535 1966 669 1997 maxime
696 1971 792 1997 notat

94 2014 297 2054 nuperrime.
352 2014 408 2046 Sic
434 2025 527 2055 quum
550 2016 695 2055 maxime,
719 2019 791 2047 tuuc

93 2073 184 2104 quum
217 2065 365 2104 maxime,
401 2075 466 2096 non
501 2075 577 2096 raro
609 2076 789 2097 occurrere

95 2118 212 2145 notum
236 2119 301 2146 est.

136 2165 176 2194 25
202 2164 247 2194 Et
267 2165 409 2205 deinceps
433 2166 567 2206 reliqua]
589 2167 710 2198 Castra
727 2167 790 2197 sci-

94 2213 177 2244 licet
189 2214 297 2254 quinta
323 2215 392 2246 sive
420 2217 539 2246 ultima.
586 2217 631 2248 Et
658 2217 792 2248 ridiculi

95 2263 196 2303 plane
213 2268 300 2303 sunt,
315 2265 369 2305 qui
387 2265 428 2296 de
453 2267 513 2297 hac
530 2266 679 2297 lectione
697 2267 792 2298 dnbi-

95 2314 211 2353 tando,
226 2315 346 2346 nodum
370 2316 403 2346 in
419 2317 530 2357 scirpo
547 2322 705 2357 qua-runt
721 2329 729 2356 ;
753 2328 792 2349 ac

94 2363 123 2394 si
141 2365 229 2404 plum
250 2365 393 2397 fuissent
418 2372 530 2398 castra
558 2378 657 2408 quam
686 2370 792 2409 quina,

93 2414 186 2455 (pag.
204 2415 323 2456 praec.)
346 2417 424 2457 qnia
442 2425 517 2458 post
532 2422 643 2459 quarta
670 2429 792 2450 memo-

97 2469 147 2495 rat
169 2464 222 2495 hic
253 2465 368 2496 Ca—sar
399 2467 561 2508 deinceps
598 2474 632 2500 et
663 2470 792 2509 reliqua.

96 2514 203 2546 Quasi
221 2525 299 2546 vero
316 2516 432 2556 reliqua
448 2517 506 2548 illa
520 2522 623 2549 castra
640 2529 703 2550 uon
719 2529 793 2560 pos-

97 2563 164 2594 sint
179 2568 247 2595 tam
261 2572 353 2597 recte
369 2567 511 2608 intelligi
539 2573 722 2607 anacastra,
746 2570 793 2601 vi-

99 2614 223 2647 delicet
247 2618 355 2657 quinta
384 2619 440 2649 illa
471 2624 506 2650 et
532 2620 665 2657 altinum
696 2631 792 2663 quam

96 2664 177 2695 illud
193 2667 299 2706 ipsum
327 2679 386 2699 una
401 2673 502 2701 castra
519 2672 572 2701 vel
596 2672 705 2712 quinta
728 2682 793 2703 cas-

99 2718 162 2753 (ru,
175 2711 269 2747 recte
299 2717 424 2749 dicitur
439 2720 481 2750 de
497 2721 565 2751 unis
581 2721 715 2752 scilicet
728 2732 791 2752 cas-

99 2765 166 2805 tris,
183 2773 248 2796 non
264 2765 306 2797 de
319 2768 466 2806 pluribus.
512 2772 538 2800 C
541 2772 622 2803 lurk.

1437 210 1547 250 1451

890 313 932 341 28
954 312 1087 352 Jamque
1134 313 1232 342 hiems
1272 312 1550 353 appropinquabat]

847 360 972 391 Totum
986 362 1048 392 lior:
1065 367 1170 402 caput
1186 363 1294 392 alieno
1313 362 1385 392 loco
1401 362 1548 402 ponitur,

848 415 884 441 ut
901 412 1111 452 aliquatenus
1129 413 1230 443 etiarn
1255 412 1339 443 vidit
1355 412 1419 442 Ph.
1439 413 1548 443 Rube-

849 461 921 490 nius
942 462 1049 492 1-11881.
1070 472 1092 492 1.
1110 466 1162 494 20.
1181 464 1296 493 Caesar
1311 463 1398 492 enim
1417 465 1424 479 ‘
1438 463 1547 502 pridie

851 511 964 541 Nonas
987 512 1066 543 dau.
1082 521 1184 542 navos
1197 512 1320 547 solvit,’
1351 517 1548 544 attestatus

846 565 899 590 est
927 561 1065 601 hujusce
1095 562 1169 591 libri
1195 572 1224 591 c.
1243 565 1274 592 ὓ.
1300 562 1389 602 quod
1415 566 1548 602 tempus

846 610 935 640 Dion
953 611 973 641 l.
989 619 1103 650 xLi.p.
1125 614 1192 641 171.
1218 613 1353 649 χειμῶνα
1375 617 1475 642 vocat
1496 624 1548 649 με·

844 659 969 689 σοῦντα.
1000 661 1084 691 Hire
1099 661 1201 700 igitur
1212 662 1362 701 proximo
1378 661 1548 692 Autumno

845 716 921 741 suut
948 716 1055 750 gesta,
1071 721 1110 742 ac
1141 711 1296 751 proinde,
1326 711 1352 740 si
1381 712 1543 750 temporis

846 760 1011 791 rationem
1027 761 1145 792 babuit
1158 762 1287 799 Caesar,
1299 761 1340 791 ad
1353 760 1453 790 finem
1469 761 1546 791 libri

847 819 885 840 11.
911 812 1123 850 apponenda.
1158 811 1269 842 Dacis.
1315 811 1403 840 Dele
1418 815 1545 850 notam,

845 870 974 901 proque
1012 870 1052 892 ea
1093 861 1179 891 hanc
1227 868 1375 900 repone:
1414 861 1547 899 Jamque

843 911 941 941 hiems
969 910 1248 951 appropinquabat.
1287 911 1405 941 Caesai·
1441 911 1545 950 pridie

848 961 955 991 Nomas
966 962 1114 991 Jannarii
1130 969 1222 991 nuces
1236 961 1339 998 solvit,
1356 965 1392 990 ut
1404 960 1545 1000 hujusce

845 1010 922 1040 libri
935 1007 968 1041 xc.
986 1014 1015 1041 6.
1039 1016 1184 1042 testatus
1202 1016 1266 1042 est.
1314 1012 1389 1041 Hoc
1407 1017 1541 1051 tempus

846 1061 914 1091 Dio
931 1062 1017 1092 libro
1042 1070 1111 1092 xm.
1137 1072 1169 1102 p.
1197 1065 1268 1092 174.
1292 1063 1428 1100 χειμῶνα
1443 1068 1544 1093 vocat

843 1111 1008 1148 μεσοῦντα,
1035 1112 1163 1141 hiemem
1189 1112 1320 1142 mediam
1340 1112 1458 1142 Florus
1489 1121 1540 1143 lv.

844 1162 876 1189 2.
898 1162 959 1190 36:
994 1161 1041 1190 sic
1067 1166 1102 1191 et
1130 1162 1199 1192 alii.
1259 1163 1326 1194 Qui
1357 1162 1396 1193 fit
1423 1163 1540 1202 igitur,

844 1213 882 1239 ut
906 1209 1012 1239 hiems
1030 1219 1118 1240 nunc
1135 1210 1273 1240 tandem
1301 1212 1546 1252 appropinquare

844 1258 1004 1288 dicatur?
1027 1258 1126 1290 Joan.
1146 1260 1374 1300 Rhellicanus‚
1391 1266 1430 1292 ut
1457 1263 1545 1293 hunc

842 1309 965 1339 nodum
977 1310 1095 1347 solvat,
1113 1320 1174 1350 per
1189 1311 1316 1341 hiemem
1334 1320 1399 1342 non
1413 1317 1546 1352 tempus

843 1358 1034 1395 hibernum,
1045 1361 1105 1390 sed
1117 1366 1356 1400 tempestatem
1370 1362 1543 1404 intelligit.

843 1409 908 1440 Sed
927 1410 1111 1441 absurdum
1134 1421 1271 1451 prorsus
1289 1417 1339 1443 est
1366 1413 1429 1444 hoc
1457 1423 1545 1444 com-

843 1466 1004 1499 mentum,
1030 1465 1069 1491 ut
1097 1461 1338 1493 animadvertit
1366 1463 1455 1494 Phil.
1475 1463 1544 1494 Ru-

843 1508 961 1540 benius
991 1511 1102 1541 Elect.
1126 1519 1150 1542 1.
1166 1514 1218 1542 20.
1265 1512 1298 1542 Is
1329 1518 1443 1544 tamen
1466 1514 1545 1545 cali-

843 1559 953 1599 ginem
979 1561 1031 1591 hic
1048 1561 1110 1592 sibi
1128 1571 1201 1593 esse
1217 1562 1411 1602 confitetur,
1425 1568 1459 1594 et
1477 1574 1545 1595 om—

842 1609 921 1640 nino
939 1617 1035 1650 putat
1052 1612 1104 1642 vel
1120 1613 1207 1643 male
1224 1622 1287 1644 nec
1306 1623 1365 1644 suo
1383 1614 1456 1645 loco
1471 1615 1544 1646 haec

843 1659 982 1700 inserta,
996 1661 1049 1692 vel
1069 1662 1228 1693 mendose
1252 1663 1328 1703 legi.
1375 1664 1543 1694 Neutrum

844 1718 971 1739 verum.
1024 1710 1125 1751 Aqua
1162 1712 1242 1742 viris
1279 1713 1388 1744 doctis
1428 1714 1540 1753 haas-tt,

843 1759 945 1799 quod,
961 1760 1016 1800 qui
1033 1760 1136 1792 fuerit
1153 1771 1192 1792 eo
1211 1767 1364 1802 tempore
1381 1764 1461 1794 anni
1478 1765 1547 1795 Ro·

843 1809 930 1838 mani
948 1815 1069 1850 status,
1095 1811 1127 1841 in
1150 1813 1296 1843 animum
1327 1823 1392 1844 non
1408 1823 1545 1846 revoca-

843 1867 932 1892 rent.
980 1863 1147 1894 Nimirum
1179 1860 1240 1904 pro
1272 1866 1404 1904 vitiosa,
1442 1877 1540 1907 quani

842 1921 931 1944 nunc
958 1914 1203 1955 sequebantur,
1229 1917 1360 1948 ratione
1378 1918 1542 1950 Kalendae

841 1962 921 1994 Jan.
948 1964 1112 1996 Octobris
1143 1966 1272 1998 Juliani
1300 1969 1477 2000 undecimo
1494 1979 1544 2000 re-

842 2013 1080 2052 spondebant3
1119 2017 1284 2058 adeoque,
1323 2029 1398 2050 cum
1428 2020 1544 2051 Caesar

840 2065 848 2080 ‘
864 2065 972 2104 pridie
986 2067 1102 2097 Nonas
1130 2067 1284 2099 Januarii
1308 2079 1408 2100 naves
1439 2071 1544 2102 solve-

840 2114 914 2152 rit3’
940 2114 973 2145 id
999 2115 1120 2147 fecisse
1149 2119 1337 2149 censendus
1355 2125 1408 2151 est
1437 2121 1543 2152 Octo-

842 2163 910 2195 bris
934 2165 989 2196 die
1007 2166 1138 2198 decimo
1154 2173 1287 2209 quarto,
1303 2170 1329 2200 si
1348 2175 1478 2211 tempus
1496 2171 1539 2201 ad

841 2216 953 2246 annia
977 2217 1113 2248 Caesare
1134 2223 1252 2250 nostro
1280 2218 1456 2251 reformati
1475 2231 1542 2252 mo-

842 2265 919 2295 dum
936 2267 1063 2307 exigas.
1107 2268 1197 2299 Vide
1224 2269 1454 2301 doctissimum
1477 2272 1541 2302 Us-

843 2316 966 2346 serium
1006 2316 1128 2348 Annal.
1168 2319 1210 2348 ad
1259 2329 1382 2351 annum
1421 2322 1542 2353 Mundi

844 2374 1122 2398 Miuzunccchw.
1172 2369 1269 2407 Idem,
1293 2380 1365 2401 cur.
1385 2381 1454 2402 sec.

884 2419 925 2446 29
949 2417 1157 2448 Detrimentis
1172 2419 1319 2459 acceptis]
1363 2421 1418 2451 Ita
1433 2422 1539 2452 Scali-

843 2476 904 2506 ger
929 2472 965 2498 et
990 2472 1067 2507 post
1091 2477 1166 2498 eum
1190 2469 1313 2510 reliqui
1341 2471 1505 2502 exhibent
1523 2481 1541 2502 e

844 2519 909 2550 Ms.
927 2519 1059 2550 Ursini:
1087 2520 1186 2550 immo
1212 2521 1314 2551 etiam
1332 2522 1371 2552 R.
1399 2523 1542 2562 Stepha-

844 2580 904 2601 nus
922 2571 969 2602 sic
983 2570 1102 2601 edidit.
1151 2571 1226 2602 Nec
1242 2572 1341 2602 male.
1392 2572 1475 2602 Nam
1491 2583 1541 2602 ac-

842 2622 942 2660 cipere
966 2621 1184 2652 detrimentum
1208 2623 1414 2660 sexcenties,
1432 2627 1470 2652 ut
1493 2623 1541 2651 ita

843 2670 968 2709 dicam,
979 2671 1115 2711 scripsit
1129 2672 1254 2702 Caesar.
1279 2671 1414 2710 Reliqui
1427 2676 1541 2702 tamen

842 2721 927 2751 Mss.
944 2726 981 2752 et
1009 2721 1097 2751 Edd.
1113 2721 1241 2751 habent
1263 2721 1405 2759 receptis,
1430 2720 1542 2753 Meta-

841 2771 946 2810 phora
966 2771 1069 2801 ducta
1086 2780 1105 2800 a
1130 2770 1472 2812 Gla(liatoribns,qui
1494 2781 1541 2803 rc-
