1850 3109
559 175 620 204 nu
653 171 769 200 νιτΛ
801 170 933 199 sucu
968 169 1200 201 cAESAms.
1498 159 1612 201 1735

155 287 306 324 prorsus
342 271 581 321 expulerant.
637 270 773 318 Itaque
811 268 858 305 ad
901 282 1015 306 unam
1054 275 1199 318 partem
1234 267 1366 306 finium
1397 270 1608 307 Suevorum

157 337 272 374 fuisse
293 335 455 372 traditur
470 335 600 382 ingens
617 340 734 381 atque
756 333 992 370 incredibilis
1013 333 1224 370 solicitudo,
1283 332 1407 382 quue
1428 332 1500 368 sibi
1521 339 1610 369 tunc

156 413 304 449 magua·
319 399 446 448 gloriae
462 398 718 435 ascribebant.
758 397 872 434 Nunc.
894 398 1005 434 etiam
1028 411 1095 447 per
1111 410 1243 434 eorum
1260 395 1353 433 sines
1370 402 1407 432 et
1421 402 1608 444 suspectae

154 463 281 500 multis
303 463 337 498 iu
359 462 452 499 locis
474 460 711 505 solitudines,
741 468 923 510 expertus
947 462 1097 510 loquor,
1117 468 1153 497 et
1175 460 1394 508 ambiguum
1429 459 1499 496 iter
1526 466 1579 496 est
1598 472 1607 497 ε

157 527 226 564 lios
246 526 359 575 igitur
379 526 658 562 Germanorum
680 525 846 574 populos
867 538 888 561 a
904 525 1037 562 Suevis
1056 525 1187 574 pulsos
1200 537 1287 561 cum
1310 523 1345 560 in
1368 522 1506 559 Galliis
1521 535 1611 560 con·

155 589 293 628 sedisse
316 590 446 627 Caesar
466 590 626 633 audiret,
648 589 850 626 Gallorum
873 589 1014 625 veritus
1030 588 1234 633 levitatem,
1258 587 1322 637 qui
1341 600 1443 623 more
1464 585 1611 623 frondi-

156 665 217 691 um
239 661 352 690 vento
369 653 543 703 quolibet
564 653 766 701 agitantur,
803 659 841 689 et
875 658 1108 689 mercatores
1139 658 1177 688 et
1205 663 1376 688 cursores
1399 663 1501 688 more
1522 662 1609 700 pro-

153 717 236 766 prio
256 730 370 754 mauu
392 717 634 767 prehendunt
653 717 917 766 detineutque,
934 723 971 753 et
990 716 1088 753 uude
1110 715 1263 752 veniant
1283 723 1321 752 et
1341 727 1419 763 quo
1440 719 1609 763 pergant,

154 786 192 818 et
212 780 303 830 quid
337 781 423 817 uovi
456 779 618 817 afferant
652 786 942 829 percontantur,
977 786 1232 829 regunturque
1252 778 1466 815 rumoribus
1496 778 1610 815 etiam

154 843 272 889 falsis,
292 851 331 881 et
348 857 448 893 saepe
471 845 527 881 his
549 843 640 881 moti
670 856 715 882 ea
745 843 978 887 deliberant;
1012 855 1172 893 quorum
1195 855 1281 879 mox
1302 841 1503 890 poeniteat:
1536 841 1610 878 hoc

154 907 311 957 inquam
350 908 489 945 veritus
527 908 671 952 Caesar,
709 921 757 945 ne
784 907 898 944 fama:
933 907 1146 956 cujuspiam
1176 905 1330 943 flatibus
1360 910 1611 951 moverentur,

155 968 235 1008 6*et
264 971 436 1008 Romana
467 970 541 1008 fide
562 970 789 1008 desisterent
807 984 816 1014 ;
849 977 982 1008 aestate
1003 983 1078 1007 non
1107 975 1310 1019 expectata
1329 968 1377 1006 ad
1399 968 1609 1006 exercitum

155 1034 270 1079 venit,
292 1041 330 1071 et
350 1034 490 1071 invenit
510 1048 599 1071 vera
620 1047 658 1072 se
681 1035 863 1072 timuisse.
921 1035 1060 1071 Missos
1080 1035 1226 1084 legatos
1247 1047 1268 1071 a
1288 1032 1412 1071 Gallis
1434 1032 1483 1070 ad
1513 1032 1611 1070 Ger-

155 1109 286 1135 manos
301 1097 503 1134 invitantes
524 1097 810 1147 hortantesque,
833 1105 875 1135 ut
906 1111 927 1134 a
955 1098 1037 1135 leva
1071 1097 1208 1143 Rheni,
1243 1097 1308 1134 ubi
1344 1096 1609 1140 substiterant,

153 1160 420 1205 abscederent,
443 1173 559 1210 seque
574 1160 754 1198 inferrent
784 1161 821 1197 in
854 1160 987 1197 intima
1020 1160 1248 1203 Galliarum,
1271 1160 1363 1196 nihil
1385 1159 1437 1195 eis
1457 1158 1612 1196 defutu-

154 1237 239 1262 rum
260 1224 428 1261 omnium
457 1222 702 1274 ⁶⁵petissent.
760 1226 894 1262 Motus
915 1224 972 1261 his
992 1224 1131 1268 Caesar,
1154 1223 1220 1260 sed
1240 1222 1497 1268 dissimulans,
1515 1222 1611 1260 Gal-

152 1287 274 1326 lorum
314 1288 555 1338 principibus
587 1288 636 1325 ad
671 1288 906 1337 colloquium
942 1287 1125 1332 evocatis,
1164 1286 1335 1336 benignis
1374 1285 1612 1323 orationibus

153 1350 314 1390 ⁶⁶leniit.
371 1352 553 1390 Firmavit
572 1353 716 1390 animos
729 1359 846 1402 atque
862 1351 983 1390 edixit
1011 1349 1066 1375 ⁶⁷‘
1081 1350 1254 1400 equitum
1277 1363 1391 1400 quem
1411 1363 1457 1386 ex
1477 1349 1610 1387 debito

152 1414 428 1461 ⁶⁸tenerentur,
450 1422 492 1453 ut
513 1422 687 1466 paratum
723 1417 760 1453 iu
796 1416 908 1454 armis
938 1416 1132 1454 haberent.
1193 1415 1283 1452 Esse
1304 1413 1407 1451 enim
1427 1413 1499 1451 sibi
1531 1413 1612 1450 ani·

153 1492 258 1518 mum
288 1481 336 1518 ad
371 1479 590 1517 liberandas
622 1480 767 1517 Gallias
795 1480 845 1517 ab
875 1478 1072 1517 ⁶⁹incurs0
1110 1478 1345 1516 Germanico
1382 1475 1609 1527 proficisci.²

153 1542 242 1593 [66]
252 1543 454 1593 Quidquid
468 1544 529 1582 ille
542 1552 780 1593 praeceperat
797 1543 1046 1593 adimpletum
1059 1548 1130 1589 est,
1143 1555 1221 1579 non
1236 1541 1463 1579 obedienter
1478 1539 1609 1584 modo,

154 1607 222 1645 sed
243 1607 418 1652 libenter,
439 1620 484 1644 ea
502 1614 557 1644 est
579 1607 745 1645 facilitas
762 1607 989 1644 animorum.
1047 1607 1151 1643 Dum
1179 1604 1374 1643 instructis
1394 1617 1484 1654 ergo
1503 1615 1611 1654 para-

151 1670 281 1721 tisque
301 1671 479 1708 omuibus
500 1671 570 1708 iter
589 1670 822 1720 arripuisset,
837 1670 1002 1720 jamque
1035 1669 1082 1706 ad
1116 1675 1241 1706 castra
1271 1668 1440 1706 hostium
1468 1680 1611 1717 pauco-

153 1747 238 1772 rum
258 1734 404 1772 dierum
426 1735 556 1771 itinere
577 1734 1026 1784 propinquaret‚legatos
1044 1732 1291 1769 barbarorum
1308 1731 1442 1768 obvios
1458 1730 1609 1776 habuit,

154 1811 319 1849 quorum
340 1798 485 1848 primus
507 1798 542 1834 iu
565 1798 662 1835 hauc
684 1797 911 1835 senteutiam
932 1797 1050 1835 verba
1068 1795 1173 1833 fecit.
1232 1800 1241 1815 ⁸
1259 1795 1395 1845 Neque
1415 1793 1612 1832 Germani’

153 1861 279 1912 inquit
307 1869 355 1899 ὀ
377 1863 509 1900 Caesar
530 1861 673 1899 bellum
693 1862 861 1899 inserunt
895 1861 1092 1906 Romanis,
1128 1873 1250 1910 neque
1285 1859 1352 1903 eis,
1387 1858 1417 1895 si
1449 1855 1610 1894 Romani

156 1925 298 1964 bellum
318 1925 492 1971 inferant,
521 1933 713 1964 recusant.
770 1927 858 1963 Mos
877 1932 935 1963 est
955 1931 1083 1962 noster
1102 1937 1124 1962 a
1145 1923 1355 1973 majoribus
1376 1934 1445 1971 per
1472 1932 1609 1958 manus

153 1988 265 2027 nobis
286 1989 447 2026 traditus
471 1989 570 2026 bella
589 1989 834 2027 moventibus
863 1989 1029 2033 obstare,
1063 1987 1209 2024 nullum
1238 1986 1337 2023 hauc
1369 1984 1421 2022 ob
1454 1995 1610 2022 causam

154 2052 314 2100 precari.
372 2053 504 2090 Suevis
524 2053 612 2090 solis
633 2066 702 2090 nos
724 2053 886 2102 impares
908 2049 1153 2095 confitemur,
1175 2049 1317 2100 quibus
1351 2061 1398 2085 ne
1431 2046 1503 2097 ipsi
1535 2059 1612 2085 coe-

154 2113 238 2152 lites
259 2127 370 2164 pares
389 2116 489 2153 sint:
521 2116 570 2153 de
591 2117 739 2165 reliquo
762 2117 937 2153 mortales
958 2127 1089 2152 omues
1122 2114 1274 2152 vincere
1303 2123 1416 2162 posse
1449 2108 1612 2147 confidi-

155 2191 266 2215 mus:
299 2192 414 2216 unum
436 2192 511 2216 uon
533 2186 575 2217 ut
594 2180 786 2224 humilior,
821 2180 886 2217 sed
922 2186 963 2216 ut
991 2178 1136 2228 justior
1169 2189 1284 2215 causa
1303 2182 1434 2214 nostra
1452 2174 1499 2212 sit
1518 2172 1612 2210 dici-

96 2279 100 2283 ,
150 2254 251 2287 mus,
272 2242 416 2279 venisse
437 2255 506 2278 nos
539 2242 577 2279 iu
612 2242 772 2287 Gallias,
804 2255 882 2279 uon
917 2248 1054 2291 sponte
1092 2241 1159 2278 sed
1199 2246 1376 2278 coactos:
1408 2237 1611 2288 profugos,

152 2305 272 2344 domo
294 2306 439 2356 pulsos,
459 2306 589 2355 aliquo
609 2318 768 2355 pergere
788 2306 1038 2342 necessarium
1061 2304 1190 2343 fuisse.
1245 2304 1284 2340 Si
1299 2302 1463 2340 Romani
1479 2299 1609 2345 velint,

155 2381 271 2419 posse
290 2371 342 2407 eis
362 2371 506 2408 amicos
522 2383 606 2407 esse
624 2382 698 2406 nou
719 2369 884 2407 inutiles.
942 2368 1001 2407 Ad
1026 2369 1062 2405 id
1083 2381 1170 2405 sane
1185 2367 1349 2405 duorum
1369 2366 1492 2403 altero
1511 2376 1610 2414 opus

154 2445 251 2478 esse,
274 2442 313 2470 ut
329 2440 396 2471 aut
412 2440 528 2472 terras
549 2435 600 2472 eis
621 2446 714 2484 quas
734 2434 950 2471 inhabitant
969 2433 1189 2483 largiantur,
1210 2438 1277 2469 aut
1296 2429 1494 2482 possidere
1515 2440 1609 2479 quas

155 2497 266 2534 armis
301 2498 518 2547 quaesierint
550 2498 768 2547 patiantur!
822 2498 885 2535 Ad
919 2498 1001 2535 haec
1032 2498 1162 2535 Caesar
1193 2496 1288 2534 inter
1316 2495 1435 2533 multa
1455 2505 1610 2542 respon-

197 2649 240 2679 64
263 2647 379 2687 Forte,
394 2651 425 2678 et
440 2658 458 2678 a
472 2647 512 2679 R.
520 2647 554 2686 s.
567 2648 863 2680 desciscerent.-65
888 2648 1001 2688 Adde,
1012 2649 1174 2689 quan—66
1200 2645 1311 2682 Adde,
1335 2643 1481 2674 eoa—67
1503 2640 1608 2680 Lege,

154 2699 420 2739 equitatum—68
443 2702 554 2733 Deest
569 2701 705 2733 verbum
720 2705 881 2743 praestare,
896 2707 955 2733 aut
972 2702 1180 2733 simile.-69
1203 2700 1307 2738 Lege.
1323 2697 1456 2727 incursu.
