1850 3109
253 156 366 198 1610

252 272 325 293 ens.
341 268 377 294 et
402 262 493 294 Edit.
528 262 682 295 Romana
705 270 767 304 ost,
788 273 862 295 msa
881 265 956 295 bona

249 323 328 349 sucu
351 319 387 344 nt
413 313 503 345 t'orte
530 315 596 355 legi
619 315 755 352 debent,
781 323 856 346 11¹5ss
881 316 956 346 bona

250 364 322 400 σιω)
336 365 524 403 redemisset,
539 375 569 395 se
585 366 727 395 bonorum
751 366 955 396 renditiouem

249 415 457 453 inducturum,
472 417 540 453 (vel
557 417 756 452 indictarum,
775 421 811 445 ut
829 416 954 446 habent

251 465 393 496 Codices
411 467 592 506 pieriqum)
614 469 642 495 el
663 466 822 504 pec-iniiam
834 467 955 496 muletce

248 516 367 546 nomine
383 517 561 554 relaturam,
575 518 605 545 ut
623 515 863 546 incolumitatem
879 518 953 546 reti-

248 575 321 595 nere
339 566 553 605 posseu!‚(vel
578 566 690 605 potius
711 569 824 605 posset,
842 572 878 597 ut
895 575 955 597 ex-

250 615 367 646 hibent
386 617 469 646 Mss.
487 616 573 656 Reg.
591 621 625 646 et
648 616 819 655 Emensis.)
847 618 952 648 Clark.

248 665 325 696 Hoc
343 666 375 696 in
393 667 466 696 loro
490 666 671 697 turbantur
693 677 809 698 sensns
832 673 865 699 et
893 669 952 699 La-

246 716 377 747 tinitas.
427 717 468 747 U
494 717 590 748 abest
617 728 635 748 a
661 718 766 749 Norv.
793 724 828 749 et
858 720 952 749 Rom.

246 766 337 799 Quin
355 771 391 798 et
408 768 541 807 plurimi
560 767 635 798 libri
653 769 734 799 dnm
751 769 951 800 indictarum.

247 815 301 848 Ab
317 817 422 848 Hirtii
439 823 552 849 mente
567 819 670 850 credo
688 829 751 850 non
768 821 953 860 aberrabit,

247 867 303 908 qni
330 867 375 898 sic
403 867 591 908 refluxerit,
614 870 660 899 Iis
677 872 792 907 tamen,
807 871 859 909 qui
876 870 952 901 bona

244 928 300 948 sua
318 920 525 958 redemissent,
539 930 570 949 se
587 919 732 950 bonoram
750 921 953 952 venditionem

245 977 310 999 non
327 969 527 1000 indictnrum.
573 970 628 1000 An
652 976 763 1001 autem
784 971 953 1011 ipsissima

245 1018 422 1058 scriptoris
437 1020 539 1050 verba
552 1020 612 1050 sini
627 1020 809 1052 adsecutus
828 1022 952 1053 nescio.

244 1068 362 1100 Daris.
380 1079 452 1100 cnr.
466 1080 533 1101 sec.
557 1071 681 1101 Deleri
698 1075 743 1110 ut,
755 1072 952 1104 auctoribus

244 1119 330 1150 Mss.
348 1120 469 1151 Petav.
495 1122 617 1160 scalig.
642 1122 737 1153 Leid.
765 1132 817 1162 pr.
844 1123 952 1155 Dorv.

243 1175 279 1202 et
296 1170 383 1202 Edd.
402 1172 496 1203 Rom.
511 1173 595 1203 Ven.
611 1173 753 1203 Medioi.
790 1173 857 1204 Pro
873 1174 952 1214 ipsa,

243 1221 333 1262 quod
360 1222 463 1252 etiam
487 1222 572 1253 dant
601 1223 714 1254 Ursin.
747 1224 824 1254 Pet.
856 1225 950 1255 Leid.

243 1281 294 1311 pr.
312 1272 418 1303 Dorv.
435 1278 469 1303 et
495 1273 581 1303 Edd.
608 1273 702 1304 Med.
729 1274 815 1304 Ven.
836 1284 951 1314 posses

242 1323 294 1352 vel
323 1323 385 1362 ipse
409 1323 460 1353 vel
488 1324 548 1353 sibi
573 1325 700 1363 legere.
748 1324 949 1356 Inducturum

241 1371 370 1403 habent
397 1373 515 1413 optimi
540 1373 629 1412 iibri,
654 1378 691 1405 ut
714 1374 834 1405 I’etav.
859 1375 948 1406 Scai.

241 1422 399 1453 Leidens.
424 1433 474 1463 pr.
503 1433 579 1454 naui
604 1424 660 1455 alii
683 1434 759 1455 cum
784 1425 871 1456 Edd.
891 1436 949 1466 pp.

241 1473 449 1504 indictarum:
476 1475 573 1505 male.
619 1475 716 1506 Dicit
746 1476 881 1507 Hirtius
913 1487 948 1507 se

241 1523 476 1563 inhibiturum,
501 1525 571 1555 sive
600 1525 804 1557 aboliturum
835 1527 949 1558 vendi-

239 1574 369 1604 tionem
394 1574 555 1605 bonorum
579 1576 653 1615 eius,
676 1577 740 1617 (sic
765 1577 853 1608 enim
874 1587 949 1618 pas-

241 1625 304 1655 sim
319 1635 395 1656 cum
413 1626 502 1666 apud
520 1627 616 1667 alim,
634 1632 703 1658 turn
727 1628 760 1658 in
781 1629 832 1658 his
850 1628 948 1659 Com-

240 1676 416 1707 mentariis
435 1686 618 1717 pronomen
643 1677 948 1710 demonstrativum

240 1726 539 1768 subintelligitur,)
561 1729 618 1769 qui
644 1738 758 1760 eorum
781 1730 844 1761 sibi
860 1730 950 1762 bona

240 1786 301 1807 sua
331 1777 544 1810 redemisset.
590 1780 646 1810 De
673 1780 775 1811 verbo
805 1781 949 1813 inducere

239 1827 295 1858 adi
312 1828 471 1859 Ciaccon.
487 1834 524 1861 et
540 1830 688 1861 Gronov.
707 1831 749 1862 de
767 1832 851 1863 Pcc.
867 1833 947 1863 Vet.

239 1887 273 1918 p.
294 1881 344 1909 13.
392 1880 492 1910 Unde
507 1885 603 1920 patet
620 1881 666 1911 nil
684 1887 854 1922 praeterca
872 1893 946 1914 esse

240 1928 452 1969 mutandum,
468 1929 531 1960 uisi
549 1931 637 1971 quod
655 1941 716 1971 pro
732 1935 852 1971 possent
869 1934 948 1964 scri-

239 1978 388 2009 bendum
405 1980 449 2010 sit
462 1983 564 2020 posset
578 1991 654 2011 cum
670 1982 788 2013 Petav.
803 1983 946 2014 Leiden-

238 2029 329 2060 sibus
345 2035 381 2061 ct
401 2031 544 2061 Dorvill.

285 2083 323 2111 11
348 2081 409 2111 Bis
424 2082 532 2112 millies
548 2082 612 2113 HS
624 2083 672 2113 his
686 2083 843 2124 imposito]
871 2085 947 2116 Pri—

236 2140 327 2161 mam
342 2132 492 2163 voculam
506 2133 753 2165 omittuntcum
769 2135 826 2165 alii
837 2136 945 2168 Codd.

239 2186 311 2212 tum
344 2182 442 2214 editt.
477 2185 572 2215 Rom.
605 2185 692 2216 Ven.
724 2185 813 2216 unde
844 2187 879 2219 J.
907 2188 944 2218 F.

238 2231 433 2264 Gronovius
455 2233 496 2264 de
523 2234 605 2265 Pec.
635 2241 703 2266 vet.
731 2245 771 2267 11.
800 2240 831 2268 3.
861 2238 947 2278 legit

236 2283 346 2313 millies
372 2283 433 2314 HS
456 2284 505 2314 his
529 2285 601 2325 (vel
623 2284 684 2325 bis)
699 2286 852 2327 imposito,
868 2290 946 2328 quod

233 2342 291 2373 per
307 2334 489 2371 triennium,
503 2338 554 2374 ᾄ-ε.
580 2336 691 2367 Dat-is.
729 2338 848 2368 Milzies
863 2339 945 2370 Mss.

237 2383 354 2423 anac.
374 2384 495 2414 I'etav.
512 2385 601 2415 Scal.
626 2390 662 2416 et
685 2386 751 2417 alii.
776 2387 816 2418 In
835 2389 943 2420 Dorv.

238 2433 337 2465 Leid.
360 2443 428 2466 see.
447 2439 482 2465 et
500 2435 586 2467 Edd.
610 2446 666 2477 pp.
690 2438 774 2468 mille
794 2440 946 2470 sestertiis

235 2484 401 2524 impositis.
447 2484 517 2516 Alii
552 2486 599 2516 bis
635 2487 721 2518 mille
756 2490 945 2520 sestertium.

239 2534 346 2566 Recte
356 2535 427 2575 jam
453 2534 695 2577 Glandorpius,
709 2537 816 2569 Aldus
835 2544 870 2570 et
890 2540 945 2570 alii

237 2585 285 2615 bis
305 2585 439 2622 millies;
462 2586 543 2617 licet
566 2596 632 2617 non
661 2586 746 2618 bene
769 2590 945 2620 sestertium

236 2637 418 2669 retineant.
456 2638 544 2670 Vide
570 2639 677 2671 Gron.
705 2640 738 2671 d.
766 2641 787 2671 Ι.
822 2642 945 2673 Verior

239 2691 352 2719 tamen
369 2692 404 2720 et
421 2688 629 2722 moderatior
651 2700 780 2722 summa
796 2691 943 2732 videtur,

237 2738 265 2769 si
296 2738 468 2770 deleamus
490 2738 526 2770 τὸ
555 2738 612 2772 bis.
658 2741 759 2774 Quod
788 2751 830 2774 ex
863 2742 945 2775 meis

717 168 859 199 NO'I'AE
890 169 1112 201 VARmRU
1122 170 1154 200 M
1188 171 1239 201 IN

1008 274 1072 295 uon
1090 271 1275 305 agnoscunt
1299 266 1387 297 Seni.
1412 266 1509 298 Leid.
1526 275 1576 308 pr.
1600 268 1709 302 Dorv.

1007 320 1042 345 et
1062 316 1147 346 Edd.
1166 317 1292 356 primir-

1050 368 1091 395 16
1114 366 1154 396 Se
1168 368 1266 397 eodem
1284 368 1334 397 die
1349 369 1467 398 demum
1482 368 1583 408 natos]
1609 369 1708 402 Hanc

1007 415 1208 447 locutionem
1227 429 1302 449 cuin
1320 429 1382 449 nou
1408 419 1614 459 intelligeret
1636 420 1707 451 Jut.

1007 465 1138 504 Ceisus,
1163 468 1315 508 ineptum
1338 470 1416 500 inde
1439 480 1571 500 sensum
1598 470 1709 501 confe-

1006 516 1067 554 cit,
1098 527 1196 557 quem
1230 519 1343 550 videre
1370 526 1420 551 est
1461 530 1492 560 p.
1522 524 1594 551 233.
1641 521 1707 552 Sed

1006 575 1133 597 memor
1163 577 1236 598 esse
1265 568 1382 599 debuit
1413 571 1518 601 bouus
1550 571 1614 601 iste
1646 571 1708 610 vir,

1006 617 1122 646 natales
1138 628 1157 647 n
1174 618 1346 649 veteribus
1371 620 1479 654 dictos
1501 630 1616 651 omnes
1633 621 1708 652 illos

1005 665 1090 704 dies,
1117 667 1171 707 qui
1198 668 1361 708 insignem
1384 670 1528 709 aliquam
1554 671 1708 702 laetitiam

1005 720 1062 745 ant
1078 717 1154 748 vitae
1169 719 1389 749 mutationem
1401 719 1600 750 attulerunt.
1619 720 1709 752 Hinc

1005 766 1127 797 Cicero
1141 769 1284 799 reditum
1301 779 1408 805 suum,
1421 769 1452 799 in
1467 769 1618 800 oratione
1636 780 1708 801 eam

1004 815 1046 845 oi»
1073 827 1208 849 causam
1233 819 1362 858 habita,
1386 821 1517 850 natalem
1542 825 1653 860 vocat,
1675 826 1711 851 et

1003 865 1045 895 ad
1063 865 1170 898 Attic.
1188 869 1210 899 1.
1226 878 1274 899 x‘l.
1287 870 1542 908 παλιγγενεσίαν.
1558 871 1709 911 Spartia-

1003 924 1064 945 nus
1082 916 1112 947 in
1132 918 1190 948 rit.
1218 919 1403 949 Hadriani:
1421 923 1428 936 ‘
1446 921 1590 950 natalem
1605 922 1708 962 adop-

1003 967 1106 997 tionis
1129 969 1295 1000 celebrari
1316 970 1443 1009 jussitss
1470 971 1511 1000 ud
1535 982 1635 1011 «pieni
1663 973 1710 1002 lo-

1002 1026 1077 1046 cuin
1107 1018 1271 1049 ridendus
1301 1019 1596 1052 1s.(:asa1n›0nus.
1643 1023 1708 1053 Sed

1003 1070 1039 1096 ct
1055 1069 1187 1098 natalem
1205 1079 1266 1108 pro
1279 1070 1348 1107 die,
1362 1080 1427 1111 quo
1441 1071 1617 1111 imperium
1633 1073 1709 1104 ini‘rt

1004 1117 1214 1156 Maxentius,
1251 1120 1403 1151 absolate
1441 1123 1553 1161 posuit
1589 1129 1709 1154 auctor

1003 1168 1131 1209 Panog.
1170 1180 1248 1201 vm.
1290 1175 1340 1202 16.
1380 1176 1410 1202 2.
1450 1174 1559 1205 Daris.
1608 1174 1707 1207 Adde

1003 1218 1123 1249 Brant.

1045 1278 1117 1301 xer.
1141 1274 1159 1301 4
1194 1272 1337 1312 Zamam]
1379 1274 1522 1305 Codices
1557 1277 1709 1308 nonnulli

1001 1318 1117 1350 Zamoe.
1163 1322 1341 1353 Quomodo
1371 1329 1405 1354 et
1440 1325 1520 1356 alibi
1559 1326 1706 1367 loquitur

1002 1369 1148 1402 Hirtius.
1175 1373 1284 1403 Clark.

1041 1423 1060 1450 7
1098 1421 1195 1455 Quem
1222 1424 1379 1463 oppidani,
1415 1429 1507 1457 antea
1544 1437 1707 1459 rumore-

998 1472 1396 1515 audil0,—-prohibncrunt]
1412 1476 1465 1507 lta
1476 1487 1517 1508 ex
1529 1479 1611 1509 Mss.
1624 1480 1708 1520 Reg.

1000 1526 1035 1552 et
1050 1523 1161 1554 Vossii
1178 1524 1321 1556 restitui.
1347 1526 1439 1557 Editi
1461 1537 1589 1566 omneS,
1608 1531 1708 1564 Quem

1000 1579 1101 1604 antea
1124 1576 1282 1615 oppidani,
1310 1579 1709 1620 rumore—auditQ—pro-

998 1623 1175 1656 hibueruut.
1223 1627 1410 1666 Perpernui
1451 1627 1642 1669 admodum,
1673 1635 1708 1661 et

999 1684 1121 1715 magno
1161 1686 1237 1707 cuin
1269 1678 1448 1709 sententiae
1488 1678 1706 1713 detrimento.

1002 1725 1109 1756 Clark.
1127 1727 1269 1768 Optimo
1289 1729 1468 1760 verborum
1484 1730 1601 1762 ordine
1619 1732 1707 1772 Gry-

999 1776 1095 1815 pliius
1110 1781 1146 1808 et
1162 1778 1402 1819 Lugdunenses
1420 1784 1514 1812 1576.
1531 1782 1709 1823 exhibent,

1001 1825 1100 1860 Quem
1115 1828 1273 1869 oppidani,
1290 1833 1381 1860 autea
1405 1841 1526 1861 rumore
1549 1835 1707 1873 exoptato,

997 1878 1049 1916 &a
1076 1887 1221 1920 eumque
1237 1880 1271 1910 in
1288 1881 1369 1911 Mss.
1388 1881 1471 1922 Reg.
1489 1886 1525 1913 et
1543 1883 1638 1914 Voss.
1655 1892 1706 1914 re-

998 1933 1133 1968 pertum
1158 1930 1209 1961 Ci.
1227 1931 1382 1962 Clarkius
1398 1932 1519 1963 meiito
1539 1933 1708 1972 probavit.

997 1980 1111 2012 Daris.
1141 1990 1213 2011 cnr.
1240 1991 1308 2013 sec.
1344 1983 1430 2013 Eum
1458 1984 1611 2015 ordinem
1632 1985 1705 2025 jam

998 2030 1115 2062 videre
1147 2031 1230 2062 licet
1254 2032 1289 2062 in
1321 2032 1408 2063 Edd.
1441 2034 1541 2064 Vasc.
1572 2038 1606 2065 et
1633 2035 1710 2066 Ste-

1001 2081 1115 2122 phani.

1040 2135 1060 2162 9
1084 2133 1123 2163 In
1138 2133 1247 2174 oppido
1262 2133 1382 2173 Zama’]
1407 2134 1463 2165 Sic
1488 2134 1645 2175 rescripsi
1663 2145 1704 2167 ex

998 2183 1065 2214 Ms.
1083 2184 1191 2215 Norv.
1210 2189 1244 2214 et
1262 2184 1360 2214 editt.
1380 2185 1476 2215 Rom.
1493 2184 1535 2215 Α.
1548 2186 1593 2216 D.
1610 2189 1706 2217 1472.

998 2233 1038 2264 In
1064 2235 1176 2275 vuigg.
1201 2239 1277 2265 erat
1302 2235 1336 2265 in
1361 2235 1471 2274 oppido
1493 2236 1602 2276 Zama,
1628 2246 1703 2277 quae

997 2284 1102 2324 magis
1126 2289 1179 2315 est
1206 2285 1392 2325 proletaria
1422 2286 1581 2326 loquendi
1607 2287 1707 2319 ratio.

996 2334 1085 2365 Vide
1102 2339 1173 2365 not.
1191 2334 1232 2365 ad
1249 2335 1388 2375 hujusce
1413 2335 1489 2365 iibri
1513 2346 1543 2366 c.
1561 2339 1613 2367 30.
1637 2336 1705 2368 Da-

995 2383 1049 2414 ris.
1087 2385 1209 2425 Oppido
1232 2385 1350 2416 Zama.
1374 2386 1430 2416 Sic
1454 2386 1613 2417 rescribit
1636 2387 1706 2418 Da—

997 2434 1097 2465 visius
1123 2445 1166 2465 ex
1192 2436 1259 2466 Ms.
1290 2436 1417 2467 liliensi
1449 2441 1485 2467 et
1516 2437 1607 2468 Edit.
1638 2438 1704 2468 Ro-

995 2493 1104 2515 mana.
1149 2483 1363 2525 Sufl'ragatnr
1391 2486 1456 2517 Ms.
1486 2486 1621 2527 Regius.
1649 2486 1706 2519 ΑΙ.

995 2537 1105 2576 oppido
1133 2537 1248 2567 Zama.
1276 2539 1386 2569 Clark.
1433 2538 1544 2577 Zamaeb
1571 2548 1706 2581 quoque

996 2587 1120 2618 Petav.
1137 2588 1257 2618 Leidd.
1277 2589 1383 2619 Dorv.
1401 2594 1436 2620 et
1454 2590 1516 2620 Ed.
1536 2590 1678 2621 Medioi.

1040 2641 1078 2669 15
1106 2641 1282 2680 Cunctaque
1296 2650 1375 2679 gaza
1392 2641 1495 2680 regia]
1528 2642 1618 2672 Gaza
1641 2650 1706 2673 vox

995 2694 1049 2721 est
1066 2691 1263 2729 Persarum,
1275 2701 1351 2732 quae
1367 2693 1546 2733 pecuniam
1559 2697 1595 2724 et
1609 2702 1708 2725 omne

994 2741 1086 2783 quod
1116 2742 1337 2783 possidemus,
1369 2743 1521 2775 denotat.
1567 2743 1708 2774 Servius
