1850 3109
358 209 451 238 ωιι.
483 207 554 237 111.
586 206 692 235 cAi‘.
720 196 791 235 51.
826 205 888 234 DE
922 205 1077 234 ssEiAio
1111 206 1283 236 eivim.

106 312 161 333 sus
192 313 225 343 p.
258 304 330 333 198.
359 301 458 332 editt.
491 293 633 332 Londin.
689 300 801 330 Duris.

105 352 186 384 ,412¹ae
199 352 394 392 imperatoris
408 351 541 381 omnino
559 348 703 391 pra-fero
727 361 802 381 cuin

108 403 245 434 Davisio
268 413 275 433 ι
323 401 509 442 praesertim
549 411 624 431 cum
661 401 804 431 accedat

105 455 288 485 auctoritas
304 452 480 483 Petaviani
498 452 646 483 Codicis.
702 451 803 491 Inep-

103 504 229 534 tis-ime
246 509 296 534 est
313 504 345 533 iu
364 502 458 533 Leid.
475 512 542 533 sec.
571 501 643 532 Non
669 505 739 532 sunt
762 502 803 532 le-

99 555 170 592 gati
182 556 298 594 partes,
311 556 400 593 utque
415 554 436 583 ι’.

147 607 185 633 10
215 603 343 643 Omnia]
374 604 478 635 chis
500 604 586 634 lianc
614 613 730 634 vocem
758 603 804 633 in-

101 653 204 684 clusit
219 654 381 695 Scaliger,
398 659 434 685 ut
449 659 651 694 suspectam.
698 653 802 683 Certe

101 703 197 735 abest
224 714 243 734 a
271 705 394 735 Lovan.
418 704 528 734 Palat.
552 703 649 734 Leid.
678 712 745 733 sec.
762 711 802 733 ac

100 754 284 786 (liacconii.

144 805 235 836 Alter
248 805 342 836 libere
357 806 397 836 ad
416 814 564 835 summam
580 813 683 834 rerum
697 814 802 834 consu-

99 857 161 887 lere
176 857 278 897 debet]
311 858 403 889 Nihil
421 862 525 898 agunt
541 856 684 886 Ursinus
697 861 733 886 et
749 856 803 887 Ci-

100 907 271 946 accontus,
285 918 360 938 cum
375 909 486 938 locum
497 916 613 937 sanum
629 906 802 945 corrigere

99 957 265 988 nituntur.
304 959 355 988 Aa
369 967 517 988 summam
533 966 633 987 rerum
649 957 802 987 consulere

99 1011 152 1037 est
168 1008 320 1038 consulere
336 1007 422 1037 rebus
443 1006 626 1037 secundum
647 1006 703 1037 τὰς
722 1018 802 1046 περι.

98 1056 234 1093 στάσεις,
264 1058 351 1098 quod
389 1057 602 1097 imperatoris
633 1063 695 1088 est.
754 1058 802 1088 At

98 1108 250 1137 consulere
275 1108 313 1138 de
342 1117 458 1137 summa
488 1117 602 1145 rerum,
633 1107 801 1147 quomodo

98 1157 313 1188 emendatum
341 1157 468 1188 frustra
497 1157 633 1188 volebat
662 1158 800 1188 Ciam-o-

97 1207 184 1247 nius,
212 1213 264 1238 est
290 1217 357 1238 cum
385 1208 459 1238 aliis
482 1208 705 1238 communicare
734 1217 802 1238 con-

98 1257 203 1287 silium
228 1258 265 1288 de
293 1267 411 1288 summa
440 1267 553 1288 rerum.
601 1257 698 1287 Unde
728 1257 800 1297 ipse

99 1308 227 1348 Caesar,
254 1309 263 1325 ‘
280 1318 390 1350 neque
407 1309 448 1338 de
465 1317 592 1339 summa
611 1307 689 1338 belli
703 1318 799 1338 suum

91 1359 271 1399 judicium,
299 1358 358 1389 sed
395 1359 609 1399 imperatoris
638 1369 712 1392 esse
743 1369 800 1390 ex-

96 1409 246 1441 istimat.y
290 1410 358 1441 Hic
390 1409 549 1450 judicare
592 1409 634 1439 de
671 1419 801 1440 summa

99 1460 193 1499 belli,
209 1466 243 1491 et
257 1460 433 1492 consulere
448 1460 489 1490 ati
503 1469 664 1490 Summam
678 1469 800 1500 rerum,

98 1510 193 1541 unius
209 1511 271 1541 viri
291 1517 381 1551 sunt,
401 1511 555 1541 nimirum
578 1511 679 1542 solius
697 1511 797 1551 inipe-

98 1561 231 1591 ratoris.
277 1562 385 1592 Miror
410 1561 528 1592 doctos
554 1561 638 1592 adeo
663 1561 750 1591 viros
767 1562 799 1591 in

98 1616 166 1642 tam
183 1610 274 1642 facili
291 1621 327 1641 re
341 1611 504 1642 coecutire
521 1616 557 1642 et
572 1604 686 1641 errare
703 1616 799 1652 potu-

98 1661 173 1692 isse.
213 1661 346 1692 Vossius.
382 1662 516 1701 Lipsius
543 1661 685 1700 margini
710 1661 800 1691 adle-

96 1716 194 1742 verat
219 1710 345 1742 frustra
364 1721 400 1742 uc
422 1721 546 1742 summm
569 1721 680 1742 rerum.
726 1712 800 1742 Me-

96 1762 162 1793 lius
179 1766 291 1793 tamen
309 1772 406 1803 quam
422 1764 459 1792 de
474 1772 602 1792 summa.

141 1815 180 1843 13
207 1813 286 1848 Quoe
311 1823 360 1843 res
385 1816 487 1843 tamen
505 1812 643 1850 fortasse
666 1813 800 1853 aliqiwm

96 1865 213 1905 casum]
257 1864 456 1894 Ciacconius
487 1864 624 1903 conjicit
655 1874 723 1894 eum
752 1873 801 1894 res

95 1916 197 1953 tanta,
213 1913 266 1943 vel
282 1914 310 1943 si
325 1923 373 1943 res
388 1916 491 1944 tanta.
515 1912 581 1943 Sed
599 1912 681 1943 illud
697 1916 800 1944 tamen

95 1965 382 2004 suspectissimum
412 1964 504 2004 milii,
541 1965 575 1994 in
610 1964 799 1995 Petaviano

96 2024 162 2046 non
188 2016 329 2056 reperiri
355 2015 498 2056 gaudeo.
528 2015 662 2046 Vossius.
689 2014 799 2045 Abest

96 2066 199 2097 etiam
231 2077 249 2097 a
279 2067 347 2097 Ms.
377 2066 516 2097 Norvic.
554 2066 665 2097 Daris.
705 2065 798 2096 Editi

98 2125 213 2147 omnes
229 2126 295 2155 ‹111ae
310 2126 358 2146 res
374 2121 485 2147 tamen
494 2115 706 2156 fortusse‚§·c.
729 2116 797 2147 Sed

97 2175 289 2207 perperam.
333 2167 411 2198 ,lam
427 2166 515 2196 enim
539 2175 632 2196 mens
648 2166 798 2198 authoris

96 2216 216 2248 fuisset
231 2227 298 2256 quoe
315 2227 363 2247 res
376 2220 477 2247 tumen
485 2215 624 2254 fortusse
638 2216 712 2247 bene
724 2218 799 2247 ceci-

95 2266 200 2298 disset.
246 2267 294 2298 At
311 2277 391 2298 vero
413 2267 496 2298 illud
512 2266 647 2304 fortasse
667 2268 800 2308 aliquem

97 2317 245 2357 reciperet
257 2327 360 2347 casum
377 2326 487 2358 neque
509 2316 648 2355 deselicz'
662 2322 799 2357 eventu,

97 2372 210 2408 potest
239 2368 319 2398 satis
350 2367 471 2398 Latine
503 2367 590 2404 dici;
621 2375 742 2408 neque,
770 2368 798 2398 si

99 2423 213 2457 posset
227 2419 274 2448 ita
289 2418 411 2458 accipi,
437 2427 502 2448 nou
525 2423 613 2448 esset
637 2417 797 2457 languide

98 2468 273 2500 admodum
303 2469 455 2505 ‹lictu1n3
494 2477 569 2498 cum
596 2467 667 2507 jam
695 2477 798 2508 supra

97 2518 238 2549 dixisset
261 2520 388 2557 Caesar,
411 2518 517 2559 (quod
542 2523 616 2548 erat
638 2519 743 2549 multo
759 2518 796 2551 fk-

97 2569 260 2609 dentins‚)
272 2572 429 2611 plerosque
445 2572 624 2602 existimare
637 2571 748 2602 bellum
764 2581 797 2602 eo

98 2619 148 2650 die
179 2622 315 2659 potuisse
343 2621 448 2662 finiri.
504 2622 650 2653 Omnino
680 2622 797 2662 igitur,

100 2667 221 2700 omissa
241 2679 323 2701 voce
344 2674 458 2710 tamen,
481 2671 674 2712 recipienda
691 2682 731 2702 ea
746 2677 799 2703 est

99 2720 213 2756 lectio,
249 2731 346 2762 quam
378 2723 412 2752 in
449 2722 573 2753 Codice
610 2723 799 2754 Petaviano

103 2770 252 2811 Vossius,
268 2776 301 2802 et
317 2773 349 2802 in
366 2772 491 2803 Elicnsi
510 2773 666 2804 Davisius
682 2784 798 2815 reppe-

1444 196 1555 237 1493

855 304 982 339 rerunt,
1001 301 1077 336 Quoe
1102 311 1150 331 res
1169 300 1307 338 fortusse
1327 301 1458 341 aliquem
1482 304 1555 332 reci-

851 354 937 390 peret
952 361 1063 382 cas-um.
1112 352 1158 382 Ut
1174 352 1258 382 adeo
1273 351 1363 382 dicat
1378 352 1503 387 emar,
1522 352 1555 382 in

853 401 1106 432 excusationem
1130 401 1253 438 Sullam
1278 401 1430 441 quamvis
1455 401 1557 441 pleri-

853 460 918 490 que
935 451 1171 482 existimarent
1188 451 1311 481 bellum
1330 461 1368 481 eo
1389 450 1443 481 die
1460 456 1557 491 potn-

854 501 917 532 isse
948 501 1051 541 finiri,
1084 507 1195 533 tamen
1237 502 1307 532 sine
1350 502 1556 541 imperatore

853 551 978 581 Sullam
1001 551 1175 591 sapienter
1195 551 1340 582 noluisse
1359 551 1476 591 praelio
1499 550 1557 582 de-

854 607 998 641 certare,
1019 603 1108 643 quod
1135 612 1175 633 ea
1198 612 1250 632 res
1275 601 1416 633 natasse
1444 601 1557 641 aliter,

854 661 949 693 quam
976 652 1206 683 existimatum
1231 658 1293 691 est,
1310 652 1432 682 cadere
1459 656 1556 692 potu-

852 705 945 735 isset.
1008 706 1250 744 Veruntamen,
1288 715 1363 735 cuin
1403 704 1556 744 plerique

854 755 937 786 Mss.
962 756 1132 787 retineant
1154 759 1281 790 tumen;
1305 754 1405 795 idque
1432 755 1464 785 in
1487 755 1557 795 ple-

852 805 967 846 risque
984 816 1098 836 eorum
1116 806 1279 846 scriptum
1303 806 1347 835 sit
1369 807 1427 840 t11;
1451 804 1556 845 quaeri

853 861 1099 896 potest‚annon
1117 857 1183 896 legi
1200 861 1316 897 queat,
1328 857 1406 890 Qnoe
1419 865 1467 886 res
1484 859 1555 886 tum

843 907 993 948 sortasse,
1015 910 1067 948 &1:-
1098 909 1166 948 vel,
1189 918 1266 939 cuin
1294 909 1326 938 in
1350 907 1459 938 Vossii
1487 908 1556 938 Ms.

853 967 928 997 uno,
959 968 1020 998 pro
1047 961 1160 997 tamen,
1190 960 1356 998 scriptum
1388 958 1432 988 sit
1463 961 1557 993 antam·

853 1008 1044 1048 suspicetur
1073 1008 1145 1048 quis
1175 1008 1241 1048 legi
1274 1017 1382 1048 posse,
1410 1017 1476 1047 qua:
1507 1017 1556 1038 res

854 1063 948 1088 tanta
969 1059 1120 1096 sortasse,
1145 1060 1195 1098 syc.
1240 1058 1306 1088 Sed
1335 1063 1476 1098 pir-<estat
1504 1068 1556 1096 ea,

853 1118 950 1148 quam
979 1109 1157 1147 edidimus,
1181 1109 1296 1139 lectio.
1323 1109 1429 1138 Clark.
1457 1108 1556 1138 Tanta

852 1157 1001 1198 conjecit
1033 1159 1134 1188 etiam
1173 1159 1384 1189 Ciacconius.
1432 1159 1557 1189 Placet

851 1208 931 1239 milii
954 1213 1021 1239 tum
1040 1208 1190 1246 sortasse.
1236 1209 1276 1239 In
1306 1209 1398 1239 Leid.
1423 1218 1490 1238 sec.
1520 1213 1557 1238 et

853 1259 964 1290 I'alat.
981 1264 1030 1289 est
1047 1270 1076 1300 q.
1093 1263 1195 1290 tumen
1210 1269 1271 1289 res.

891 1312 934 1341 20
957 1310 1142 1349 Duxerunt]
1173 1310 1229 1340 Ita
1251 1319 1294 1340 ex
1319 1310 1400 1340 Mss.
1418 1310 1502 1348 Reg.
1522 1314 1558 1339 et

850 1361 963 1391 vossii
994 1365 1029 1391 et
1060 1360 1149 1391 Edit.
1181 1361 1276 1391 Rom.
1309 1359 1452 1390 restitui.
1501 1359 1556 1391 Al.

849 1412 1054 1442 deduxerunt.
1091 1412 1196 1442 Clm-lc.
1233 1411 1373 1451 Optime
1404 1410 1556 1450 reposuit

851 1462 994 1502 simplex
1012 1461 1149 1492 verbum
1175 1462 1225 1492 (ΣΙ.
1243 1460 1400 1490 Clarkius
1416 1470 1423 1497 ;
1449 1464 1553 1500 atque

850 1513 899 1544 ita
929 1513 1041 1544 inveni
1071 1513 1104 1542 in
1142 1512 1278 1543 Carrar.
1322 1510 1557 1550 Leidensibus,

850 1564 932 1594 Lov.
951 1568 987 1594 et
1012 1563 1098 1594 Edd.
1122 1563 1209 1593 Veu.
1237 1562 1326 1592 Flor.
1343 1560 1437 1591 Med.
1480 1560 1553 1591 Nec

850 1614 981 1653 dubito,
997 1614 1075 1654 quin
1099 1613 1144 1644 sit
1167 1613 1200 1643 in
1225 1613 1307 1643 aliis.
1351 1612 1473 1642 Ducere
1491 1621 1555 1641 rem

851 1668 902 1694 est
929 1664 1140 1704 prolongare,
1165 1663 1362 1701 extendere,
1388 1666 1424 1691 ut
1446 1662 1556 1692 (lucere

850 1712 974 1752 bellum,
989 1715 1041 1752 ᾃτ.
1081 1713 1170 1743 Vide
1185 1712 1226 1742 ad
1246 1713 1285 1742 B.
1304 1712 1347 1742 G.
1372 1720 1395 1742 1.
1416 1714 1465 1741 16.
1492 1711 1556 1742 De-

849 1764 960 1793 ducere
973 1764 1025 1793 liic
1042 1763 1151 1792 locum
1168 1772 1231 1793 non
1247 1761 1360 1792 habet.

892 1815 933 1843 22
976 1813 1019 1843 t't
1049 1813 1143 1843 telum
1179 1814 1400 1842 tormentumre
1429 1810 1556 1840 missum

848 1864 943 1901 adjici
960 1873 1018 1893 non
1029 1862 1146 1902 posset]
1174 1862 1227 1892 An
1252 1866 1457 1892 tormentum
1474 1870 1555 1901 quo-

849 1923 915 1955 que
942 1914 1116 1944 mittitur?
1149 1913 1277 1944 Contra
1307 1917 1455 1942 mentem
1485 1911 1556 1941 Cae-

849 1965 933 1995 saris
950 1964 1026 2004 lioc,
1048 1969 1083 1994 et
1107 1969 1226 1994 contra
1250 1962 1415 1992 rationein
1433 1962 1554 2001 ipsam.

848 2015 942 2055 Lego
969 2025 1010 2045 ex
1044 2025 1074 2045 v.
1105 2024 1134 2046 c.
1165 2018 1280 2045 nostro
1307 2018 1343 2044 et
1370 2013 1481 2043 Palat.
1514 2022 1553 2044 ac

848 2066 1011 2106 Bongars'.
1027 2066 1121 2096 telum
1137 2067 1287 2095 tormento
1303 2063 1438 2094 missum.
1477 2062 1555 2094 Nisi

848 2116 957 2155 malis,
974 2126 1016 2147 ne
1031 2116 1113 2146 illud
1138 2125 1172 2146 re
1197 2115 1332 2156 penitus
1355 2118 1488 2154 pereat,
1506 2114 1551 2144 le-

849 2175 928 2206 gere
944 2170 1095 2197 tormento
1117 2166 1270 2197 emissum.
1317 2165 1440 2195 Parum
1458 2169 1553 2194 certe

850 2215 966 2247 refert.
1009 2216 1144 2247 Vossius.
1183 2215 1292 2246 Editt.
1331 2215 1421 2244 nullo
1454 2223 1553 2245 sensu

849 2267 972 2298 liabent
988 2268 1081 2298 telum
1095 2270 1318 2298 tormentavit-e
1332 2266 1476 2297 missum:
1493 2266 1553 2296 sed

850 2317 1045 2357 lectionem,
1071 2327 1168 2358 quam
1197 2317 1321 2356 recepi,
1349 2316 1475 2347 diserte
1496 2326 1552 2346 ex-

848 2366 945 2397 hibet
974 2368 1038 2398 Ms.
1073 2367 1212 2398 Norvic.
1248 2376 1389 2408 eamque
1417 2367 1450 2397 in
1481 2367 1554 2397 aliis

849 2417 957 2448 codd.
975 2417 1145 2448 inventam
1162 2417 1351 2458 probarunt
1366 2417 1504 2448 Vossius
1519 2422 1554 2448 et

848 2469 1045 2510 Marquard.
1074 2468 1205 2499 Gudius
1230 2469 1271 2497 ad
1301 2467 1439 2498 Pliaedri
1467 2468 1550 2498 Fab.

847 2527 896 2548 ιν.
914 2522 943 2550 3.
969 2519 1024 2550 Sic
1039 2520 1047 2535 ‘
1066 2523 1236 2550 tormento
1251 2519 1351 2549 missa
1365 2517 1443 2548 tela’
1461 2517 1550 2556 apud

848 2568 1000 2599 Hirtium
1024 2569 1064 2599 B.
1083 2569 1126 2599 G.
1153 2577 1235 2599 vni.
1258 2571 1308 2598 14.
1355 2570 1484 2598 Seneca
1507 2568 1550 2597 de

847 2618 896 2648 ira
925 2627 948 2648 1.
979 2621 1011 2648 9.
1057 2620 1066 2634 ‘
1089 2618 1279 2649 'fermentis
1316 2618 1554 2657 exprimuntur

849 2670 919 2700 tela
934 2669 952 2708 3’
991 2679 1089 2700 nemo
1120 2674 1232 2699 autem
1271 2667 1372 2697 fando
1404 2666 1551 2705 accepit,

850 2723 1020 2750 tormenta
1035 2728 1109 2749 cum
1127 2718 1203 2749 telis
1227 2717 1323 2746 simul
1347 2725 1420 2745 esse
1442 2715 1552 2746 missu.

851 2770 961 2800 Duris.
994 2770 1036 2799 L't
1052 2770 1143 2799 telum
1160 2770 1312 2798 tormento
1328 2766 1451 2797 missum
1467 2766 1553 2805 adigi
