1850 3109
248 177 367 219 '1620

254 292 348 322 nere,
365 283 399 314 in
424 283 541 316 eodem
559 286 745 318 consistere.
771 288 856 319 loco.
904 287 952 318 Ut

254 334 463 365 notissimum
485 339 545 366 est.
591 337 690 367 Dixit
714 337 827 377 itaque
849 336 953 377 Aqui-

254 383 327 413 nius
350 384 428 414 ‘sed
455 386 614 423 restabo:
640 390 704 417 oze.
731 387 824 426 quasi
850 387 953 417 vellet

253 434 384 466 dicere:
412 437 542 467 Mandet
557 438 630 477 quid
644 439 716 468 velit
732 437 848 476 Scipio.
881 437 953 467 Non

252 493 335 523 mro,
350 487 402 515 sed
416 486 578 525 persistam
595 489 625 516 et
643 485 764 517 manebo
780 486 840 525 hic,
855 489 889 516 ut
906 495 952 516 re-

252 534 334 573 liqua
346 544 494 574 peragam
506 536 537 564 in
553 536 709 575 colloquio.
753 535 840 565 Vide
853 535 952 566 Viros

253 582 372 614 doctos
390 585 430 614 ad
448 585 520 615 Liv.
534 594 582 616 ιν.
601 589 653 616 58.
699 586 734 616 Si
747 586 822 627 quis
840 590 951 617 tamen

252 642 270 662 e
290 633 433 663 Dorvill.
447 634 529 665 velit
553 644 586 665 se
607 635 660 666 vel
675 637 728 666 sed
751 646 794 673 se,
821 645 882 676 per
899 645 951 666 me

249 681 343 713 licet.
379 683 569 715 clarissime
586 689 697 716 autem
712 686 815 726 liquet
831 696 849 716 e
866 686 950 717 Cod.

252 732 399 764 Dorvill.
425 737 461 764 et
492 735 604 774 Celso,
629 736 805 776 diceretque
835 742 951 767 natum

251 792 323 813 esse
341 793 382 813 ex
399 784 535 824 adjecta
551 786 659 824 glossa
673 787 767 826 dixit,
793 797 867 827 qum
891 797 951 818 sar-

251 833 386 872 pissimc
403 843 480 864 cum
493 835 573 865 alibi
588 840 657 866 tum
674 836 706 866 111
723 836 770 866 liis
783 847 951 867 commen-

251 883 344 913 tariis
371 884 404 913 111
436 889 567 915 textum
597 886 749 926 inrepsit.
811 886 877 917 Adi
909 887 950 917 ad

249 932 291 962 B.
309 933 352 963 G.
378 942 401 963 1.
433 937 481 965 17.
514 935 659 975 Insuper
687 945 747 975 pro
772 946 838 976 quw
864 938 950 967 vellet

250 982 345 1013 Leid.
376 993 444 1014 sec.
476 985 581 1016 habet
610 997 679 1025 quce
708 987 773 1026 ipse
804 997 830 1017 r.
862 987 950 1018 Edd.

248 1032 349 1062 Vasc.
381 1033 514 1073 Grypli.
547 1040 637 1075 post.
661 1036 779 1076 Stepli.
810 1041 846 1068 et
876 1037 951 1068 aliae

247 1092 314 1122 quce
344 1093 372 1114 v.
403 1083 467 1123 ipse
491 1095 524 1124 p.
579 1086 647 1116 Sed
678 1087 797 1127 Cujac.
827 1088 951 1128 Scalig.

248 1132 371 1163 l’etav.
390 1133 485 1165 Leid.
499 1145 549 1174 pr.
563 1146 630 1175 qua*
643 1137 671 1166 si
686 1138 787 1167 vellet.
823 1139 951 1168 Forsan

248 1193 316 1222 quoe
340 1183 401 1213 sibi
426 1185 525 1215 vellet.
571 1186 660 1216 Dein
685 1187 760 1217 loco
776 1188 832 1217 τοῦ
845 1192 951 1228 postea

247 1232 368 1272 scripsi
383 1237 532 1272 praterea
557 1234 623 1266 fide
642 1237 726 1266 Mss.
745 1236 952 1275 corumdem,

249 1282 298 1313 uti
315 1288 350 1313 et
363 1283 582 1323 Gallicorum,
596 1286 704 1316 Dorv.
722 1287 815 1318 Leid.
829 1297 896 1318 see.
916 1293 952 1319 et

248 1332 337 1364 Edd.
355 1333 494 1365 Vascos.
511 1334 643 1375 Gryph.
662 1341 752 1376 post.
778 1337 896 1378 Steph.
915 1343 951 1369 et

247 1384 392 1416 Stradae.

291 1438 311 1465 9
337 1436 533 1468 tisun-enasse
557 1438 612 1469 hoc
637 1440 698 1470 ciri
723 1441 813 1472 Rom.
841 1440 950 1481 miror]

249 1485 408 1516 Ultimaui
439 1497 557 1518 vocem
585 1490 741 1520 nesciunt
768 1490 886 1530 anac.
916 1496 950 1521 ct

248 1534 369 1566 l'etav.
417 1537 500 1567 Eam
527 1538 631 1577 igitur
654 1539 742 1576 dele,
770 1541 879 1580 posita
907 1541 949 1571 ad

249 1584 377 1623 periodi
395 1585 494 1617 finem
513 1587 744 1619 admirationis
761 1594 850 1620 nota.
892 1591 949 1620 'vi-

247 1633 290 1664 de
326 1636 500 1667 Graevium
532 1637 572 1667 ad
604 1638 731 1669 Justini
763 1647 804 1670 11.
835 1642 887 1670 14.
915 1645 950 1671 et

248 1684 464 1716 Ambrosium
493 1687 535 1717 de
562 1688 691 1727 Virgiu.
714 1697 754 1720 11.
779 1692 810 1719 5.
836 1690 949 1721 Daris.

248 1744 320 1765 cur.
336 1746 402 1767 sec.
436 1737 574 1777 Egregii
593 1738 696 1769 etiam
714 1739 858 1770 Codices
874 1740 950 1771 Sca-

245 1785 304 1825 lig.
333 1791 369 1817 ct
393 1787 490 1818 Leid.
516 1787 643 1828 primus
670 1798 737 1819 non
761 1795 950 1829 agnoscunt

248 1837 386 1868 verbum
411 1838 518 1869 miror.
565 1840 749 1880 Eleganter
781 1839 949 1880 profecto.

245 1887 459 1927 Frequenter
475 1890 563 1920 enim
585 1890 633 1921 ita
648 1890 841 1922 Infinitivus
858 1891 949 1922 adhi-

244 1936 346 1967 betur
362 1938 537 1970 absolutus
567 1941 600 1970 in
618 1940 841 1971 admiratione
859 1941 949 1981 apud

247 1987 403 2018 Comicus
434 1989 648 2031 optimosque
679 1991 814 2031 quosvis
845 1992 950 2032 scrip-

247 2041 358 2068 tores:
377 2043 412 2068 ut
427 2038 616 2071 docuerunt
632 2041 839 2080 Gronovius,
853 2042 951 2073 Gra*-

246 2087 331 2125 vius,
362 2088 533 2125 Dukerus,
561 2089 694 2130 aliique.
740 2091 946 2121 Moncndum

246 2135 280 2166 id
311 2147 445 2178 quoque
475 2139 574 2170 habui
602 2140 644 2170 ad
676 2141 800 2171 Lucan.
826 2151 858 2171 v.
874 2144 948 2173 095.

245 2186 255 2202 ‘
270 2185 390 2217 Mundi
400 2188 474 2227 jam
489 2199 617 2220 summa
631 2195 803 2221 tenentem
819 2191 948 2222 Permi-

242 2235 323 2266 sisse
341 2237 448 2267 mari!

288 2289 326 2316 13
353 2288 453 2317 Can-xis
540 2289 671 2329 cit-ibus]
696 2290 771 2321 Hoc
788 2295 851 2327 est,
876 2295 947 2321 tum

243 2344 318 2366 cum
351 2338 506 2368 concives
533 2339 606 2378 ejus
633 2340 719 2370 adeo
746 2339 945 2380 frequentes

244 2384 496 2417 occiderentur.
527 2388 634 2418 Clark.
682 2389 948 2428 Vulgatamlec-

244 2434 369 2465 tionem
385 2436 474 2466 solus
492 2447 562 2467 serx
572 2443 607 2468 at
623 2448 641 2467 e
658 2439 739 2468 meis
761 2439 856 2470 Leid.
880 2440 946 2479 pri-

243 2494 329 2515 mus·
388 2487 522 2516 (Joesaris
547 2493 600 2518 est
628 2488 660 2517 in
692 2489 817 2518 Petav.
847 2489 945 2519 Leid.

243 2543 311 2565 sec.
343 2535 489 2566 Dorvill.
518 2542 553 2566 et
583 2537 670 2567 Edd.
703 2538 832 2577 primis,
864 2538 945 2578 quin

243 2584 346 2615 etiam
363 2586 478 2625 Cujac.
497 2591 532 2617 et
548 2587 672 2627 Scalig.
696 2587 824 2618 habent
843 2589 945 2619 Caesa-

241 2634 300 2673 ris,
318 2635 457 2666 resectis
475 2637 598 2667 ceteris
621 2638 753 2675 ejusdem
775 2648 807 2677 p.
831 2638 945 2668 cit-ibus

243 2684 334 2716 incol.
357 2695 420 2716 rev.
449 2687 548 2717 malle.
572 2697 634 2727 pro
661 2698 727 2728 quo
753 2690 828 2720 telle
855 2694 908 2719 est
925 2699 943 2718 a

241 2744 342 2766 manu
358 2736 468 2777 prima
481 2737 514 2768 111
530 2738 676 2770 Dorvill.
703 2738 822 2770 Celsus
839 2739 943 2771 etiam

711 191 853 222 NOTAE
893 190 1113 223 vAnloRtJ
1123 192 1154 221 M
1196 192 1247 222 ΙΝ

1007 291 1138 318 tantum
1154 286 1258 317 habet
1273 285 1365 318 Juboe
1377 287 1446 325 regi
1461 285 1589 317 barbaro
1604 288 1706 328 potius

1002 347 1091 376 quam
1109 338 1294 378 Imperatori
1307 337 1461 368 exercitus
1472 347 1542 377 pop.
1568 337 1704 368 Romani

999 387 1148 424 paruisse.
1195 388 1298 418 Certe
1315 388 1371 418 illa
1386 389 1472 417 cresis
1485 387 1618 425 ejusdem
1628 397 1703 428 par-

1003 436 1045 465 tis
1059 436 1174 467 cit-ibus
1196 438 1229 468 iu
1255 438 1378 468 mendo
1407 437 1532 467 cubare
1559 437 1703 468 1111111νί-

1003 485 1137 517 dentur.

1047 539 1086 568 15
1113 536 1308 577 Part-umque
1335 536 1521 576 senatorem]
1558 537 1704 568 Senato-

1004 595 1074 616 rem
1102 596 1168 617 non
1185 586 1282 616 valde
1307 587 1453 618 nobilem
1476 598 1606 627 parrum
1635 586 1706 618 dic-

1004 640 1073 666 tum
1099 635 1204 667 fuisse
1230 638 1470 674 1101111101111111;
1494 643 1532 667 ut
1557 637 1706 677 videtur,

1003 696 1064 717 nec
1089 687 1254 718 immerito
1271 687 1356 718 lianc
1374 687 1577 718 locutionem
1594 689 1705 728 carpit

1003 736 1202 768 Dodwcllus
1225 737 1317 768 Diss.
1344 737 1386 767 de
1416 737 1486 768 Jul.
1516 737 1614 768 Celso
1641 737 1705 777 §8.

1001 786 1066 816 Sed
1083 787 1170 827 quod
1188 787 1241 818 hic
1269 787 1440 827 scriptori,
1463 797 1523 818 nos
1540 786 1704 818 Librariis

1002 835 1231 876 imputamus;
1277 846 1354 867 nam
1401 837 1580 877 legendum
1619 841 1704 876 puto

1001 884 1151 915 homiuem
1170 896 1279 916 novum
1304 886 1546 926 pedariumque
1582 890 1705 917 senato-

1002 944 1076 964 rem.
1124 935 1264 966 Pcdarii
1293 941 1466 966 senatores
1489 942 1566 967 sunt
1587 938 1622 976 ii,
1648 936 1706 978 qui

1002 984 1148 1015 nondum
1172 984 1358 1024 majoribus
1387 985 1568 1016 honoribus
1593 985 1704 1018 functi

1002 1032 1152 1064 fueraut.
1197 1034 1285 1064 Vide
1311 1034 1355 1065 sis
1380 1034 1551 1075 Agellium
1576 1044 1631 1067 111.
1649 1039 1703 1068 18.

1002 1084 1117 1115 Daris.
1134 1094 1204 1115 cur.
1222 1094 1291 1115 sec.
1340 1086 1446 1125 Cave,
1469 1095 1545 1117 cum
1563 1086 1704 1118 Davisio

1001 1133 1081 1173 quid
1099 1139 1219 1165 mutes.
1245 1134 1367 1165 Parrus
1377 1139 1500 1166 senator
1514 1135 1652 1175 dicitur,
1666 1140 1705 1168 ut

1001 1189 1120 1215 contra
1143 1185 1233 1224 apud
1261 1184 1382 1216 Horat.
1412 1187 1477 1226 Ep.
1504 1188 1535 1216 4.
1562 1187 1702 1226 Magnus

1001 1245 1102 1275 eques.

1043 1288 1085 1316 20
1111 1286 1243 1317 Factum
1258 1285 1319 1325 est]
1344 1285 1428 1317 Mss.
1444 1286 1528 1327 ch.
1544 1290 1578 1317 et
1596 1286 1705 1318 Vossii

1000 1339 1036 1365 et
1059 1335 1169 1368 Editt.
1197 1336 1294 1367 Vett.
1310 1335 1437 1374 sactum
1463 1338 1509 1366 est
1533 1336 1628 1375 illico,
1652 1337 1705 1376 &c-

1003 1388 1113 1417 CIark.
1139 1388 1196 1417 Est
1212 1396 1277 1418 non
1296 1391 1472 1426 comparet
1490 1387 1523 1417 111
1538 1386 1634 1418 Leid.
1653 1396 1706 1427 pr.

1000 1446 1063 1468 esse
1085 1437 1174 1468 Edd.
1191 1438 1294 1467 Vasc.
1316 1437 1448 1477 Gryph.
1475 1441 1565 1477 post.
1585 1437 1705 1477 Steph.

1000 1487 1083 1518 illico
1108 1488 1211 1519 ctiam
1238 1488 1331 1518 Leid.
1355 1498 1422 1518 sec.
1447 1488 1535 1519 Edd.
1562 1487 1704 1520 Mediol.

999 1540 1084 1570 Ven.
1097 1546 1133 1570 et
1149 1549 1230 1580 quas
1247 1539 1346 1571 modo
1360 1539 1539 1570 nominavi.
1585 1539 1705 1570 Scribo

1003 1591 1111 1630 Itaque
1119 1590 1242 1628 sadum
1252 1590 1346 1628 illim,
1359 1594 1397 1619 ut
1408 1589 1521 1629 Scipio
1539 1588 1580 1619 ad
1592 1589 1704 1620 album

1000 1650 1073 1671 sese
1095 1643 1160 1670 &tu
1178 1649 1238 1680 pro
1257 1649 1323 1680 quo
1341 1638 1429 1669 Edd.
1447 1638 1564 1679 primae
1589 1643 1626 1670 et
1639 1639 1705 1669 Be-

1003 1690 1111 1721 roaldi
1127 1690 1241 1730 inepte
1257 1689 1352 1720 alium
1369 1692 1630 1729 repraesentant.

1044 1748 1149 1770 Lvux.
1165 1742 1185 1770 2
1208 1738 1416 1779 Super-cilium
1441 1739 1591 1778 quoddam
1607 1739 1705 1769 excel-

1000 1800 1065 1820 sum
1083 1791 1167 1821 nacti
1187 1799 1247 1820 uon
1269 1790 1358 1829 longe
1378 1799 1397 1819 a
1415 1788 1550 1819 Caesaris
1575 1789 1703 1830 castras]

1001 1839 1227 1880 Supercilium
1271 1839 1384 1870 locum
1429 1838 1704 1878 eminentiorem,

1001 1900 1060 1921 scu
1077 1891 1303 1921 summitatem
1331 1890 1484 1920 denotat.
1531 1888 1587 1920 Sic
1611 1888 1704 1929 apud

1000 1941 1180 1981 Virgilium
1195 1942 1320 1979 Georg.
1336 1941 1357 1971 l.
1375 1949 1400 1970 1.
1422 1942 1493 1970 108.
1519 1940 1528 1956 ⁴
1542 1940 1634 1970 Ecce
1652 1949 1708 1970 su·

1000 1991 1144 2031 pei-cilio
1156 1991 1274 2021 clivosi
1287 1990 1432 2021 tramitis
1444 1990 1566 2020 undam
1577 1988 1707 2020 Elicit!

1000 2041 1065 2071 rbi
1110 2040 1258 2078 Servius,
1301 2042 1309 2056 ‘
1330 2038 1535 2077 altitudine‚’
1580 2039 1703 2080 inquit,

999 2090 1008 2106 ‘
1024 2090 1217 2120 summitate
1235 2088 1426 2120 terrarum.r
1471 2088 1547 2119 Hoc
1563 2098 1639 2119 011111
1654 2087 1704 2120 111-

1001 2146 1099 2179 goi-et
1115 2150 1185 2179 eos,
1212 2140 1268 2181 qui
1297 2143 1461 2170 curarunt
1482 2139 1582 2170 editt.
1608 2140 1704 2172 Rom.

1000 2191 1094 2222 Med.
1119 2191 1205 2222 Yen.
1235 2189 1396 2221 Beroald.
1426 2190 1480 2220 1110
1497 2190 1589 2220 locus
1610 2189 1702 2220 iniis

1000 2241 1108 2271 Codd.
1127 2241 1173 2271 sic
1189 2240 1324 2281 legitur,
1335 2250 1427 2279 super
1440 2241 1536 2270 alium
1555 2240 1704 2279 quendam

1000 2292 1151 2320 excelsum
1167 2293 1280 2319 natura
1298 2290 1393 2319 locum
1418 2299 1477 2318 non
1492 2289 1582 2327 longe
1595 2298 1614 2318 a
1636 2289 1703 2319 Coe·

999 2340 1079 2370 saris
1103 2340 1227 2378 castris,
1252 2344 1481 2379 corruptaque
1509 2338 1581 2369 liaec
1599 2338 1703 2369 tectio

1000 2391 1101 2422 Joan.
1120 2389 1356 2422 Rliellicanum
1375 2388 1512 2419 fefellit.
1535 2389 1647 2420 Daris.

1045 2444 1084 2470 18
1109 2441 1207 2475 Quem
1252 2441 1316 2470 suis
1363 2438 1595 2479 impedimento]
1646 2438 1700 2470 Sic

1000 2490 1098 2521 editt.
1116 2490 1212 2520 Rom.
1230 2490 1315 2520 Ven.
1334 2489 1491 2519 Beroald.
1511 2489 1591 2519 atin
1606 2488 1704 2520 Msto

1000 2540 1138 2570 Norvic.
1167 2539 1291 2576 legitur
1320 2549 1407 2578 quem
1432 2540 1497 2569 suis
1522 2541 1587 2579 ipse
1616 2540 1702 2578 adju-

999 2592 1097 2619 mento
1112 2599 1121 2618 .·
1145 2589 1204 2619 scd
1219 2589 1359 2619 multum
1375 2593 1516 2628 praestat
1529 2589 1632 2621 lectio
1649 2599 1700 2621 re-

998 2645 1112 2678 cepta,
1128 2644 1165 2669 ut
1181 2639 1255 2678 ipsa
1271 2648 1324 2669 res
1349 2638 1519 2670 ostendit:
1544 2649 1620 2670 nam
1642 2645 1700 2670 ne-

997 2699 1093 2719 cesso
1111 2693 1173 2727 est,
1189 2694 1225 2718 ut
1243 2689 1335 2719 locus
1354 2688 1539 2729 impeditus
1555 2698 1696 2722 concur-

999 2749 1071 2770 sum
1088 2739 1264 2780 impediat.
1287 2739 1398 2771 Daris.
