1850 3109
242 170 355 213 1553

243 275 409 308 Phaedrus
424 276 460 306 F.
474 284 521 307 w.
532 278 562 307 4.
578 278 628 307 18.
646 275 655 293 ‘
671 276 857 318 Postquam
874 288 943 308 con-

240 330 362 367 sumpta
377 330 429 357 est
447 327 609 366 temporis
625 327 715 366 longi
731 337 835 358 mora.
873 329 946 359 Cae-

707 179 848 214 NOTAE
885 182 1103 213 VARIORU
1115 183 1147 212 M
1182 182 1232 212 IN

997 278 1105 308 Clark.
1151 278 1333 318 perperam
1365 277 1698 318 interpolatissirnam

995 327 1175 358 lectionem
1191 328 1344 359 exhibuit
1359 328 1526 366 Clarkius,
1542 328 1624 360 lieet
1642 328 1700 359 ad·

241 385 296 408 sar
318 376 357 407 B.
375 376 418 406 G.
445 385 477 406 v.
504 377 580 406 11.‘
601 376 640 406 ln
666 376 715 406 his
744 377 844 407 rebus
872 377 944 407 dies
989 376 1089 416 juvet
1121 378 1215 408 Leid.
1249 389 1315 409 sec.
1345 379 1376 408 in
1404 389 1469 419 quo
1502 379 1579 409 Erat
1604 379 1637 410 in
1659 388 1701 410 ea

241 426 379 456 circiter
396 434 418 455 x
435 425 607 455 consumit)
641 425 727 455 Vide
744 432 779 456 et
797 426 945 466 ejusdem

242 475 319 506 libri
337 485 367 506 c.
384 478 436 506 58.
461 475 571 505 Daris.
611 476 694 505 Mss.
714 476 798 516 Reg.
821 477 944 508 miens.

243 531 279 557 et
293 525 405 556 Vossii
428 528 607 564 posteroque
630 525 671 555 ibi
687 526 747 565 die,
760 528 946 569 ‹lum-refi-

241 581 338 615 ceret,
352 580 525 611 consumto,·
546 581 613 616 post
634 578 713 608 diem
733 579 872 617 tatium,
893 582 945 619 ‘⁰51'-

242 629 328 659 Qua·
351 627 455 656 lectio
481 636 575 668 aeque
602 628 718 668 proba.
745 630 851 660 Clark.
892 631 946 660 De

243 678 387 708 veritate
404 677 501 717 hujus
519 678 673 708 lectionis
689 689 753 709 non
776 680 947 720 ambigen-

243 727 323 758 dum
341 733 415 759 est:
440 737 515 758 nam
541 729 640 768 plane
665 730 710 760 ita
730 731 868 771 reliquit
888 732 948 761 l'e-

245 778 372 810 tavian.
390 782 425 808 et
445 778 482 807 τὸ
501 778 571 817 suit
598 789 663 810 non
686 786 739 812 est
766 781 797 810 in
826 782 948 821 Scalig.

246 828 364 860 Leidd.
383 828 529 860 Dorvill.
555 834 590 860 et
613 830 698 860 aliis.
739 830 778 861 Id
807 832 949 862 inculca-

244 883 316 909 tum
354 882 419 917 est,
455 889 531 909 cum
567 884 721 911 consumto
758 882 948 914 exciderat.

248 927 341 958 Hirt.
360 936 441 958 vui.
458 932 511 959 26.
537 930 545 945 ‘
560 930 760 970 Complures
782 932 853 963 dies
871 942 949 963 con—

244 978 418 1008 sumsisset
433 979 451 1008 :’
487 979 542 1009 ubi
574 980 649 1010 vide
683 981 800 1020 plura:
839 987 874 1013 et
909 984 948 1014 B.

244 1027 355 1058 Afric.
375 1038 402 1059 c.
419 1032 449 1058 5.
470 1032 520 1060 11.

287 1082 306 1109 3
332 1079 414 1109 Erat
429 1078 653 1111 nobilissimum
669 1082 829 1120 regionum
845 1092 951 1113 earum

241 1128 404 1168 oppidum]
440 1128 506 1159 Ms.
535 1129 654 1161 Erant.
686 1135 720 1161 et
752 1124 853 1162 editt.
885 1133 950 1162 Be—

245 1178 352 1209 roald.
377 1189 415 1210 ac
442 1180 560 1219 Steph.
589 1184 657 1211 erat
684 1181 716 1212 in
743 1192 777 1212 ea
800 1182 951 1212 nobilissi-

245 1241 341 1271 mum,
364 1233 415 1270 ὅγε.
446 1241 484 1261 ac
517 1232 562 1262 ita
593 1232 773 1272 legendnm
801 1234 951 1274 conjecit

247 1281 328 1312 Pet.
355 1281 564 1313 Ciacconius.
594 1283 687 1314 Edit.
704 1284 844 1316 Vascos.
871 1285 949 1315 Erat

245 1331 277 1361 in
292 1341 326 1362 eu
338 1332 464 1371 regione
474 1332 696 1364 nobilissimam
707 1334 862 1374 oppidum,
874 1345 949 1376 quae

246 1381 383 1422 quidem
413 1383 516 1414 lectio
546 1384 731 1415 Codicibus
768 1385 850 1416 Mss.
883 1396 950 1416 non

246 1432 380 1473 nititur,
395 1437 622 1475 praeterquam
639 1435 730 1475 quod
749 1441 818 1466 tam
835 1436 867 1466 in
887 1436 950 1467 hac

247 1492 347 1522 quam
373 1483 404 1513 in
433 1484 545 1523 priore
573 1484 752 1516 manifesto
773 1486 869 1517 deest
893 1496 950 1526 op·

248 1532 319 1571 pidi
336 1542 471 1572 nomeu,
488 1535 577 1575 quod
603 1539 727 1572 tamen,
751 1536 814 1566 nisi
839 1535 950 1577 fallor,

248 1589 496 1623 repraesentant
523 1585 587 1615 Ms.
619 1586 759 1616 Norvic.
787 1591 824 1618 et
852 1587 951 1618 editt.

247 1633 347 1664 Rom.
360 1634 467 1671 Ven.;
484 1634 516 1665 hi
532 1635 621 1665 enim
634 1636 779 1667 Codices
790 1637 952 1668 exhibent

247 1687 313 1714 erat
347 1684 464 1714 Maeum
490 1685 728 1725 nobilissimum,
758 1687 811 1726 &⁴⁶-
849 1686 953 1717 Haud

247 1737 407 1778 equidem
426 1737 574 1769 diffiteor
590 1739 677 1770 hanc
696 1740 811 1770 urbem
829 1750 848 1770 a
864 1740 954 1771 Geo-

248 1789 383 1830 graphis
409 1798 473 1820 non
499 1791 692 1829 memorari,
709 1802 783 1832 quae
807 1792 833 1823 si
852 1802 954 1823 causa

247 1838 314 1869 erit
351 1839 483 1879 idonea,
512 1850 571 1871 cur
609 1851 650 1872 ea
684 1842 786 1873 lectio
817 1852 953 1883 prorsus

249 1889 437 1928 rejiciatur,
452 1892 525 1930 pari
541 1892 670 1922 ratione
682 1892 838 1923 deleatur
851 1893 954 1924 etiam

247 1938 356 1968 insula
373 1939 492 1977 Tauris,
509 1941 602 1980 cujus
619 1946 734 1972 noster
749 1942 891 1982 hujusce
917 1943 954 1972 li-

250 1987 301 2018 bri
318 1998 347 2020 c.
364 1991 415 2020 45.
445 1991 649 2021 mentionem
679 1991 772 2030 facit,
796 1998 855 2024 aut
878 2003 953 2024 cum

249 2039 328 2071 Pet.
359 2040 541 2071 Ciacconio
569 2042 824 2081 inTragurium
850 2049 955 2074 mute-

252 2093 328 2128 tur;
353 2089 386 2120 id
415 2090 504 2120 enim
529 2101 596 2121 non
624 2092 743 2131 insula,
770 2093 830 2123 sed
860 2094 955 2133 oppi-

251 2137 330 2169 dnm
350 2139 414 2170 fuit
434 2141 627 2171 Dalmatiae.
668 2142 755 2172 Vide
784 2143 863 2174 Chr.
881 2143 956 2174 Cel-

250 2189 368 2220 larinm
387 2190 513 2229 Geogr.
533 2190 613 2221 Ant.
634 2201 673 2222 11.
691 2196 722 2222 8.
740 2202 773 2232 p.
792 2195 865 2223 389.
891 2193 957 2223 Da-

248 2240 306 2270 cis.
354 2240 435 2270 Erat
461 2241 493 2270 in
519 2251 555 2271 ea
583 2242 708 2281 regione
731 2243 954 2274 nobilissimum

250 2290 407 2330 oppidum.
470 2292 525 2322 Sic
553 2293 616 2323 Ms.
645 2293 771 2333 Regius
797 2299 832 2325 et
859 2295 953 2326 Edit.

250 2341 450 2372 Vascosani.
491 2343 582 2373 Editi
610 2345 742 2384 nuperi,
769 2345 850 2376 Erat
870 2346 954 2376 nobi-

249 2390 399 2421 lissimam
416 2392 573 2430 regionum
587 2403 691 2423 earum
707 2395 862 2434 oppidum.
886 2397 953 2426 Ms-

251 2441 372 2481 Vossii,
391 2442 470 2471 Erat
485 2441 517 2471 in
535 2451 575 2472 ea
590 2442 656 2472 nob.
680 2454 746 2482 reg.
763 2454 868 2475 earum
884 2456 953 2486 opp.

250 2490 360 2522 Voces
387 2491 461 2522 istae
489 2492 522 2521 in
549 2502 584 2522 ea
607 2499 776 2533 corruptae
795 2495 953 2525 videntur

251 2548 293 2570 ex
314 2541 442 2572 Moeum.
487 2542 541 2572 Sic
567 2542 656 2573 enim
681 2544 747 2573 Ms.
773 2545 899 2576 Eliens.
919 2550 956 2577 et

253 2591 362 2622 Ediit.
394 2593 489 2622 Rom.
520 2598 555 2623 et
586 2594 671 2624 Ven.
707 2594 788 2624 Erat
829 2596 954 2626 Maeum

250 2641 473 2673 nobilissimum
484 2653 550 2682 reg.
563 2654 668 2674 aarum
677 2645 830 2684 oppidum.
847 2648 955 2678 Quam

253 2692 387 2724 demum
416 2703 494 2724 cum
519 2694 714 2725 doctissimo
738 2695 879 2727 Davisio
903 2705 956 2727 ve-

254 2752 325 2776 ram
348 2753 422 2776 esse
454 2754 553 2786 posse
577 2745 734 2778 existimo
760 2746 956 2779 lectionem.

995 429 1120 465 regione
1136 429 1203 459 nob.
1225 439 1330 459 earam
1345 430 1497 470 oppidum.
1532 429 1569 460 In
1594 440 1629 460 ea
1651 430 1700 460 in-

998 477 1087 507 serui
1120 478 1319 518 simpliciter
1347 489 1394 510 sc.
1427 480 1556 510 insula:
1589 484 1627 510 nt
1649 485 1701 510 est

998 535 1131 566 quoqne
1161 527 1193 556 in
1221 528 1304 559 Mss.
1320 529 1457 559 aliorum
1476 535 1509 559 et
1529 529 1622 567 meis,
1637 529 1702 559 nisi

998 576 1088 617 quod
1107 577 1234 608 Lovan.
1250 578 1374 609 habeat
1403 579 1435 609 iu
1458 589 1524 609 eam
1547 584 1582 610 et
1603 588 1703 610 meum

998 627 1120 663 Scalia.
1139 637 1205 668 quo
1229 628 1448 659 confirmatur
1465 629 1564 660 valde
1581 639 1702 660 nomen

999 677 1126 708 Mzrnm.
1172 677 1238 707 Sed
1265 677 1399 709 videtur
1431 683 1563 709 tantum
1590 678 1702 709 dicere

999 729 1178 767 auetor‚in
1207 739 1247 758 ea
1273 729 1380 760 insula
1402 730 1473 760 {ssa
1491 728 1594 760 fuisse
1610 729 1704 760 nobi-

998 779 1160 810 lissimum
1178 781 1352 821 oppidum,
1368 781 1496 812 dictum
1522 790 1645 822 nempe
1662 781 1704 812 ab

1000 831 1122 869 insula,
1140 831 1249 862 Issam.

1045 884 1080 911 ll
1118 881 1235 911 Paucis
1263 882 1440 923 part-isque]
1479 883 1572 914 Editi
1600 884 1706 923 parvis

997 932 1181 971 paucisque:
1205 933 1259 972 qui
1283 933 1392 963 minus
1409 934 1546 973 elegans
1573 933 1706 964 videtur

1001 981 1178 1011 verborum
1195 982 1289 1012 ordo.
1315 982 1422 1013 Clark.
1461 982 1538 1013 Non
1554 982 1636 1013 editi
1655 991 1705 1014 so-

1001 1031 1082 1070 lnm,
1099 1032 1159 1062 sed
1184 1042 1283 1062 mann
1308 1032 1438 1064 exarati
1460 1032 1586 1063 habent
1602 1033 1708 1073 parcis

999 1082 1175 1123 paucisque.
1216 1083 1254 1112 ln
1279 1093 1345 1123 quo
1371 1083 1490 1114 ordine
1515 1092 1580 1113 non
1597 1083 1706 1114 minus

1001 1132 1181 1171 elegantia*
1200 1132 1310 1169 video,
1327 1143 1428 1173 quain
1453 1133 1486 1163 in
1507 1133 1708 1172 substituto,

1000 1181 1010 1197 ‘
1028 1182 1144 1222 Magni
1163 1182 1349 1222 multique}
1365 1192 1395 1213 e.
1413 1186 1466 1213 72.

1045 1235 1208 1263 §zm-1122
1234 1232 1475 1272 Palaepharsali]
1499 1232 1563 1263 Vel
1590 1232 1710 1264 Paloeo-

998 1283 1151 1322 pharsali,
1168 1288 1205 1314 nt
1232 1283 1335 1314 hahet
1361 1283 1426 1314 Ms.
1455 1283 1570 1313 Ursin.
1596 1292 1635 1313 ae
1660 1282 1710 1313 ita

1001 1332 1191 1363 Beroaldus
1206 1333 1330 1374 aliique
1345 1333 1496 1363 nonrmlli
1514 1332 1707 1363 ediderunt.

1002 1384 1114 1415 Daris.
1144 1393 1214 1414 cur.
1249 1394 1315 1415 sec.
1372 1384 1618 1424 I’alaeopharsati
1657 1389 1709 1414 est

1002 1436 1105 1465 etiam
1121 1434 1153 1464 in
1167 1434 1253 1465 Edd.
1270 1434 1385 1475 primis
1397 1440 1432 1465 et
1443 1435 1603 1472 vascos.;
1620 1434 1709 1465 unde

1002 1489 1118 1514 natum
1143 1485 1253 1524 proelio
1280 1484 1426 1515 Pharsali
1457 1485 1489 1514 in
1511 1484 1573 1515 Ed.
1598 1486 1708 1525 prima

1004 1534 1163 1575 Gryphii,
1179 1539 1213 1565 et
1231 1535 1325 1575 pejus
1347 1534 1455 1574 praelio
1476 1535 1656 1566 Pharsalico
1673 1536 1705 1566 in

1004 1584 1154 1615 l'lantin.
1170 1590 1205 1616 et
1224 1586 1366 1625 Raphcl.
1402 1585 1528 1615 ‘Verum
1552 1585 1627 1625 Cuj.
1645 1585 1711 1617 Pe-

1005 1637 1074 1664 tav.
1098 1635 1223 1675 Scalig.
1255 1635 1348 1666 Leid.
1375 1645 1427 1675 pr.
1453 1636 1566 1666 Ciacc.
1589 1637 1710 1668 Brant.

1005 1684 1112 1714 etalii
1133 1694 1210 1716 cum
1234 1686 1354 1725 Steph.
1371 1690 1508 1717 servant
1531 1686 1712 1728 Palaephar-

1004 1735 1084 1765 sali.-
1108 1745 1207 1776 quam
1222 1735 1425 1767 verissimam
1439 1745 1512 1767 esse
1529 1736 1709 1768 lectionem

1006 1786 1149 1817 vidimus
1167 1786 1208 1816 ad
1226 1787 1379 1818 Frontin.
1397 1796 1438 1818 11.
1456 1790 1486 1817 3.
1504 1790 1558 1818 22.
1576 1788 1585 1804 ‘
1606 1788 1713 1818 Palve-

1007 1836 1153 1876 pharsali
1186 1837 1355 1877 triplicem
1381 1837 1545 1868 instruxit
1581 1838 1710 1869 aciem!

1006 1885 1106 1917 Adde
1122 1887 1316 1917 Cellarium.

1048 1941 1066 1968 5
1088 1938 1266 1978 l’roprcetor
1274 1938 1442 1978 provincia>
1455 1939 1627 1980 ulterioris]
1642 1939 1710 1971 Ms.

1007 1988 1148 2018 Norvic.
1165 1993 1200 2019 et
1217 1987 1313 2019 editt.
1332 1990 1425 2020 Rom.
1447 1990 1533 2020 Ven.
1553 1990 1711 2021 Beroald.

1006 2038 1133 2069 habent
1154 2048 1211 2078 pro
1235 2039 1374 2070 Proetore
1395 2040 1562 2079 prot-incise
1588 2040 1713 2071 ulterio-

1005 2089 1063 2127 ris,
1081 2099 1155 2129 quae
1170 2089 1310 2130 antiqua
1326 2095 1379 2121 est
1396 2095 1432 2120 et
1448 2100 1527 2121 vera
1543 2090 1714 2122 scribendi

1008 2140 1106 2171 ratio.
1147 2141 1259 2171 Dat-is.
1321 2142 1467 2172 Restitui
1506 2143 1715 2181 Propraeore,

1007 2191 1200 2222 auctoribus
1234 2192 1317 2222 Mss.
1358 2192 1442 2223 meis
1481 2192 1649 2232 omnibus,
1677 2198 1713 2224 et

1007 2241 1094 2273 Edd.
1121 2242 1249 2282 primis,
1276 2243 1356 2273 item
1386 2244 1525 2274 Vascos.
1554 2243 1716 2284 Gryphii,

1007 2296 1042 2323 et
1056 2293 1235 2333 Stephani.
1253 2303 1282 2323 c.
1296 2296 1348 2324 42.
1367 2294 1484 2324 eodem
1503 2293 1601 2324 modo
1622 2294 1717 2329 Qua·-

1005 2346 1070 2373 stor
1093 2343 1290 2382 Propi-fetore
1314 2343 1480 2374 occurrit:
1507 2344 1587 2374 alibi
1616 2344 1714 2384 Lega-

1006 2397 1056 2423 tus
1066 2393 1273 2432 Propraetore.
1292 2393 1468 2424 Praeterea
1481 2403 1523 2424 ex
1538 2395 1621 2425 Mss.
1635 2395 1713 2435 Cuj.

1008 2443 1128 2474 Petav.
1147 2443 1271 2473 Lovan.
1298 2443 1417 2474 Leidd.
1439 2450 1473 2474 et
1499 2443 1586 2475 Edd.
1610 2444 1712 2475 Vasc.

1007 2493 1140 2533 Gryph.
1165 2493 1328 2533 Stephani
1364 2493 1479 2523 addidi
1517 2503 1713 2534 praenomen

1009 2543 1050 2578 Q.
1090 2544 1166 2575 Quo
1199 2543 1362 2574 adludunt
1394 2544 1493 2574 etiam
1525 2545 1616 2576 Scal.
1647 2556 1715 2586 quae

1010 2596 1096 2626 Cass.
1113 2600 1148 2624 et
1165 2594 1260 2624 Voss.
1278 2605 1336 2634 qna
1355 2596 1441 2625 Cass.

1053 2648 1092 2675 10
1119 2645 1231 2675 Multis
1258 2645 1373 2685 signis]
1404 2646 1458 2676 Ita
1483 2646 1637 2687 Scaliger
1663 2657 1715 2678 re-

1009 2695 1134 2735 posuit,
1165 2705 1241 2726 cum
1275 2696 1375 2737 vulgo
1407 2697 1440 2727 in
1470 2696 1549 2728 ΑΜ.
1579 2697 1714 2738 Gryph-

1009 2746 1123 2778 l’lant.
1153 2745 1240 2779 Edd.
1264 2747 1471 2779 scriberetur
1492 2748 1581 2780 initis
1602 2748 1712 2788 signia,
