1850 3109
246 172 360 214 1420

248 276 338 317 apud
375 280 539 317 nostrum,
577 288 677 320 quam
710 280 805 311 alios.
859 280 947 311 Vide

247 327 438 359 Comment.
455 328 496 359 ad
514 329 650 361 Pbaedr.
670 330 750 361 Fab.
770 340 793 361 1.
814 334 842 362 l.

292 381 332 409 10
356 378 528 418 Distineri]
555 379 697 410 Codices
721 381 874 422 plerique
897 381 947 411 dc-

246 428 353 459 tineri.
399 429 465 459 Sed
499 439 615 469 parum
649 430 801 461 interest.
840 433 948 462 Clark.

248 479 388 510 Rectius
405 484 521 510 censet
541 480 788 517 Hotomannus,
803 483 948 512 retinen-

247 530 324 560 dam
338 534 490 561 veterum
507 531 654 562 omnium
668 532 829 563 Codicum
846 533 950 574 scrip-

247 583 368 610 turam.
419 580 578 611 Distineri
604 582 692 612 enini
721 582 881 622 profluxit
907 584 950 614 ab

247 628 311 659 Ed.
338 629 479 661 Vascos.
526 631 565 661 In
597 632 766 672 prioribus
797 639 832 664 et
864 634 948 665 Mss.

247 678 387 709 aliorum
418 690 456 711 ac
487 682 568 712 meis
607 683 766 714 scribitur
804 685 948 716 detineri.

245 728 356 759 Bene.
413 730 569 762 Distineri
599 742 663 763 non
694 734 797 765 habet
829 735 951 775 locum,

246 779 312 810 nisi
341 780 397 811 ubi
422 781 464 812 de
492 782 714 815 distractione
741 785 774 815 in
802 784 949 816 diversas

246 835 374 870 partes,
402 832 453 862 vel
479 832 692 865 diversarum
718 845 828 866 rerum
854 845 950 867 occu-

245 880 383 920 patione
401 887 531 921 agatur.
577 884 663 914 Vide
687 895 763 925 qum
787 890 950 917 notantur

247 929 290 959 ad
314 931 413 962 B.G.
431 940 470 962 11.
487 936 517 962 5.
543 933 686 964 ‘Manus
716 935 859 966 bostium
886 937 949 967 ‹lis-

246 980 369 1012 tineri.'
415 983 573 1021 Vulgatae
599 985 737 1025 quidem
764 985 858 1017 favet
882 988 949 1017 lec-

247 1030 297 1061 tio
313 1031 456 1063 Juntina
475 1033 602 1065 Justiu.
627 1043 677 1064 vt.
699 1038 730 1065 6.
756 1036 765 1052 ‘
780 1036 951 1066 exercitus

246 1081 298 1111 sui
335 1081 369 1112 in
406 1082 543 1114 Graecia
574 1084 852 1116 distinerentur?
891 1086 950 1116 sed

245 1129 334 1163 Mss.
351 1133 463 1172 defin„
479 1139 515 1164 et
532 1134 598 1165 duo
615 1144 634 1165 a
651 1145 703 1166 me
720 1136 783 1167 visi
801 1137 835 1167 in
860 1137 951 1167 (ἔντε-

245 1180 326 1211 ciam
343 1182 438 1212 stetin.
485 1182 582 1214 Idem
609 1192 713 1216 xxlx.
739 1187 770 1215 2.
795 1186 872 1217 ‘Ne
897 1196 950 1217 eo-

247 1229 324 1260 dem
342 1236 496 1271 tempore
513 1234 626 1265 inultis
652 1234 748 1266 bellis
775 1236 951 1268 distinere-

247 1281 335 1310 tur:’
360 1281 415 1311 ubi
433 1282 535 1313 etiam
561 1284 629 1315 Ms.
658 1294 678 1315 a
700 1295 754 1315 me
777 1287 950 1317 consultus

245 1334 451 1369 graveretur:
485 1333 586 1373 vulgo
616 1334 726 1373 stetin„
758 1340 796 1365 ut
827 1335 950 1376 ubique

247 1381 409 1412 variatur.
477 1382 679 1415 Rectissime
724 1384 771 1414 ibi
810 1395 950 1426 magnus

248 1429 415 1462 Graevius.
462 1431 649 1464 Detinemur
669 1434 766 1475 longo
783 1434 872 1467 bello
893 1441 951 1467 aut

247 1480 434 1521 obsidione,
465 1492 539 1523 quae
566 1490 754 1516 remoratur
776 1495 855 1524 nos;
889 1487 951 1517 dis-

248 1532 382 1562 tinemur
419 1533 550 1564 duobus
596 1535 793 1574 pluribusve
840 1537 949 1568 bellis,

250 1580 366 1613 Quare
381 1583 514 1614 detineri
531 1594 549 1614 e
566 1585 651 1616 Mss.
666 1587 812 1626 reposui.
829 1597 883 1619 ιιι.
900 1591 952 1619 75.

248 1632 257 1646 ⁴
274 1631 484 1664 Novissimos
510 1635 628 1674 proelio
653 1636 828 1667 detinebat
845 1637 864 1667 :'
894 1638 951 1668 ubi

246 1680 366 1713 itidem
384 1685 535 1715 nonnulli
551 1685 624 1716 dist.
642 1691 679 1716 ut
696 1691 731 1716 et
749 1687 789 1718 B.
806 1687 950 1728 Hispan.

248 1740 279 1761 c.
296 1735 348 1763 34.
373 1735 381 1749 ‘
395 1734 472 1765 dum
490 1735 544 1766 hic
561 1736 759 1767 detinetur!

294 1785 332 1812 12
358 1784 477 1823 Magna
493 1786 624 1825 auxilia,
647 1787 842 1823 σοντι-Μίδεω
864 1799 951 1828 mag-

247 1841 300 1871 na,
317 1842 379 1864 esse
399 1835 430 1865 in
453 1845 506 1874 spe
529 1839 621 1876 atque
643 1838 885 1877 exspectatione]
910 1840 950 1869 In

249 1884 350 1915 editis
368 1886 533 1924 omnibus,
557 1891 698 1926 propter
722 1888 830 1918 minus
855 1898 951 1919 accu-

249 1938 357 1964 ratam
380 1935 706 1975 interpunctionem,
729 1938 815 1967 mira
839 1938 894 1969 hic
915 1939 952 1968 il-

248 1984 318 2014 lata
335 1990 384 2016 est
402 1986 583 2016 sententiae
601 1987 813 2025 ambiguitas.
841 1988 950 2019 Clarlr.

248 2035 371 2074 Magna
404 2036 536 2067 scilicet
567 2042 619 2068 cst
652 2037 889 2078 Accusativus,
917 2044 952 2070 et

247 2083 449 2116 referendus
466 2085 507 2116 ad
525 2087 665 2117 auxilia:
689 2097 801 2118 verum
819 2089 850 2119 in
869 2090 950 2120 Mss.

247 2142 314 2164 non
331 2135 457 2174 legitur
477 2139 724 2176 eaespectatione:
748 2139 807 2169 sed
831 2150 953 2180 exspec-

247 2185 322 2215 tari.
369 2185 522 2227 Optime,
551 2186 600 2218 ait
622 2198 734 2227 magna
749 2189 868 2219 aust-ilia
885 2200 952 2220 00²⁷-

247 2236 374 2275 venisse,
391 2237 464 2277 jam
482 2249 489 2275 ;
515 2239 572 2269 sed
589 2241 619 2269 et
642 2249 754 2278 magna
770 2250 831 2270 ess·
847 2241 877 2271 in
901 2251 953 2281 spe

248 2290 338 2326 atque
363 2289 536 2327 aspectare·
560 2289 667 2320 brevi.
715 2290 769 2321 Ita
797 2302 870 2322 -Jue
896 2301 952 2322 cx-

248 2335 367 2367 ltibcnt
390 2338 510 2369 l'etav.
537 2339 649 2369 Palat.
674 2340 783 2379 Bong.
810 2341 952 2372 Leiden-

249 2394 316 2424 ses,
341 2387 466 2418 Lovan.
484 2389 582 2419 Voss.
600 2390 707 2420 Dorv.
733 2401 798 2431 quo
823 2391 952 2422 faciunt

250 2435 338 2466 Edd.
376 2437 519 2476 pri1nae;
558 2439 591 2468 in
624 2440 744 2479 quibus
776 2445 953 2481 exspectare

249 2485 405 2517 liabetur.
453 2487 574 2526 Neque
598 2489 809 2529 jungendum
838 2501 953 2529 magau

249 2535 284 2566 in
297 2546 362 2577 spe,
388 2542 426 2567 ut
448 2537 526 2567 alibi
549 2539 685 2577 quidem
712 2540 859 2580 loquitur
880 2542 952 2572 Cae-

249 2596 315 2618 sar.
361 2588 557 2618 Ciacconius
581 2589 731 2629 dubitat,
754 2601 794 2621 an
821 2592 865 2621 sit
886 2601 953 2622 mc-

250 2637 314 2669 lius
330 2647 473 2677 magnam
496 2648 559 2669 esse
581 2649 665 2678 spem
687 2643 776 2680 atque
799 2645 953 2681 esi-specta-

252 2687 375 2718 tionem.

295 2740 333 2769 15
358 2737 486 2780 Latius]
522 2737 631 2773 Codd.
647 2739 812 2782 nonnulli,
828 2741 952 2774 elatius.

702 185 844 217 No'rAE
885 184 1148 218 VARlORUM
1190 187 1237 218 ΙΝ

1001 281 1108 311 Clark.
1145 282 1290 314 Quinam
1307 281 1354 312 illi
1371 280 1514 312 Codices
1530 283 1620 316 sunt,
1641 280 1697 322 qul

999 333 1110 363 elatius
1125 332 1292 370 liabeaut‚·>
1310 333 1409 362 velim
1432 331 1579 362 edoceri.
1626 331 1698 370 Ego

1000 382 1107 412 nullos
1123 383 1192 412 scio
1207 393 1214 415 ;
1240 387 1273 412 at
1292 383 1507 414 Ciaccouiuin
1526 382 1624 412 malle
1639 381 1702 412 ela-

999 431 1061 460 tius
1076 431 1128 462 hic
1145 437 1178 462 et
1197 441 1251 463 ιιι.
1269 435 1320 463 76.
1344 435 1352 448 ‘
1367 433 1465 463 latius
1483 432 1700 472 inflatiusque

1000 478 1088 510 fania
1116 481 1373 520 percrebuerat*
1404 492 1445 513 cx
1473 483 1637 513 Cicerone
1664 480 1699 512 in

1003 530 1138 560 Rullum
1167 540 1206 562 ιι.
1229 533 1238 548 ‘
1259 532 1391 564 Quibus
1424 532 1524 562 rebus
1554 532 1633 562 elau
1665 534 1701 562 et

1001 579 1131 610 inflati)
1175 581 1323 621 Vulgata
1347 591 1412 612 non
1441 588 1491 613 est
1516 582 1701 612 sollicitan-

1001 630 1065 660 da:
1094 635 1129 661 et
1145 631 1231 661 male
1257 631 1278 662 l.
1299 640 1353 662 111.
1380 633 1452 663 loco
1472 632 1584 662 elatius
1599 632 1700 672 vulgo

999 680 1136 718 editur;
1155 686 1189 712 ut
1208 687 1303 721 patet
1320 692 1361 712 ex
1375 690 1397 712 1.
1411 685 1463 712 53.
1481 683 1488 698 ‘
1504 683 1589 713 Haec
1603 680 1704 712 Afra-

1001 731 1075 761 nius
1098 732 1323 772 Petreiusque
1347 732 1502 772 pleniora
1526 731 1629 762 etiam
1652 734 1702 762 at-

1002 790 1065 821 que
1081 782 1236 812 uberiora
1252 781 1393 812 Romani
1411 781 1451 811 ad
1472 790 1548 811 suos
1562 780 1705 820 perscri-

1003 830 1162 861 bebant:’
1184 841 1224 862 ex
1253 831 1374 872 quibus
1402 832 1513 861 verbis
1540 831 1637 861 simul
1665 830 1704 861 li-

1002 886 1085 921 quet
1102 891 1167 912 non
1185 882 1386 912 audiendum
1402 891 1473 912 esse
1497 881 1536 912 P.
1554 880 1702 911 Fabrum

1000 931 1034 960 iu
1061 932 1203 962 Semest.
1229 940 1254 962 1.
1278 934 1331 962 22.
1360 930 1597 971 praeferentem
1620 939 1704 970 pra·-

1000 980 1165 1019 scribcbat,
1181 981 1214 1011 id
1233 987 1295 1019 est,
1312 987 1411 1017 ante3
1440 986 1477 1011 ut
1501 985 1552 1010 cst
1577 980 1610 1010 iu
1634 980 1702 1011 Ms.

1001 1030 1146 1070 Brantii‚
1163 1031 1258 1062 Leid.
1277 1041 1343 1063 sec.
1361 1036 1396 1062 et
1413 1031 1498 1062 Ed'd.
1516 1040 1574 1071 pp.

1046 1089 1149 1111 xvni.
1166 1085 1184 1111 5
1212 1082 1389 1122 Complures
1405 1085 1557 1122 praeterea
1575 1080 1705 1122 Hispali

993 1129 1158 1167 faciendas
1179 1131 1314 1170 curarit]
1351 1131 1389 1162 In
1406 1131 1515 1162 tribus
1536 1130 1635 1161 Mstis
1651 1135 1705 1162 est

1001 1181 1034 1211 in
1066 1181 1207 1221 Hispali,
1234 1191 1332 1222 quain
1363 1183 1518 1212 voculam
1548 1181 1637 1212 Scal.
1668 1186 1704 1212 ct

1002 1231 1094 1271 Lips.
1117 1236 1379 1271 expunxerunt:
1405 1241 1445 1261 nn
1471 1236 1577 1270 recte,
1602 1231 1705 1262 ambi-

1003 1290 1065 1321 go;
1096 1291 1173 1312 nam
1197 1291 1288 1321 saepe
1316 1282 1402 1312 solet
1427 1284 1541 1313 Caesar
1567 1280 1702 1311 urbium

1001 1333 1191 1363 nominibus
1205 1333 1333 1363 addere
1347 1333 1616 1373 praepositiones.
1638 1332 1703 1363 Sed

1003 1387 1116 1414 tamen
1141 1384 1208 1414 tale
1235 1384 1428 1423 exemplum
1453 1383 1600 1414 nondum
1624 1383 1704 1423 legi.

1007 1433 1141 1464 Vossius.
1187 1435 1268 1465 Mss.
1292 1443 1407 1464 onmes
1433 1438 1468 1464 et
1494 1438 1577 1464 vett.
1604 1433 1704 1464 editt.

1002 1483 1033 1514 in
1062 1484 1202 1524 Hispali,
1229 1489 1355 1524 praeter
1379 1484 1521 1515 Norvic.
1549 1483 1606 1524 qui
1632 1493 1704 1515 cor-

1003 1539 1103 1575 rupte
1129 1534 1268 1566 exhibet
1293 1535 1326 1565 in
1350 1533 1519 1574 Hispania.
1565 1535 1706 1575 Praepo·

1002 1585 1159 1616 sitionem
1177 1585 1334 1615 delevere
1358 1585 1393 1616 J.
1410 1585 1544 1625 Lipsius
1567 1587 1604 1615 et
1628 1585 1703 1617 Jos.

1002 1637 1166 1676 Scaliger,
1191 1640 1227 1667 et
1258 1645 1337 1666 saue
1370 1646 1455 1667 rarae
1486 1641 1562 1666 sunt
1589 1636 1705 1676 liujus-

1003 1687 1093 1717 modi
1122 1687 1322 1718 locutiones.
1374 1687 1556 1717 Terentius
1587 1691 1702 1717 tamen

1003 1737 1089 1767 Eun.
1114 1742 1254 1767 act.1n.
1279 1746 1328 1767 sc.
1345 1739 1375 1766 4.
1392 1739 1422 1766 l.
1444 1739 1453 1754 ‘
1471 1736 1554 1767 Heri
1576 1736 1704 1777 aliquot

1004 1786 1250 1819 adolescentuli
1279 1787 1406 1818 coimus
1435 1788 1464 1816 in
1495 1787 1640 1826 Piraeco,
1668 1786 1705 1818 in

1001 1837 1090 1867 hunc
1108 1837 1197 1867 diem
1215 1842 1250 1867 ut
1267 1837 1310 1867 de
1335 1837 1504 1876 Symbolis
1529 1836 1703 1868 essemus.'

1004 1886 1072 1916 Ubi
1091 1887 1245 1917 Donatus
1263 1886 1310 1917 ait
1324 1887 1333 1902 ‘
1349 1886 1575 1917 consensimus
1591 1895 1630 1917 ac
1648 1895 1706 1927 pe-

1003 1937 1161 1976 pigimus,
1185 1946 1227 1967 ne
1243 1937 1288 1968 sit
1304 1937 1516 1968 Soloecismus
1540 1937 1571 1967 iu
1598 1938 1704 1968 Piroeo

1004 1997 1064 2026 pro
1094 1988 1125 2017 in
1157 1987 1330 2018 Piraeum.’
1378 1988 1454 2019 Non
1485 1997 1536 2018 me
1568 1988 1704 2029 quidem

1001 2038 1101 2078 fugit,
1147 2039 1345 2069 Ciceronem
1378 2039 1419 2069 ad
1452 2039 1558 2070 Attio.
1592 2039 1703 2079 Epist.

1004 2097 1068 2118 vn.
1087 2092 1116 2119 3.
1135 2098 1176 2119 ex
1193 2089 1354 2119 Terentio
1370 2089 1508 2120 laudare
1532 2090 1541 2106 ί
1556 2089 1626 2119 lieri
1647 2089 1705 2120 ali-

1004 2142 1085 2178 quot
1111 2139 1355 2170 adolescentuli
1383 2141 1508 2170 coimus
1534 2140 1566 2170 in
1596 2141 1705 2171 Pirae-

1003 2192 1100 2225 euin,'
1128 2189 1187 2218 scd
1217 2190 1379 2220 memoria
1407 2190 1519 2230 lapsus
1542 2189 1704 2229 videtur3

1004 2240 1144 2270 alteram
1162 2240 1248 2270 cuin]
1266 2240 1445 2271 lectionem
1463 2249 1576 2271 omnes
1595 2240 1704 2271 Codd.

1004 2296 1266 2330 repiwscntant,
1281 2300 1421 2331 eamque
1441 2290 1630 2321 necessario
1654 2299 1706 2321 re-

1005 2341 1177 2372 tinendam
1195 2341 1327 2372 censuit
1352 2339 1581 2371 eruditissima
1599 2338 1704 2370 faemi-

1004 2401 1119 2422 narum
1147 2390 1247 2422 Anna
1278 2391 1440 2421 Daceria.
1485 2390 1570 2421 Cum
1600 2389 1704 2430 igitur

1004 2442 1119 2472 Caesar
1135 2441 1241 2471 soleat
1265 2440 1394 2470 urbium
1413 2440 1602 2471 nominibus
1619 2449 1704 2480 prae·

1003 2491 1190 2531 positiones
1216 2490 1354 2526 addere,
1382 2495 1478 2520 vetus
1507 2489 1610 2520 lectio
1635 2498 1703 2521 non

1003 2545 1056 2572 est
1072 2542 1263 2582 rejicienda.
1289 2541 1398 2571 Daris.
1444 2540 1526 2570 Mas.
1542 2545 1577 2570 et
1593 2539 1702 2571 Editt.

1002 2597 1087 2622 vett.
1105 2591 1136 2621 in
1156 2591 1300 2631 Hispali.-
1334 2600 1408 2631 «μαι».
1434 2589 1560 2620 locutio
1583 2599 1603 2619 a
1630 2590 1704 2621 Cae-

1003 2641 1084 2672 saris
1128 2640 1373 2673 consuetudine
1418 2649 1484 2670 non
1529 2638 1701 2671 abhorret.

1006 2691 1112 2721 Clark.
1158 2691 1196 2721 In
1223 2690 1353 2731 Hispali
1381 2690 1484 2721 etiam
1513 2692 1703 2729 agnoscunt

1003 2741 1069 2773 mei
1085 2739 1229 2774 Codices
1244 2740 1287 2773 ad
1301 2749 1415 2773 unum.
1447 2741 1523 2774 Quo
1537 2746 1702 2772 consensu
