1850 3109
547 188 607 217 nn
642 186 756 214 u'rA
787 184 918 213 sunu
954 183 1185 213 cassinis.
1474 172 1584 213 1739

137 291 245 328 teret,
266 289 331 320 aut
349 282 460 318 ferrct
481 280 675 317 auxilium.
736 278 833 315 Nam
858 277 885 313 si
909 276 1062 313 forsitan
1093 275 1337 312 ⁹¹transscrre
1359 289 1431 312 nou
1454 284 1585 324 posset

135 346 359 397 reipublicae
381 345 538 393 negotiis
558 350 786 393 occupatus,
825 343 913 378 sutis
938 340 1169 389 abundeque·
1203 339 1273 374 illis
1309 352 1386 374 csse
1418 340 1583 386 pra->ulii

136 411 173 447 in
193 410 307 446 solius
329 409 518 445 exercitus
542 409 650 451 fauna,
685 421 772 456 qua·
805 413 892 455 post
926 405 1119 442 ‹levit-turn
1150 403 1432 447 ”Arioiwtum
1469 409 1584 451 atque

137 473 310 510 ultimum
334 473 405 508 hoc
428 472 600 520 praelium
621 471 856 514 conset-trun,
890 476 965 505 tam
1002 470 1076 505 late
1109 481 1176 517 per
1207 475 1370 504 extruant-11
1402 465 1586 503 ⁹³Galliae

135 537 274 574 diffusa
296 542 405 581 esset,
432 544 472 571 ut
496 536 568 572 sub
589 535 671 581 ejus
699 535 831 571 umbra
853 533 1014 570 nominis
1038 539 1139 568 tutos
1159 545 1198 568 se
1218 545 1298 567 esse
1321 544 1430 579 posse
1464 528 1586 566 confi—

136 599 293 637 derent:
326 599 493 636 Navium
517 613 606 637 vero
626 599 673 636 ad
696 599 891 635 transitum
914 597 1057 633 affatim
1080 596 1149 633 sibi
1171 610 1252 632 esse
1274 609 1344 631 uon
1376 594 1586 631 dubitaret.

138 664 183 700 Et
206 664 335 700 Caesar
356 664 397 699 iis
419 663 572 713 quidem
594 663 642 699 (le
664 662 784 699 causis
813 675 856 697 ac
893 660 1052 696 l'ortasse
1086 659 1166 695 aliis
1202 659 1400 695 transitum
1427 663 1587 706 exopta-

140 727 227 764 bat:
259 726 326 764 sed
348 727 505 763 transire
528 727 690 763 naribus
711 738 835 774 neque
857 725 946 761 satis
969 730 1106 767 tutum,
1128 735 1250 771 neque
1275 723 1329 757 vel
1353 721 1422 757 -ibi
1443 720 1500 757 vel
1520 733 1589 770 po-

138 791 230 841 pulo
260 792 436 828 Romano
465 791 556 828 satis
587 789 841 827 honorificum
866 788 1098 837 judicabat:
1148 787 1395 834 animumque
1424 784 1511 821 ideo
1538 783 1589 821 ad

135 861 363 892 structuram
385 855 508 904 pontis
542 855 767 898 intenderat,
802 853 949 890 tametsi
983 851 1249 888 difficultatem
1286 849 1488 886 maximam
1522 846 1591 885 flu-

140 918 247 956 minis
280 919 444 968 impetus
474 918 792 966 profunditasque
828 923 865 953 et
903 915 1065 952 latitudo
1099 912 1408 963 praetenderent:
1437 910 1506 949 sed
1536 910 1589 948 nil

138 982 353 1020 volentibus
380 982 566 1019 arduum:
616 982 804 1031 disposuit
842 979 1083 1028 firmavitque
1124 979 1181 1016 vel
1222 977 1325 1014 nullo
1356 976 1471 1014 modo
1499 975 1590 1020 alio,

139 1044 196 1083 vel
217 1053 334 1095 ponte
357 1046 538 1083 transire:
574 1045 740 1092 vicitque
769 1056 918 1080 omnem
948 1055 1074 1079 rerum
1095 1042 1383 1091 perplemtatem
1403 1038 1591 1089 operosis-

137 1109 221 1146 simi
242 1116 357 1158 atque
378 1108 632 1145 ardentissimi
653 1108 759 1144 ducis
779 1107 964 1144 industria
985 1113 1102 1155 atque
1121 1103 1457 1154 obsequentissimi
1470 1102 1589 1140 durus

136 1173 246 1210 labor
278 1172 479 1210 exercitus.
536 1172 657 1208 Ponte
695 1171 810 1220 igitur
842 1170 945 1207 brevi
975 1176 1146 1219 tempore
1176 1170 1271 1205 mira
1300 1175 1380 1205 arte
1417 1166 1592 1217 perfecto

137 1235 304 1274 traduxit
324 1241 487 1272 armatas
508 1234 688 1285 legiones.
746 1233 975 1283 Primusque
996 1234 1270 1277 Romanorum,
1291 1231 1390 1268 sicut
1403 1231 1592 1280 scriptum

138 1305 208 1343 est,
230 1300 444 1337 Germanos
472 1299 536 1349 qui
571 1306 673 1336 trans
695 1298 873 1335 Rhenum
906 1296 1091 1341 incolunt,
1122 1308 1334 1347 aggressus,
1363 1294 1593 1332 ⁹⁴maximas

137 1363 266 1401 effecit
303 1362 501 1400 cladibus:
533 1363 600 1400 sed
638 1375 776 1411 sequor
812 1360 998 1398 ordinem.
1057 1359 1240 1398 Praesidio
1279 1358 1511 1396 validissimo
1543 1357 1593 1394 ab

139 1434 301 1478 utraque
320 1428 448 1478 pontis
469 1433 577 1477 parte
598 1426 782 1469 dimisso;
815 1425 959 1475 primus
980 1425 1031 1462 illi
1052 1431 1142 1474 post
1171 1423 1294 1461 Rheni
1328 1422 1524 1460 transitum
1554 1421 1592 1458 in

138 1492 356 1531 Sicambros
390 1491 463 1528 fuit
495 1491 673 1540 impetus,
708 1489 794 1540 [71]
823 1488 888 1538 qui
921 1488 1086 1538 superbe
1121 1487 1284 1526 Romani
1316 1486 1411 1524 fines
1445 1485 1594 1536 imperii

138 1557 276 1594 Rheno
292 1569 402 1593 amne
424 1555 752 1604 praescripserant.
809 1555 858 1591 Et
878 1553 1051 1603 pergenti
1070 1553 1274 1590 multarum
1294 1551 1446 1589 urbium
1478 1550 1595 1600 legio-

142 1633 208 1657 nes
235 1625 484 1657 occurrerunt
513 1618 719 1655 amicitiam
750 1629 968 1667 pacemque
997 1617 1223 1667 petentium,
1254 1616 1396 1666 quibus
1417 1614 1594 1652 omnibus

142 1684 303 1734 benigne
341 1682 577 1732 respondens
614 1683 745 1729 Cagsar
776 1680 930 1718 obsides
962 1680 1177 1731 imperavit.
1235 1679 1420 1717 Sicambri
1451 1684 1593 1722 autem,

141 1754 181 1785 ut
207 1754 266 1785 est
290 1759 429 1796 magua
450 1759 534 1795 pars
555 1745 751 1782 hominum
773 1744 899 1781 verbis
921 1757 1035 1794 quam
1057 1744 1168 1781 factis
1188 1743 1408 1786 animosior,
1431 1755 1521 1779 mox
1542 1741 1596 1779 in·

141 1811 243 1862 cepti
263 1812 364 1848 fama
384 1812 510 1860 pontis
542 1808 686 1853 audita,
722 1807 962 1858 quorundam
996 1808 1062 1856 qui
1102 1807 1205 1856 apud
1240 1819 1305 1843 eos
1334 1806 1593 1850 versabantur,

143 1875 284 1925 quibus
302 1876 474 1912 Romana
495 1873 622 1911 notior
641 1873 762 1910 virtus
782 1879 875 1916 erat,
910 1871 1070 1909 consilio
1100 1877 1215 1921 atque
1235 1870 1403 1913 hortatu,
1435 1868 1595 1907 desertis

143 1939 301 1977 urbibus
332 1952 420 1976 cum
455 1937 617 1975 fortunis
648 1937 723 1974 suis
757 1937 936 1974 omnibus
958 1936 994 1972 in
1014 1934 1241 1972 solitudines
1261 1947 1305 1970 ac
1328 1934 1509 1970 silvarum
1541 1932 1599 1970 in-

142 2004 281 2041 teriora
315 2001 579 2051 confugerant.
637 2001 766 2038 Caesar
787 2001 860 2037 hoc
895 1999 1041 2049 pridem
1069 1999 1219 2035 tardum
1253 2003 1290 2034 et
1323 1996 1476 2033 difficile
1509 1997 1598 2034 belli

142 2080 261 2117 genus
280 2073 471 2116 expertus,
491 2073 530 2103 et
550 2067 637 2115 plus
657 2064 763 2102 taedii
790 2064 876 2101 ⁹⁵iis
898 2077 1011 2113 quam
1034 2061 1204 2113 periculi,
1235 2067 1384 2109 tempus
1416 2060 1598 2097 inutiliter

144 2143 219 2168 non
252 2128 286 2153 ⁹⁶
299 2130 503 2167 tenendam
524 2130 665 2167 statuit.
725 2128 954 2166 Pervastatis
975 2140 1065 2175 ergo
1087 2126 1174 2163 vicis
1203 2125 1392 2174 rebusque
1415 2124 1596 2168 hostium,

145 2207 223 2244 quo
245 2193 303 2230 vel
320 2193 458 2231 ferrum
481 2193 606 2242 potuit
626 2193 686 2229 vel
720 2192 873 2229 flamma
893 2191 1119 2240 pertingere,
1140 2188 1189 2226 ad
1210 2189 1347 2232 Ubios,
1380 2189 1453 2225 hoc
1470 2193 1528 2225 est
1545 2188 1596 2225 ab

145 2257 322 2295 hostibus
355 2257 402 2293 ad
431 2257 574 2293 amicos
605 2255 753 2292 transiit
785 2261 1008 2303 expectatus
1045 2260 1161 2302 atque
1194 2258 1371 2300 optatus:
1403 2250 1496 2287 9⁷ad
1533 2263 1598 2288 eos

147 2334 235 2359 vero
268 2334 414 2358 moram
445 2321 610 2365 trahens,
643 2319 887 2369 propositum
921 2324 959 2354 et
994 2316 1153 2354 consilia
1185 2317 1396 2352 Suevorum
1431 2315 1597 2352 didicit:

146 2397 193 2422 ea
210 2390 317 2422 erant
336 2384 620 2434 hujuscemodi.
677 2386 853 2433 Accepto
873 2382 975 2420 enim
1007 2381 1164 2418 transitu
1195 2381 1468 2423 Romanorum,
1500 2391 1598 2428 quo·

148 2461 231 2485 rum
255 2447 353 2484 fama
384 2448 532 2485 virtutis
561 2447 642 2496 jam
666 2453 808 2484 cuncta
827 2445 1099 2495 compleverat,
1123 2444 1276 2481 nuntios
1297 2443 1345 2480 ad
1366 2456 1498 2480 omnes
1519 2454 1597 2479 suae

147 2512 270 2562 gentis
291 2511 594 2560 circumquaque
623 2510 733 2547 ⁹⁸diu
753 2516 952 2547 rexerant:
984 2521 1101 2545 unum
1136 2508 1312 2544 omnibus
1343 2513 1596 2557 praeceptum,

191 2620 230 2649 91
269 2618 382 2656 Forte,
406 2617 578 2655 transferre
599 2620 729 2648 se.—92
765 2618 870 2657 Lege,
903 2615 1196 2647 Ariovistum—93
1221 2615 1338 2650 Forte,
1369 2609 1599 2642 Germania».—

150 2674 192 2704 94
214 2672 328 2710 Forte,
348 2672 495 2702 maximis
521 2671 724 2712 affecit.-—-95
753 2671 868 2712 Forte,
896 2672 1057 2702 essm-96
1084 2668 1188 2709 Lege,
1216 2665 1471 2698 terendum—97
1496 2662 1600 2702 Lege,

151 2724 327 2763 apud.—98
350 2725 466 2764 Forte,
479 2724 671 2757 direxerant·
