1850 3109
460 188 667 232 cna-63.
701 199 796 228 mn.
830 198 892 228 nn
927 198 1083 227 nunno
1116 198 1269 229 Anax.

136 297 238 330 fuisse
273 297 467 338 conjuratos
493 303 612 327 omnes
642 293 834 332 Italicenses,

130 349 203 381 n've
219 348 354 386 notice,
375 356 448 388 quae
475 350 527 378 est
554 345 634 376 urbs
660 345 833 385 Hispaniae

130 399 287 437 Raeticae,
302 402 409 436 natos,
424 396 484 427 scd
500 405 541 426 ex
560 396 717 426 Romanis
732 399 834 435 ortos,

132 453 169 480 et
185 448 379 487 municipes.
424 446 532 477 Immo
549 445 675 476 diserte
694 445 834 477 Munatii

134 499 239 530 Flacci
255 496 379 528 mentio
395 495 433 527 fit
450 496 483 526 in
501 496 542 527 B.
561 496 706 537 Hispan.
744 495 833 527 Vide

129 549 267 581 omnino
284 549 357 580 Cel.
376 547 488 579 Periz.
515 548 553 579 T.
571 557 620 578 xv.
649 548 760 588 Epist.
790 548 833 578 ab

132 600 182 632 Cl.
199 600 315 631 Burni.
330 598 496 630 editarum
523 610 555 640 p.
577 602 651 630 788.
668 608 744 630 cum
769 607 833 640 quo

125 650 183 682 hle
198 649 327 680 Flaccus
343 649 489 680 restitui.

173 703 211 732 17
235 701 288 732 Ad
302 701 403 741 ipsum
419 700 550 740 incolat]
594 700 723 730 Lovan.
749 698 833 730 Cod.

127 751 193 783 At:
218 755 257 782 ut
271 751 407 781 involare
420 750 491 781 sine
515 748 757 790 praepositione
774 758 831 788 po-

125 805 239 834 natur.
294 802 403 843 quue
427 801 506 833 mihi
535 801 589 831 hic
616 800 721 839 magis
745 799 832 830 adri-

122 852 210 890 siet3
245 851 328 884 licet
357 861 448 892 saepe
474 853 508 882 in
535 851 666 891 aliquem
695 851 833 882 involare

125 906 296 934 occurrat.
360 902 547 942 vulgatum
584 901 719 932 omnino
758 911 834 941 pro-

121 953 264 994 mripsit
290 953 345 984 Ill.
372 953 534 985 Heinsius
560 951 603 983 ad
626 951 727 984 Ovid.
744 952 831 983 Met.

126 1011 209 1035 xiil.
240 1007 313 1036 560.
351 1007 360 1022 ⁸
381 1004 586 1044 Correptnm
616 1003 831 1043 captivarum

124 1053 258 1094 agmine
275 1058 422 1085 matrum
437 1053 596 1085 Involat!

167 1113 246 1136 nn.
264 1107 283 1135 2
306 1104 460 1144 Berones]
501 1104 611 1135 Editt.
629 1105 725 1135 Rom.
742 1104 829 1134 Ven.

123 1154 288 1186 exhibent
308 1155 468 1194 Ver-renes,
480 1164 556 1195 quae
573 1154 710 1195 quidem
728 1154 830 1185 lectio

122 1204 239 1240 favere
263 1204 399 1236 videtur
417 1203 526 1235 Hadr.
542 1203 672 1235 Valesii
694 1203 830 1243 conjec-

124 1259 231 1294 mrae3
263 1255 290 1286 is
318 1255 406 1286 enim
438 1255 471 1286 in
495 1254 664 1286 animadv.
689 1253 732 1286 ad
758 1255 831 1286 Du·

124 1305 235 1346 cangii
261 1306 413 1337 Glossar.
441 1316 475 1346 p.
499 1308 574 1337 221.
602 1306 738 1347 reponit
766 1307 830 1337 Be-

122 1360 209 1389 tones
224 1358 278 1388 vel
299 1357 456 1397 Vettones,
473 1357 530 1398 qui
555 1362 634 1388 sunt
651 1357 828 1398 Hispaniae

124 1407 293 1439 citerioris
311 1408 467 1448 populus.
514 1408 602 1440 Quas
621 1417 699 1439 sane
716 1417 829 1439 emen-

124 1457 218 1489 datio
248 1458 368 1489 melior
395 1463 447 1488 est
473 1457 708 1497 Turncbiana;
741 1457 828 1489 Adr.

125 1508 212 1539 enim
228 1508 408 1540 Turnebus
425 1507 569 1539 Advers.
589 1517 665 1539 nv.
681 1511 732 1540 16.
769 1509 829 1540 Bi·

119 1568 251 1598 gerones
279 1559 449 1590 rescribit.
509 1558 579 1590 Alii
609 1559 746 1591 codices
776 1570 829 1590 re-

122 1613 333 1649 praesentant
362 1609 514 1641 Varrones
539 1609 594 1640 vel
620 1609 773 1650 Bar-ones,
790 1620 828 1641 ac

123 1659 241 1699 procul
272 1659 374 1690 dubio
400 1658 505 1690 falsus
533 1664 585 1690 est
614 1661 828 1692 doctissimus

123 1709 292 1749 Valesius,
316 1709 395 1741 dum
421 1709 583 1741 audacter
605 1716 749 1749 asserat,
773 1720 830 1741 vo-

123 1770 196 1791 cem
213 1760 304 1791 iliam
321 1761 475 1791 ultimam
491 1770 534 1792 ne
549 1761 742 1792 Cassiodori
758 1761 828 1802 qui-

121 1810 198 1843 dem
216 1820 290 1842 aevo
315 1810 418 1842 fuisse
442 1816 570 1850 notam,
587 1821 662 1843 cum
680 1821 753 1842 eam
771 1811 828 1842 ad-

121 1862 237 1894 hibeat
274 1863 394 1894 Cicero
426 1863 520 1893 Fam.
552 1862 662 1903 Epist.
694 1871 745 1893 ix.
773 1865 826 1893 21.

122 1913 132 1939 -‘
147 1912 237 1952 Ine:
261 1913 381 1954 inquit,
403 1912 412 1929 ‘
431 1913 514 1944 baro
531 1916 566 1944 te
580 1913 724 1953 putabat
741 1923 829 1954 quae-

122 1963 277 2004 siturum,
292 1974 394 1995 unum
411 1964 533 1995 coelum
550 1968 640 1994 esset
667 1973 707 1994 an
734 1963 828 1994 iunu-

121 2015 322 2047 merabilia!
382 2015 448 2047 Sed
477 2015 524 2046 ibi
549 2015 719 2046 hominem
745 2016 826 2047 stul-

122 2071 193 2097 tum
219 2071 256 2098 et
281 2066 414 2098 fatuum
441 2067 597 2105 denotat,
613 2067 668 2097 hic
694 2066 760 2097 alia
783 2066 828 2098 sit

122 2121 258 2157 oportet
296 2118 370 2158 ejus
407 2117 623 2158 significatio.
687 2117 826 2148 Persius

121 2166 223 2197 Satir.
238 2175 271 2198 v.
289 2169 363 2198 138.
387 2167 396 2184 ‘
414 2167 517 2206 Baro,
537 2171 749 2208 regustatum
777 2166 826 2197 di-

120 2217 192 2258 gito
209 2217 382 2249 terebrare
398 2218 538 2249 salinum
557 2218 746 2249 Contentus
767 2227 826 2258 pe-

121 2269 239 2309 rages.'
298 2267 370 2299 Ubi
399 2273 497 2299 vetus
533 2267 740 2298 Scholiastes
777 2268 825 2298 sic

119 2319 187 2350 ait:
221 2321 230 2336 ‘
252 2319 382 2359 Lingua
410 2319 585 2350 Gallorum
613 2317 740 2348 barones
771 2318 826 2349 vel

119 2378 246 2400 corones
274 2369 437 2400 dicuntur
465 2369 553 2399 servi
582 2369 739 2407 militnm,
770 2369 826 2410 qui

120 2418 236 2461 ntique
250 2420 439 2450 stultissimi
455 2425 546 2460 sunt,
557 2420 646 2450 servi
663 2419 826 2451 videlicet

119 2471 323 2503 stultornm.’
368 2471 497 2502 Eadem
513 2480 578 2501 vox
594 2471 720 2511 legitur
734 2470 825 2511 apud

121 2520 304 2551 Petronium
334 2522 368 2551 in
398 2520 577 2562 fragment.
611 2521 752 2561 Tragur.
792 2531 824 2561 p.

124 2572 195 2604 131.
219 2571 319 2603 editt.
346 2572 491 2603 Amstel.
518 2574 612 2602 1700.
656 2570 824 2602 Defendit

122 2619 207 2652 hanc
219 2621 400 2653 lectionem
416 2624 494 2654 Pet.
510 2622 662 2654 Pithoeus
676 2622 823 2653 Advers.

123 2679 148 2701 1.
179 2673 210 2702 8.
253 2672 339 2702 Vide
366 2677 402 2703 et
428 2672 508 2704 Jani
535 2673 707 2712 Rutgersii
736 2673 823 2704 Veri.

127 2721 221 2752 Lect.
238 2732 267 2753 c.
283 2725 337 2754 23.
382 2723 492 2754 Duvis.
559 2724 697 2755 Berones
715 2728 767 2755 est
790 2725 824 2754 in

124 2771 207 2802 Mss.
224 2772 368 2804 cunctis.
434 2773 585 2805 Ver-rones
600 2773 663 2805 Ed.
680 2773 823 2806 Mediol.

1477 189 1589 230 1501

884 297 1030 334 qnoque.
1087 292 1229 324 Ramnes
1252 293 1361 325 edidit
1386 294 1590 335 Stephanus.

884 342 972 374 Vide
989 343 1093 374 etiam
1110 343 1252 383 Gyrald.
1267 344 1345 375 dial.
1360 346 1411 376 12.
1428 345 1466 375 T.
1483 348 1513 375 2.
1530 347 1590 377 Tb.

886 394 971 426 Crit.
989 399 1024 425 ct
1039 394 1140 425 viros
1163 394 1281 426 doctos
1306 395 1347 426 ad
1378 395 1533 427 Ciceron.
1550 397 1591 427 ad

885 443 961 476 Att.
990 446 1053 485 Ep.
1078 453 1113 475 v.
1133 448 1185 476 ll.
1209 447 1217 462 ‘
1233 445 1338 486 Apud
1356 446 1541 477 Patronem
1558 453 1593 477 et

887 495 1035 536 reliquos
1053 495 1197 527 barones
1215 501 1250 528 te
1266 495 1300 527 in
1317 497 1466 528 maxima
1483 497 1591 537 gratia

885 547 1003 587 posui.'

927 601 947 628 G
973 598 1051 632 Quoe
1070 598 1232 635 jaciebant
1259 599 1295 629 in
1323 599 1446 639 itinere,
1461 598 1593 639 fugiens

882 649 1084 689 opprimitur]
1142 649 1210 681 Ms.
1250 650 1390 681 Norvic.
1419 648 1593 688 jacebunt;

883 699 984 730 editt.
1023 705 1136 730 autem
1175 701 1271 731 Rom.
1303 702 1389 731 Ven.
1429 700 1591 732 Beroald.

881 748 1050 789 stephan.
1066 760 1133 790 quae
1141 750 1348 791 jaciebantur,
1365 750 1397 781 in
1413 751 1526 781 itinere
1535 750 1594 788 fu»

879 800 970 840 giens
997 800 1193 841 opprimitur,
1221 811 1296 842 qnae
1323 801 1460 842 quidem
1489 801 1592 832 lectio

882 854 920 882 et
945 851 1179 892 interpunctio
1206 852 1289 882 mihi
1312 851 1411 882 valde
1429 851 1593 883 arrident.

883 902 994 933 Dacis.
1052 902 1135 933 Mss.
1166 902 1295 934 Eliens.
1321 908 1356 933 et
1384 903 1495 933 Vossii
1518 911 1593 933 cor·

884 952 1152 993 ruptejacebant.
1184 952 1271 984 Edd.
1289 953 1420 994 aliquot
1432 953 1592 992 Veteres,

877 1003 1111 1044 jaciebantur,
1129 1003 1161 1034 in
1176 1004 1289 1034 itinere
1297 1004 1430 1043 fugiens
1444 1003 1592 1044 opprimi—

882 1057 950 1085 tur.
997 1054 1106 1086 Quam
1123 1054 1306 1086 lectionem
1331 1058 1366 1085 et
1393 1054 1591 1094 interpunc-

884 1105 1010 1136 tionem
1027 1104 1153 1145 probat
1170 1105 1343 1136 Davisius.
1399 1105 1507 1135 Favet
1524 1104 1591 1136 Ms.

884 1156 1021 1195 Regius,
1039 1156 1096 1196 qui
1119 1155 1224 1187 habet
1239 1156 1360 1186 itidem
1377 1154 1590 1193 jaciebantur.

885 1205 993 1235 Clark.
1026 1209 1062 1235 et
1078 1205 1196 1235 Lot-an.
1252 1205 1299 1235 At
1327 1215 1409 1235 vcro
1435 1205 1515 1246 quid
1539 1210 1593 1235 est

881 1255 1015 1296 opprimi
1026 1256 1109 1286 inter
1117 1265 1207 1294 saxa,
1218 1265 1284 1296 quoe
1289 1255 1454 1294 jaciuntur
1464 1253 1479 1286 22
1496 1254 1593 1286 Saxis

882 1305 1000 1338 debuit
1025 1306 1091 1337 dici
1118 1306 1174 1337 vel
1200 1316 1258 1346 per
1283 1316 1373 1346 saxa,
1399 1306 1459 1338 sed
1475 1311 1592 1337 errant

883 1357 946 1388 viri
971 1357 1075 1389 docti.
1117 1357 1271 1388 Jacebant
1289 1362 1340 1389 est
1367 1357 1399 1388 in
1426 1357 1548 1388 Petav.
1572 1366 1592 1387 a

880 1419 924 1440 m.
945 1418 997 1449 pr.
1023 1409 1148 1449 Scalig.
1176 1407 1416 1447 Leidensibus,
1444 1407 1539 1439 Voss.
1555 1412 1592 1438 et

882 1459 1029 1490 Dorvill.
1057 1463 1159 1500 atque
1176 1458 1226 1489 ita
1243 1458 1421 1490 Goduinus
1446 1458 1479 1488 in
1503 1458 1590 1490 Mss.

881 1509 1025 1540 Gallicis
1040 1510 1216 1541 inventum
1231 1509 1403 1551 probavit.
1442 1509 1590 1541 Omnino

881 1560 980 1592 bene.
1026 1561 1207 1601 Inpeditus
1234 1561 1338 1601 saxis,
1366 1571 1441 1602 quae
1470 1561 1504 1591 in
1535 1561 1590 1591 iti-

880 1621 961 1642 nere
972 1612 1150 1652 jacebant,
1166 1616 1202 1643 et
1218 1613 1306 1643 inter
1320 1612 1379 1642 illa
1395 1611 1474 1642 dum
1490 1610 1591 1652 fugit,

880 1663 1042 1693 vacillans
1059 1662 1272 1704 opprimitur.
1317 1661 1534 1699 Jaciebantm,
1556 1661 1590 1692 in

880 1712 917 1743 it.
967 1713 1094 1744 habent
1142 1713 1246 1744 etiam
1289 1713 1430 1744 Vascos.
1468 1711 1590 1751 Aldus,

880 1762 1014 1803 Gryph.
1032 1763 1184 1794 Plautin.
1202 1763 1249 1794 ita
1266 1767 1305 1794 ut
1320 1768 1398 1794 ante
1416 1763 1536 1804 scalig.
1554 1763 1590 1794 iu

880 1814 971 1844 nullo
999 1815 1043 1844 sit
1060 1813 1234 1853 jaciebant.
1281 1814 1365 1845 Mox
1389 1815 1430 1845 ad
1454 1815 1589 1853 domum,

880 1864 969 1905 quod
986 1865 1131 1895 extabat
1157 1869 1236 1895 ante
1254 1865 1414 1895 Ursinum
1439 1866 1473 1895 in
1500 1865 1590 1897 Edd.

878 1913 973 1953 Aldi,
989 1914 1150 1955 Gryphii,
1168 1914 1284 1945 Plant.
1307 1919 1342 1945 et
1368 1915 1454 1953 aliis,
1469 1913 1590 1945 confir-

879 1970 992 1994 matur
1017 1974 1036 1994 a
1063 1964 1292 2002 Lovaniensi3
1316 1964 1365 1994 uti
1383 1970 1417 1994 et
1435 1964 1515 1995 alibi
1533 1964 1590 1995 ad-

879 2014 971 2046 ditur
987 2015 1199 2055 praepositio.
1256 2015 1385 2045 Verum
1410 2024 1486 2045 cum
1504 2024 1523 2045 a
1539 2024 1589 2046 re-

877 2065 978 2107 liquis
1007 2066 1090 2097 Mss.
1116 2065 1219 2105 absit,
1235 2070 1271 2096 et
1299 2065 1422 2096 subdat
1447 2066 1487 2096 ad
1509 2075 1590 2104 eum,

877 2117 1004 2148 rectius
1026 2126 1090 2158 ego
1123 2126 1260 2158 quoque
1284 2116 1497 2157 subintelligi
1528 2125 1589 2157 pu·

877 2172 922 2199 to.

922 2221 960 2250 13
987 2219 1085 2249 Nemo
1101 2219 1181 2250 enim
1195 2218 1227 2249 in
1240 2218 1403 2259 provincia
1418 2216 1524 2257 natus]
1546 2217 1589 2248 In

878 2269 972 2300 Msto
990 2269 1130 2300 Norvic.
1156 2274 1209 2300 est
1233 2279 1319 2299 nemo
1335 2271 1438 2299 autem
1461 2269 1493 2299 in
1516 2278 1587 2308 pro-

877 2320 979 2350 vincia
1006 2323 1119 2356 nutus;
1157 2319 1254 2350 editt.
1288 2319 1386 2350 Rom.
1412 2319 1496 2349 N‘en.
1520 2320 1587 2350 Be-

876 2371 983 2402 roald.
999 2381 1085 2402 nemo
1098 2371 1179 2402 enim
1194 2373 1249 2400 aut
1264 2370 1296 2400 in
1309 2370 1469 2410 provincia
1484 2373 1587 2409 uatus,

876 2430 939 2452 nec
967 2421 1051 2459 scio,
1088 2430 1192 2461 quare
1224 2420 1345 2451 vocula
1376 2420 1434 2450 illa
1466 2424 1588 2450 contra

876 2481 992 2502 earum
1007 2471 1110 2502 fidem
1126 2471 1312 2511 rejiciatur.
1347 2470 1461 2501 Dat-is.
1518 2472 1585 2501 Aut

875 2523 907 2552 in
928 2532 1017 2562 pror.
1066 2521 1121 2552 Sic
1141 2522 1225 2552 Mss.
1245 2521 1331 2561 Reg.
1349 2526 1382 2550 et
1401 2520 1524 2558 vossii,
1549 2524 1584 2551 et

875 2572 962 2603 Edd.
984 2572 1080 2603 Vett.
1127 2571 1266 2611 Vulgati
1286 2572 1392 2600 minus
1410 2571 1585 2609 eleganter

875 2623 1037 2654 omittunt
1052 2625 1118 2653 aut.
1158 2622 1267 2653 Clark.
1312 2621 1378 2651 Aut
1397 2624 1584 2660 agnoscunt

876 2674 958 2705 Mss.
990 2683 1105 2705 omnes
1137 2677 1173 2703 et
1207 2671 1294 2702 Edd.
1327 2672 1420 2700 Yett.
1457 2674 1584 2709 praeter

877 2724 955 2756 Ald.
970 2725 1106 2755 Manut.
1125 2722 1276 2753 Plantiu.
1294 2726 1328 2750 et
1346 2729 1440 2759 seqq.

918 2777 956 2805 15
984 2774 1056 2805 Non
1069 2782 1137 2804 cum
1153 2771 1250 2812 omni]
1288 2769 1447 2801 Mutilum
1465 2774 1585 2802 censet
