1893 3109
266 175 382 220 1414

264 284 315 324 loe,
337 283 481 315 celebris
498 284 540 315 dc
556 294 590 314 re
607 285 746 316 Rustica
774 287 967 327 scriptoris,

263 342 398 365 nomen.
438 336 547 366 Daris.
603 336 779 367 Colum-lm
795 344 847 368 est
864 338 966 370 etiam

263 384 297 415 in
314 383 400 416 Cod.
420 384 516 414 voss.
543 390 575 414 et
609 385 693 415 Edd.
722 386 860 417 Mediol.
885 388 966 417 Vas-

262 443 332 466 co8.
360 434 398 465 R.
417 435 534 475 Stcpli.
555 436 683 475 Giypli.
713 441 837 474 poster.
862 442 966 477 atquc

260 483 296 516 id
313 494 446 525 quoque
465 486 611 524 ρι’-«11111111
629 486 810 516 Gruterus.

304 538 323 566 7
349 535 419 566 Hus
434 536 516 565 inter
531 546 562 565 se
574 537 723 575 capreolis
739 538 821 568 molli
828 537 966 577 fastigio

259 586 463 625 conjungunt]
511 588 653 627 capreoli
677 594 755 619 sunt
779 588 967 629 συγκύπται,

258 637 330 666 sive
347 637 437 675 ligna
464 638 496 667 in
525 638 589 667 iun)
611 638 808 679 divaricata,
824 650 964 681 quorum

259 688 398 727 fastigia
425 690 697 729 committuntur,
724 696 759 722 et
791 693 964 723 canterius

257 739 438 770 sustinent.
486 740 616 770 Nomen
642 742 754 772 sortiti
772 742 928 773 videntur
945 753 964 772 a

257 791 439 830 capreolis.
457 791 513 831 qui
529 791 678 822 adversis
702 793 860 823 cornibus
887 803 964 823 con-

257 847 419 872 currunt:
455 851 530 872 113111
561 841 729 881 tignorum
756 844 888 883 specics
915 844 963 875 ita

257 890 485 929 procumbens
525 891 630 922 refert
669 894 764 933 quusi
802 894 962 924 cornibus

257 945 429 970 certantes
453 951 584 982 capros
640 944 725 973 Nam
750 944 882 974 illorum
906 944 964 974 stm-

257 988 320 1020 dus
351 999 456 1029 error,
487 991 541 1031 qui
575 992 650 1022 linie
683 994 756 1023 loco
788 994 964 1033 applicant

256 1041 431 1079 capreolos
462 1041 549 1078 illos,
579 1042 637 1081 qni
667 1043 783 1073 vitium
815 1043 962 1074 cincinni

256 1093 348 1127 sunt,
384 1099 424 1120 ne
457 1091 644 1122 audiendus
677 1093 837 1133 quidem;
880 1095 962 1125 nihil

255 1139 343 1169 enim
361 1140 416 1171 hic
433 1150 609 1172 commune
627 1152 701 1173 curn
728 1143 795 1174 illis
823 1154 962 1185 capreo-

255 1188 306 1220 lis.
336 1190 471 1221 Vossius.
520 1191 618 1222 Adde
637 1193 796 1225 Ciaccon.

298 1242 335 1269 11
364 1240 545 1274 Quadratus
557 1242 695 1282 regulas]
730 1245 869 1284 Regulae
884 1249 962 1276 sunt

254 1289 387 1321 directa
414 1292 517 1331 ligna,
544 1302 617 1333 quae
644 1293 744 1324 hodie
772 1295 853 1325 latas
877 1295 960 1325 dici-

253 1351 338 1379 mus,
354 1346 495 1372 notante
521 1343 556 1374 J.
581 1343 696 1383 Lipsio
722 1344 870 1375 Poliorc..
898 1345 918 1375 l.
937 1354 960 1376 1.

253 1392 345 1422 Dial.
363 1393 393 1422 9.
419 1391 476 1422 ubi
496 1397 604 1423 totum
632 1393 721 1424 hunc
738 1395 848 1425 locum
866 1404 961 1426 enar-

255 1447 317 1473 rat.
360 1443 457 1473 Rom.
475 1443 560 1474 Ven.
577 1444 735 1474 Beroald.
752 1446 874 1484 tegulas
889 1455 960 1476 cor-

253 1496 353 1533 rupte
371 1498 631 1533 repraescntant.
668 1495 780 1525 Dacis.
829 1496 961 1536 Tegulas

252 1543 353 1573 etiam
372 1544 468 1573 Carr.
484 1549 518 1574 et
532 1544 594 1575 Ed.
610 1545 735 1585 Scalig.
753 1546 852 1577 male.
889 1546 958 1577 Adi

251 1597 287 1624 ct
305 1594 404 1624 Bruti
421 1598 528 1625 notas.

295 1647 334 1675 13
361 1645 414 1675 Ita
434 1644 607 1685 fastigato]
653 1646 709 1677 Sic
736 1651 830 1678 recte
858 1647 956 1679 editt.

250 1694 348 1725 Rom.
365 1694 408 1725 A.
420 1695 465 1725 1).
481 1698 575 1726 1472.
594 1696 718 1726 cumin
736 1697 808 1727 aliis
825 1698 959 1737 legatur

242 1743 428 1783 sastigiato,
449 1745 538 1785 quod
556 1745 697 1776 verbum
714 1756 781 1776 non
797 1752 850 1778 est
868 1748 958 1779 Lati·

248 1804 337 1825 num.
362 1794 449 1825 Vide
464 1800 535 1826 not.
550 1795 591 1825 arl
611 1796 650 1827 13.
665 1797 708 1827 G.
727 1805 766 1827 11.
785 1800 815 1828 8.
839 1798 956 1829 Datis.

250 1844 461 1876 Confirmant
498 1846 584 1876 lianc.
623 1846 828 1886 scripturam
872 1848 956 1880 Mss.

248 1894 372 1926 Pctav.
409 1897 534 1926 Lovan.
573 1896 721 1926 Dorvill.
756 1896 958 1928 subaudien-

249 1946 329 1976 dum
352 1950 465 1976 autem
496 1946 632 1977 videtur
655 1956 728 1977 csse
755 1950 859 1984 tecto;
893 1948 956 1979 nisi

248 1995 471 2026 similitudine
488 1995 680 2026 litterarum
696 1997 752 2027 τοῦ
766 1999 881 2028 structo
898 2008 955 2029 ex-

247 2045 383 2076 ciderit.

293 2098 332 2126 16
356 2094 462 2135 Supra
483 2096 610 2136 lateres]
644 2097 699 2128 Ita
716 2097 845 2128 editum
861 2098 953 2139 prius

247 2146 382 2176 invenio
420 2146 452 2176 in
495 2146 560 2176 Ed.
599 2147 819 2178 l'lantiuiana
858 2151 953 2180 1574.

245 2195 362 2227 Antea
387 2196 555 2227 edebatur
582 2197 701 2237 Super:
737 2198 791 2229 cui
814 2198 953 2230 lectioni

245 2246 472 2287 suffragamur
489 2246 565 2278 libri
593 2248 677 2278 Mss.
704 2258 842 2279 omnes:
875 2258 954 2289 quo-

247 2297 339 2328 circa
355 2297 474 2329 novari
502 2297 585 2328 nihil
611 2299 772 2339 oportuit.
817 2299 857 2330 In
882 2300 954 2331 solo

246 2348 403 2379 Palatino
420 2354 471 2380 est
492 2349 592 2389 Super
606 2349 765 2381 lateribus.
811 2351 876 2382 Sed
893 2350 954 2383 Su·

242 2409 301 2439 per·
327 2403 394 2429 tam
423 2399 642 2439 Accusastvo,
669 2411 768 2442 quain
791 2401 952 2434 Ablativo

239 2450 352 2490 jungi,
367 2451 551 2480 docuerunt
571 2451 653 2480 satis
666 2451 739 2482 Viri
755 2451 860 2482 docti.
884 2451 952 2482 Adi

246 2499 299 2530 Cl.
331 2500 449 2530 Burin.
482 2499 523 2530 ad
556 2501 695 2531 Nemes.
724 2502 798 2533 Ecl.
829 2509 887 2532 111.
919 2506 950 2533 6.

246 2552 254 2567 ‘
275 2551 384 2583 Quem
403 2560 504 2590 super
520 2561 561 2581 ex
580 2552 682 2582 tereti
708 2552 882 2592 pendebat
897 2551 952 2583 fis-

246 2601 319 2631 tula
334 2600 447 2632 ramo.‘
491 2602 595 2633 Ovid.
618 2603 681 2642 Ep.
699 2612 732 2634 v.
752 2607 801 2634 15.
825 2604 833 2620 ‘
851 2604 950 2644 Saepe

246 2660 348 2691 super
384 2660 536 2691 gramen,
571 2650 728 2693 faenoque
755 2654 952 2693 jacentibus

246 2701 338 2732 alto)
386 2702 501 2734 Front.
520 2711 567 2733 ιν.
586 2706 615 2734 3.
631 2706 660 2734 8.
676 2704 684 2720 ⁴
700 2703 811 2744 Super
827 2705 951 2736 nudam

244 2751 394 2784 hunium'
436 2762 492 2786 111.
522 2757 552 2785 9.
584 2756 616 2785 9.
653 2758 662 2770 ⁶
687 2754 796 2796 Super
826 2755 950 2788 fossam

724 191 866 222 No'rAE
900 192 1163 224 VARIORUM
1196 194 1248 224 IN

1018 289 1177 328 pontibus
1194 289 1329 329 injectis
1343 289 1363 320 :’
1388 293 1422 321 et
1440 289 1488 322 sic
1506 289 1643 331 passim.

1062 342 1100 368 19
1126 339 1196 369 1100
1209 350 1284 379 opus
1310 350 1397 371 emme
1419 344 1533 372 tectum
1560 341 1660 373 vineis
1679 343 1721 375 ad

1015 377 1113 427 ifmmn
1126 390 1238 419 turrim
1254 391 1433 431 perficiunt]
1461 391 1518 422 Ait
1532 392 1721 424 musculum

1016 442 1181 469 structum
1196 439 1286 470 intra
1304 441 1414 471 vineas
1431 453 1438 472 z
1464 443 1552 483 quod
1570 442 1642 474 fieri
1660 453 1720 484 po-

1016 490 1103 520 tuit:
1130 500 1204 521 narn
1220 492 1340 531 vinea‘,
1358 500 1394 524 nt
1411 504 1452 523 cx
1466 495 1611 533 Vegetio
1625 495 1722 527 disci-

1016 550 1101 576 mus,
1116 541 1194 570 alta*
1212 547 1309 572 erant
1328 544 1431 582 pedes
1449 550 1546 576 octo:
1578 546 1721 578 musculi

1017 600 1096 620 vero
1114 592 1280 622 columna*
1294 599 1390 623 crant
1407 596 1486 625 alta*
1503 595 1609 635 pedes
1624 596 1721 637 quin·

1016 650 1102 679 que:
1139 640 1189 670 liis
1221 641 1344 672 deinde
1376 643 1522 682 impositi
1555 646 1720 685 capreoli,

1017 690 1071 730 qui
1089 700 1259 721 necessum
1287 696 1340 722 cst
1363 693 1460 723 valde
1479 694 1630 726 inclinati
1647 695 1720 727 fue-

1016 740 1093 779 rint,
1106 740 1228 781 alioqui
1245 742 1410 773 contineri
1431 743 1534 774 viueis
1550 745 1721 777 musculus

1015 791 1208 831 nequisset:
1236 801 1311 822 nuni
1338 792 1424 823 infra
1447 794 1617 825 columnas
1645 794 1720 826 illas

1014 840 1128 870 trabes
1150 841 1313 880 jacebant
1343 842 1528 883 bipedales
1595 844 1719 885 Itaque

1015 891 1180 921 columnae
1196 895 1232 922 et
1249 892 1364 923 trabes
1381 892 1452 923 fere
1479 903 1530 924 vn
1555 894 1658 934 pedes
1675 895 1722 926 al-

1015 945 1059 971 tae
1089 947 1199 980 erant,
1229 951 1312 972 unus
1338 948 1494 982 superest
1521 944 1563 974 ad
1588 949 1719 977 tectum

1015 991 1254 1031 imponendum
1291 994 1454 1023 musculo.
1514 994 1579 1024 Sed
1615 995 1720 1026 credo

1015 1049 1075 1079 ego
1093 1040 1149 1070 illa
1172 1040 1276 1072 verba
1292 1042 1429 1083 Vegetii
1447 1051 1512 1073 nou
1534 1053 1720 1086 usquequa-

1014 1102 1078 1132 que
1097 1101 1175 1122 vera
1190 1102 1274 1129 esse,
1290 1098 1326 1123 et
1343 1098 1533 1125 exstructas
1559 1104 1650 1135 saepe
1675 1095 1719 1127 ab

1014 1141 1176 1172 Romanis
1203 1143 1327 1181 vincas,
1343 1153 1417 1184 qum
1435 1144 1545 1175 octavi
1563 1145 1658 1185 pedis
1673 1146 1720 1176 al-

1013 1189 1192 1222 titudinem
1228 1192 1445 1223 excederent.
1513 1193 1579 1224 Sed
1604 1193 1717 1226 dicere

1012 1239 1133 1279 possis,
1166 1242 1355 1271 musculum
1387 1252 1474 1282 ponc
1513 1243 1625 1275 vineas
1662 1254 1718 1275 ex-

1011 1294 1177 1320 structum
1193 1289 1308 1330 fuisse,
1324 1295 1359 1321 et
1374 1291 1450 1322 ideo
1468 1297 1594 1324 tectum
1609 1293 1717 1326 vineis

1011 1339 1091 1370 dici.
1136 1341 1224 1370 Sane
1240 1350 1303 1380 ego
1316 1350 1380 1371 non
1398 1344 1539 1373 multum
1563 1354 1717 1384 pugnare

1011 1389 1123 1421 veliin.
1181 1390 1406 1421 Nihilominus
1432 1393 1586 1434 sequitur
1613 1404 1718 1434 supra

1010 1440 1126 1470 vineas
1143 1440 1329 1471 musculum
1345 1451 1411 1471 non
1434 1442 1628 1483 eminuisse,
1653 1444 1718 1476 hoc

1010 1494 1075 1530 est,
1085 1490 1208 1531 pedum
1227 1500 1293 1522 vni
1310 1491 1537 1533 altitudinem,
1550 1499 1610 1525 aut
1622 1494 1718 1535 nillil,

1010 1545 1069 1572 aut
1085 1551 1151 1572 non
1178 1543 1320 1573 inultum
1343 1545 1554 1582 excessisse;
1591 1546 1717 1587 alioqui

1010 1593 1226 1632 conspecturi
1237 1603 1312 1624 eum
1324 1594 1556 1626 Massilienses
1571 1594 1716 1628 fucrant.

1015 1643 1149 1675 Vossius.
1209 1644 1342 1684 Lipsius
1374 1645 1450 1676 loco
1479 1646 1616 1678 laudato
1653 1647 1716 1687 ait,

1010 1703 1108 1733 posse
1123 1698 1157 1725 et
1174 1695 1241 1735 legi
1257 1696 1342 1726 tecti.
1399 1696 1585 1736 volgatum
1602 1696 1717 1728 defen·

1010 1744 1094 1774 dunt
1118 1745 1231 1776 cuncti
1258 1745 1409 1777 codices.
1454 1746 1575 1778 Malim
1600 1751 1715 1779 autem

1009 1803 1071 1834 ego
1086 1804 1259 1835 exponere
1283 1796 1383 1826 latens
1401 1799 1470 1836 post
1498 1796 1613 1828 cineas.
1657 1797 1715 1828 Sic

1009 1854 1073 1877 v11.
1099 1848 1152 1877 27.
1177 1847 1185 1863 ‘
1204 1846 1352 1886 legiones
1369 1847 1459 1878 intra
1475 1847 1591 1879 vineas
1608 1849 1642 1879 in
1659 1858 1715 1880 oc-

1007 1897 1100 1927 culto
1116 1897 1309 1937 expeditae?

1050 1951 1089 1979 21
1129 1949 1363 1980 Machinatz'one
1400 1950 1516 1989 navali,
1549 1950 1717 1991 phalangis

1006 1997 1164 2038 subjectis]
1187 1999 1298 2031 Julius
1317 1999 1459 2030 Pollux:
1494 1999 1536 2030 τὰ
1557 2001 1619 2030 τῶν
1640 2002 1716 2031 νεῶν

1007 2047 1096 2089 ξύλα,
1129 2047 1172 2080 οἷς
1203 2049 1423 2086 ὑποβληθεῖσιν
1460 2048 1646 2088 ἐφέλκονται
1683 2050 1716 2081 αἱ

1007 2100 1086 2139 νῆες,
1104 2097 1283 2138 φάλαγγες,
1306 2098 1357 2129 καὶ
1380 2097 1556 2139 φάλαγγαι.
1601 2100 1714 2132 Varro

1007 2149 1049 2180 de
1066 2149 1136 2180 vita
1152 2149 1238 2190 Pop.
1265 2150 1365 2180 Rom.
1389 2151 1397 2166 ‘
1416 2150 1500 2180 Cum
1528 2150 1655 2181 Poenus
1677 2151 1714 2182 in

1004 2199 1131 2231 fretum
1166 2199 1300 2231 obviam
1330 2200 1483 2231 venisset
1517 2201 1654 2241 nostris,
1677 2206 1714 2232 et

1007 2250 1170 2291 quosdam
1195 2250 1358 2291 cepisset,
1381 2250 1626 2290 crudelissime,
1650 2260 1712 2291 pro

1005 2299 1198 2340 phalangis,
1236 2300 1359 2331 carinis
1395 2299 1600 2340 subjecerat,
1645 2309 1712 2341 quo

1004 2355 1099 2382 metu
1124 2351 1322 2382 debilitaret
1349 2349 1500 2381 nostros?
1555 2350 1709 2382 Nonius:

1004 2402 1195 2442 ‘Palangae
1233 2401 1394 2432 dicuntur
1432 2400 1537 2431 fustes
1567 2404 1711 2441 teretes,

1003 2452 1059 2492 qui
1076 2451 1217 2482 navibus
1244 2450 1485 2491 subjiciuntur,
1502 2459 1579 2481 cum
1605 2453 1710 2481 attra-

1003 2502 1130 2532 huntur
1157 2501 1200 2532 ad
1228 2502 1385 2542 pelagus,
1407 2501 1462 2531 vel
1490 2510 1567 2531 cum
1591 2499 1634 2531 ad
1656 2499 1711 2532 lit-

1003 2557 1078 2584 tora
1095 2552 1341 2584 subducuntur.
1388 2552 1489 2582 Unde
1501 2551 1602 2582 ctiam
1617 2559 1708 2582 nunc

1002 2603 1226 2643 Palangarios
1243 2603 1397 2642 dicimus,
1412 2602 1470 2642 qui
1487 2601 1612 2642 aliquid
1629 2611 1709 2632 one-

1002 2655 1047 2685 ris
1077 2653 1221 2685 fustibus
1253 2652 1497 2685 transvehunt!
1566 2653 1708 2683 Ciaccon.

1001 2704 1090 2736 Vide
1105 2704 1206 2738 Joan.
1221 2703 1430 2736 Scliefferum
1448 2703 1523 2737 Mil.
1541 2703 1629 2735 Nav.
1647 2712 1705 2735 111.

1001 2758 1032 2787 3.
1078 2755 1191 2787 Duvis.
