<?xml version="1.0" encoding="UTF-8"?>
<!DOCTYPE html PUBLIC "-//W3C//DTD XHTML 1.0 Transitional//EN"
    "http://www.w3.org/TR/xhtml1/DTD/xhtml1-transitional.dtd">
<html xmlns="http://www.w3.org/1999/xhtml" xml:lang="en" lang="en">
 <head>
  <title>
</title>
<meta http-equiv="Content-Type" content="text/html;charset=utf-8" />
  <meta name='ocr-system' content='tesseract 3.04.00' />
  <meta name='ocr-capabilities' content='ocr_page ocr_carea ocr_par ocr_line ocrx_word'/>
</head>
<body>
  <div class='ocr_page' id='page_1' title='image "./operaomniaexedit04caesuoft_0216.png"; bbox 0 0 1850 3109; ppageno 0'>
   <div class='ocr_carea' id='block_1_1' title="bbox 213 157 327 202">
    <p class='ocr_par' dir='ltr' id='par_1_1' title="bbox 213 157 327 202">
     <span class='ocr_line' id='line_1_1' title="bbox 213 157 327 202; baseline 0.035 -4"><span class='ocrx_word' id='word_1_1' title='bbox 213 157 327 202; x_wconf 79' lang='lat'>1610</span> 
     </span>
    </p>
   </div>
   <div class='ocr_carea' id='block_1_2' title="bbox 216 266 942 2775">
    <p class='ocr_par' dir='ltr' id='par_1_2' title="bbox 216 266 931 1718">
     <span class='ocr_line' id='line_1_2' title="bbox 217 266 916 306; baseline 0.003 -11"><span class='ocrx_word' id='word_1_2' title='bbox 217 274 309 296; x_wconf 78' lang='lat' dir='ltr'>arma</span> <span class='ocrx_word' id='word_1_3' title='bbox 333 266 538 306; x_wconf 82' lang='lat' dir='ltr'>portarein;&#39;</span> <span class='ocrx_word' id='word_1_4' title='bbox 569 266 653 298; x_wconf 84' lang='lat' dir='ltr'>adeo</span> <span class='ocrx_word' id='word_1_5' title='bbox 685 273 722 298; x_wconf 90' lang='lat' dir='ltr'>ut</span> <span class='ocrx_word' id='word_1_6' title='bbox 754 277 916 298; x_wconf 83' lang='lat' dir='ltr'>annorum</span> 
     </span>
     <span class='ocr_line' id='line_1_3' title="bbox 216 316 918 356; baseline 0.003 -11"><span class='ocrx_word' id='word_1_7' title='bbox 216 322 374 346; x_wconf 85' lang='lat' dir='ltr'>numerus</span> <span class='ocrx_word' id='word_1_8' title='bbox 392 325 456 345; x_wconf 93' lang='lat' dir='ltr'>non</span> <span class='ocrx_word' id='word_1_9' title='bbox 473 316 515 346; x_wconf 84' lang='lat' dir='ltr'>ud</span> <span class='ocrx_word' id='word_1_10' title='bbox 533 317 641 356; x_wconf 81' lang='lat' dir='ltr'>ipsum</span> <span class='ocrx_word' id='word_1_11' title='bbox 662 317 842 353; x_wconf 70' lang='lat' dir='ltr'>Caesarem,</span> <span class='ocrx_word' id='word_1_12' title='bbox 859 317 918 347; x_wconf 87' lang='lat' dir='ltr'>sed</span> 
     </span>
     <span class='ocr_line' id='line_1_4' title="bbox 217 365 919 406; baseline 0.001 -10"><span class='ocrx_word' id='word_1_13' title='bbox 217 365 258 396; x_wconf 82' lang='lat' dir='ltr'>ad</span> <span class='ocrx_word' id='word_1_14' title='bbox 277 371 473 396; x_wconf 78' lang='lat' dir='ltr'>veteranum</span> <span class='ocrx_word' id='word_1_15' title='bbox 494 367 566 406; x_wconf 83' lang='lat' dir='ltr'>ejus</span> <span class='ocrx_word' id='word_1_16' title='bbox 590 368 779 397; x_wconf 65' lang='lat' dir='ltr'>exercitum</span> <span class='ocrx_word' id='word_1_17' title='bbox 805 367 919 397; x_wconf 80' lang='lat' dir='ltr'>videa-</span> 
     </span>
     <span class='ocr_line' id='line_1_5' title="bbox 217 415 918 447; baseline 0 -1"><span class='ocrx_word' id='word_1_18' title='bbox 217 420 273 446; x_wconf 85' lang='lat' dir='ltr'>tur</span> <span class='ocrx_word' id='word_1_19' title='bbox 305 415 516 447; x_wconf 75' lang='lat' dir='ltr'>referendus.</span> <span class='ocrx_word' id='word_1_20' title='bbox 573 418 639 447; x_wconf 49' lang='grc' dir='ltr'>ΜΒ.</span> <span class='ocrx_word' id='word_1_21' title='bbox 673 422 784 447; x_wconf 78' lang='lat' dir='ltr'>aulem</span> <span class='ocrx_word' id='word_1_22' title='bbox 813 417 918 447; x_wconf 69' lang='lat' dir='ltr'>Norv.</span> 
     </span>
     <span class='ocr_line' id='line_1_6' title="bbox 217 465 921 505; baseline 0.001 -10"><span class='ocrx_word' id='word_1_23' title='bbox 217 465 319 496; x_wconf 88' lang='lat' dir='ltr'>habet</span> <span class='ocrx_word' id='word_1_24' title='bbox 334 468 464 505; x_wconf 69' lang='lat' dir='ltr'>«implius</span> <span class='ocrx_word' id='word_1_25' title='bbox 482 475 595 497; x_wconf 77' lang='lat' dir='ltr'>xxxvi</span> <span class='ocrx_word' id='word_1_26' title='bbox 613 477 718 505; x_wconf 77' lang='lat' dir='ltr'>oiinos,</span> <span class='ocrx_word' id='word_1_27' title='bbox 743 472 777 497; x_wconf 88' lang='lat' dir='ltr'>et</span> <span class='ocrx_word' id='word_1_28' title='bbox 801 466 848 496; x_wconf 83' lang='lat' dir='ltr'>sic</span> <span class='ocrx_word' id='word_1_29' title='bbox 873 476 921 496; x_wconf 88' lang='lat' dir='ltr'>re—</span> 
     </span>
     <span class='ocr_line' id='line_1_7' title="bbox 219 516 918 547; baseline 0.001 -2"><span class='ocrx_word' id='word_1_30' title='bbox 219 516 447 546; x_wconf 77' lang='lat' dir='ltr'>scribendum.</span> <span class='ocrx_word' id='word_1_31' title='bbox 506 516 619 546; x_wconf 57' lang='lat' dir='ltr'>Cacsar</span> <span class='ocrx_word' id='word_1_32' title='bbox 651 517 690 546; x_wconf 88' lang='lat' dir='ltr'>B.</span> <span class='ocrx_word' id='word_1_33' title='bbox 721 517 765 547; x_wconf 81' lang='lat' dir='ltr'>G.</span> <span class='ocrx_word' id='word_1_34' title='bbox 798 525 836 546; x_wconf 83' lang='grc' dir='ltr'>ιι.</span> <span class='ocrx_word' id='word_1_35' title='bbox 869 520 918 547; x_wconf 82' lang='grc'>16.</span> 
     </span>
     <span class='ocr_line' id='line_1_8' title="bbox 219 565 920 606; baseline 0.004 -11"><span class='ocrx_word' id='word_1_36' title='bbox 219 565 445 596; x_wconf 67' lang='lat' dir='ltr'>‘lm-‹niebat</span> <span class='ocrx_word' id='word_1_37' title='bbox 474 576 515 595; x_wconf 81' lang='lat' dir='ltr'>cx</span> <span class='ocrx_word' id='word_1_38' title='bbox 541 566 700 606; x_wconf 82' lang='lat' dir='ltr'>captivis,</span> <span class='ocrx_word' id='word_1_39' title='bbox 727 567 830 597; x_wconf 74' lang='lat' dir='ltr'>Sabin</span> <span class='ocrx_word' id='word_1_40' title='bbox 861 566 920 598; x_wconf 86' lang='lat' dir='ltr'>flu-</span> 
     </span>
     <span class='ocr_line' id='line_1_9' title="bbox 220 617 921 658; baseline 0.003 -12"><span class='ocrx_word' id='word_1_41' title='bbox 220 626 296 646; x_wconf 85' lang='lat' dir='ltr'>men</span> <span class='ocrx_word' id='word_1_42' title='bbox 314 617 354 646; x_wconf 84' lang='lat' dir='ltr'>ab</span> <span class='ocrx_word' id='word_1_43' title='bbox 372 617 488 647; x_wconf 72' lang='lat' dir='ltr'>castris</span> <span class='ocrx_word' id='word_1_44' title='bbox 505 617 572 648; x_wconf 87' lang='lat' dir='ltr'>suis</span> <span class='ocrx_word' id='word_1_45' title='bbox 591 628 656 648; x_wconf 92' lang='lat' dir='ltr'>non</span> <span class='ocrx_word' id='word_1_46' title='bbox 675 619 807 658; x_wconf 78' lang='lat' dir='ltr'>amplius</span> <span class='ocrx_word' id='word_1_47' title='bbox 824 619 921 648; x_wconf 80' lang='lat' dir='ltr'>millia</span> 
     </span>
     <span class='ocr_line' id='line_1_10' title="bbox 221 666 921 709; baseline 0.006 -14"><span class='ocrx_word' id='word_1_48' title='bbox 221 675 378 705; x_wconf 81' lang='lat' dir='ltr'>passuum</span> <span class='ocrx_word' id='word_1_49' title='bbox 404 675 426 696; x_wconf 85' lang='lat' dir='ltr'>x</span> <span class='ocrx_word' id='word_1_50' title='bbox 451 666 594 698; x_wconf 62' lang='lat' dir='ltr'>abesse!</span> <span class='ocrx_word' id='word_1_51' title='bbox 642 668 768 699; x_wconf 76' lang='lat' dir='ltr'>Noster</span> <span class='ocrx_word' id='word_1_52' title='bbox 784 669 921 709; x_wconf 82' lang='lat' dir='ltr'>hujusce</span> 
     </span>
     <span class='ocr_line' id='line_1_11' title="bbox 221 716 922 759; baseline 0.004 -13"><span class='ocrx_word' id='word_1_53' title='bbox 221 716 296 747; x_wconf 83' lang='lat' dir='ltr'><strong>libri</strong></span> <span class='ocrx_word' id='word_1_54' title='bbox 323 726 399 757; x_wconf 80' lang='lat' dir='ltr'>cap.</span> <span class='ocrx_word' id='word_1_55' title='bbox 420 720 449 747; x_wconf 95' lang='grc'>1.</span> <span class='ocrx_word' id='word_1_56' title='bbox 474 719 482 733; x_wconf 80' lang='lat'>‘</span> <span class='ocrx_word' id='word_1_57' title='bbox 499 720 610 750; x_wconf 79' lang='lat' dir='ltr'>Quum</span> <span class='ocrx_word' id='word_1_58' title='bbox 635 728 700 748; x_wconf 92' lang='lat' dir='ltr'>non</span> <span class='ocrx_word' id='word_1_59' title='bbox 725 719 858 759; x_wconf 72' lang='lat' dir='ltr'>«implius</span> <span class='ocrx_word' id='word_1_60' title='bbox 884 720 922 749; x_wconf 85' lang='lat' dir='ltr'>Ie-</span> 
     </span>
     <span class='ocr_line' id='line_1_12' title="bbox 218 767 923 805; baseline 0.004 -8"><span class='ocrx_word' id='word_1_61' title='bbox 218 767 343 805; x_wconf 71' lang='lat' dir='ltr'>gioncm</span> <span class='ocrx_word' id='word_1_62' title='bbox 371 767 515 798; x_wconf 87' lang='lat' dir='ltr'>tironum</span> <span class='ocrx_word' id='word_1_63' title='bbox 543 768 685 799; x_wconf 80' lang='lat' dir='ltr'>liaberet</span> <span class='ocrx_word' id='word_1_64' title='bbox 715 769 830 799; x_wconf 80' lang='lat' dir='ltr'>unam.&#39;</span> <span class='ocrx_word' id='word_1_65' title='bbox 878 771 923 800; x_wconf 83' lang='lat' dir='ltr'>Et</span> 
     </span>
     <span class='ocr_line' id='line_1_13' title="bbox 220 818 922 858; baseline 0.001 -10"><span class='ocrx_word' id='word_1_66' title='bbox 220 818 270 848; x_wconf 87' lang='lat' dir='ltr'>ita</span> <span class='ocrx_word' id='word_1_67' title='bbox 294 828 373 849; x_wconf 86' lang='lat' dir='ltr'>saue</span> <span class='ocrx_word' id='word_1_68' title='bbox 399 818 477 849; x_wconf 90' lang='lat' dir='ltr'>alibi</span> <span class='ocrx_word' id='word_1_69' title='bbox 504 819 638 858; x_wconf 84' lang='lat' dir='ltr'>passim.</span> <span class='ocrx_word' id='word_1_70' title='bbox 672 819 786 849; x_wconf 79' lang='lat' dir='ltr'>Daris.</span> <span class='ocrx_word' id='word_1_71' title='bbox 836 820 922 849; x_wconf 89' lang='lat' dir='ltr'>Dele</span> 
     </span>
     <span class='ocr_line' id='line_1_14' title="bbox 221 869 922 899; baseline 0.001 -1"><span class='ocrx_word' id='word_1_72' title='bbox 221 869 295 899; x_wconf 78' lang='lat' dir='ltr'>adeo</span> <span class='ocrx_word' id='word_1_73' title='bbox 319 872 352 899; x_wconf 78' lang='lat' dir='ltr'>ut</span> <span class='ocrx_word' id='word_1_74' title='bbox 375 878 523 899; x_wconf 80' lang='lat' dir='ltr'>annorum</span> <span class='ocrx_word' id='word_1_75' title='bbox 539 887 624 891; x_wconf 77' lang='lat'>———</span> <span class='ocrx_word' id='word_1_76' title='bbox 640 869 863 899; x_wconf 65' lang='lat' dir='ltr'>rescribendum</span> <span class='ocrx_word' id='word_1_77' title='bbox 888 874 922 899; x_wconf 86' lang='lat' dir='ltr'>et</span> 
     </span>
     <span class='ocr_line' id='line_1_15' title="bbox 223 918 923 958; baseline 0 -10"><span class='ocrx_word' id='word_1_78' title='bbox 223 918 413 949; x_wconf 85' lang='lat' dir='ltr'>deletorum</span> <span class='ocrx_word' id='word_1_79' title='bbox 432 920 505 949; x_wconf 92' lang='lat' dir='ltr'>loco</span> <span class='ocrx_word' id='word_1_80' title='bbox 522 928 647 958; x_wconf 82' lang='lat' dir='ltr'>repone</span> <span class='ocrx_word' id='word_1_81' title='bbox 665 929 671 948; x_wconf 90' lang='lat'>:</span> <span class='ocrx_word' id='word_1_82' title='bbox 699 918 745 949; x_wconf 75' lang='lat' dir='ltr'>At</span> <span class='ocrx_word' id='word_1_83' title='bbox 762 919 824 949; x_wconf 84' lang='lat' dir='ltr'>lioc</span> <span class='ocrx_word' id='word_1_84' title='bbox 842 919 923 949; x_wconf 80' lang='lat' dir='ltr'>nihil</span> 
     </span>
     <span class='ocr_line' id='line_1_16' title="bbox 222 968 926 1009; baseline 0.001 -11"><span class='ocrx_word' id='word_1_85' title='bbox 222 969 313 999; x_wconf 88' lang='lat' dir='ltr'>aliud</span> <span class='ocrx_word' id='word_1_86' title='bbox 340 974 518 1007; x_wconf 83' lang='lat' dir='ltr'>monstrat,</span> <span class='ocrx_word' id='word_1_87' title='bbox 548 977 645 1009; x_wconf 79' lang='lat' dir='ltr'>quam</span> <span class='ocrx_word' id='word_1_88' title='bbox 675 968 787 999; x_wconf 86' lang='lat' dir='ltr'>mendi</span> <span class='ocrx_word' id='word_1_89' title='bbox 815 973 926 999; x_wconf 89' lang='lat' dir='ltr'>vetus-</span> 
     </span>
     <span class='ocr_line' id='line_1_17' title="bbox 224 1019 925 1058; baseline 0.003 -10"><span class='ocrx_word' id='word_1_90' title='bbox 224 1022 349 1055; x_wconf 87' lang='lat' dir='ltr'>tatem;</span> <span class='ocrx_word' id='word_1_91' title='bbox 382 1028 458 1048; x_wconf 84' lang='lat' dir='ltr'>nam</span> <span class='ocrx_word' id='word_1_92' title='bbox 487 1027 567 1048; x_wconf 83' lang='lat' dir='ltr'>vera</span> <span class='ocrx_word' id='word_1_93' title='bbox 595 1027 731 1058; x_wconf 87' lang='lat' dir='ltr'>prorsus</span> <span class='ocrx_word' id='word_1_94' title='bbox 759 1022 793 1049; x_wconf 89' lang='lat' dir='ltr'>et</span> <span class='ocrx_word' id='word_1_95' title='bbox 822 1019 925 1050; x_wconf 86' lang='lat' dir='ltr'>Glan-</span> 
     </span>
     <span class='ocr_line' id='line_1_18' title="bbox 224 1068 927 1109; baseline 0.004 -12"><span class='ocrx_word' id='word_1_96' title='bbox 224 1068 335 1108; x_wconf 85' lang='lat' dir='ltr'>(lorpii</span> <span class='ocrx_word' id='word_1_97' title='bbox 353 1069 564 1109; x_wconf 86' lang='lat' dir='ltr'>conjectura,</span> <span class='ocrx_word' id='word_1_98' title='bbox 586 1078 685 1109; x_wconf 80' lang='lat' dir='ltr'>quam</span> <span class='ocrx_word' id='word_1_99' title='bbox 702 1073 927 1109; x_wconf 66' lang='lat' dir='ltr'>repraesentat</span> 
     </span>
     <span class='ocr_line' id='line_1_19' title="bbox 223 1120 927 1159; baseline 0 -9"><span class='ocrx_word' id='word_1_100' title='bbox 223 1120 325 1150; x_wconf 88' lang='lat' dir='ltr'>etiam</span> <span class='ocrx_word' id='word_1_101' title='bbox 365 1120 483 1151; x_wconf 75' lang='lat' dir='ltr'>Codex</span> <span class='ocrx_word' id='word_1_102' title='bbox 521 1120 656 1159; x_wconf 68' lang='lat' dir='ltr'>Regius.</span> <span class='ocrx_word' id='word_1_103' title='bbox 725 1121 809 1150; x_wconf 79' lang='lat' dir='ltr'>Cum</span> <span class='ocrx_word' id='word_1_104' title='bbox 847 1130 927 1151; x_wconf 85' lang='lat' dir='ltr'>vero</span> 
     </span>
     <span class='ocr_line' id='line_1_20' title="bbox 225 1170 928 1210; baseline -0.001 -9"><span class='ocrx_word' id='word_1_105' title='bbox 225 1170 332 1202; x_wconf 71' lang='lat' dir='ltr'>Norv.</span> <span class='ocrx_word' id='word_1_106' title='bbox 360 1171 486 1201; x_wconf 85' lang='lat' dir='ltr'>habeat</span> <span class='ocrx_word' id='word_1_107' title='bbox 512 1171 644 1210; x_wconf 80' lang='lat' dir='ltr'>amplius</span> <span class='ocrx_word' id='word_1_108' title='bbox 668 1179 783 1201; x_wconf 76' lang='lat' dir='ltr'>xxxvi</span> <span class='ocrx_word' id='word_1_109' title='bbox 811 1181 928 1206; x_wconf 82' lang='lat' dir='ltr'>annos,-</span> 
     </span>
     <span class='ocr_line' id='line_1_21' title="bbox 223 1222 926 1262; baseline -0.001 -10"><span class='ocrx_word' id='word_1_110' title='bbox 223 1222 298 1262; x_wconf 83' lang='lat' dir='ltr'>lege</span> <span class='ocrx_word' id='word_1_111' title='bbox 328 1222 460 1261; x_wconf 80' lang='lat' dir='ltr'>amplius</span> <span class='ocrx_word' id='word_1_112' title='bbox 490 1230 550 1251; x_wconf 77' lang='lat' dir='ltr'>xvi</span> <span class='ocrx_word' id='word_1_113' title='bbox 584 1231 690 1251; x_wconf 69' lang='grc' dir='ltr'><strong>αηηοε.</strong></span> <span class='ocrx_word' id='word_1_114' title='bbox 732 1222 829 1260; x_wconf 74' lang='lat' dir='ltr'>Idem,</span> <span class='ocrx_word' id='word_1_115' title='bbox 857 1230 926 1252; x_wconf 83' lang='lat' dir='ltr'>cur.</span> 
     </span>
     <span class='ocr_line' id='line_1_22' title="bbox 225 1272 930 1312; baseline -0.003 -10"><span class='ocrx_word' id='word_1_116' title='bbox 225 1281 295 1303; x_wconf 85' lang='lat' dir='ltr'>sec.</span> <span class='ocrx_word' id='word_1_117' title='bbox 342 1272 454 1302; x_wconf 81' lang='lat' dir='ltr'>Etiam</span> <span class='ocrx_word' id='word_1_118' title='bbox 474 1272 574 1301; x_wconf 65' lang='lat' dir='ltr'>Yasc.</span> <span class='ocrx_word' id='word_1_119' title='bbox 593 1272 715 1311; x_wconf 79' lang='lat' dir='ltr'>Margo</span> <span class='ocrx_word' id='word_1_120' title='bbox 732 1280 806 1303; x_wconf 76' lang='lat' dir='ltr'>xvi.</span> <span class='ocrx_word' id='word_1_121' title='bbox 852 1272 930 1312; x_wconf 85' lang='lat' dir='ltr'>Lip-</span> 
     </span>
     <span class='ocr_line' id='line_1_23' title="bbox 223 1321 929 1353; baseline 0.003 -2"><span class='ocrx_word' id='word_1_122' title='bbox 223 1323 293 1353; x_wconf 86' lang='lat' dir='ltr'>sius</span> <span class='ocrx_word' id='word_1_123' title='bbox 328 1321 493 1351; x_wconf 81' lang='lat' dir='ltr'>adscribit</span> <span class='ocrx_word' id='word_1_124' title='bbox 529 1322 618 1351; x_wconf 81' lang='lat' dir='ltr'>credo</span> <span class='ocrx_word' id='word_1_125' title='bbox 652 1329 751 1351; x_wconf 74' lang='lat' dir='ltr'>xxvr.</span> <span class='ocrx_word' id='word_1_126' title='bbox 806 1321 929 1353; x_wconf 79' lang='lat' dir='ltr'>Placet</span> 
     </span>
     <span class='ocr_line' id='line_1_24' title="bbox 225 1372 929 1412; baseline 0.001 -10"><span class='ocrx_word' id='word_1_127' title='bbox 225 1372 305 1402; x_wconf 84' lang='lat' dir='ltr'>milii</span> <span class='ocrx_word' id='word_1_128' title='bbox 322 1381 455 1412; x_wconf 84' lang='lat' dir='ltr'>quoque</span> <span class='ocrx_word' id='word_1_129' title='bbox 474 1380 548 1402; x_wconf 72' lang='grc' dir='ltr'><strong>Χνι.</strong></span> <span class='ocrx_word' id='word_1_130' title='bbox 594 1372 755 1403; x_wconf 86' lang='lat' dir='ltr'>Ceterum</span> <span class='ocrx_word' id='word_1_131' title='bbox 777 1383 872 1403; x_wconf 81' lang='lat' dir='ltr'>annos</span> <span class='ocrx_word' id='word_1_132' title='bbox 887 1383 929 1404; x_wconf 88' lang='lat' dir='ltr'>ex</span> 
     </span>
     <span class='ocr_line' id='line_1_25' title="bbox 226 1423 929 1463; baseline 0 -9"><span class='ocrx_word' id='word_1_133' title='bbox 226 1424 352 1455; x_wconf 82' lang='lat' dir='ltr'>Eliensi</span> <span class='ocrx_word' id='word_1_134' title='bbox 377 1423 503 1455; x_wconf 80' lang='lat' dir='ltr'>Codice</span> <span class='ocrx_word' id='word_1_135' title='bbox 528 1424 659 1463; x_wconf 88' lang='lat' dir='ltr'>recepit</span> <span class='ocrx_word' id='word_1_136' title='bbox 684 1424 855 1463; x_wconf 80' lang='lat' dir='ltr'>Clarkius,</span> <span class='ocrx_word' id='word_1_137' title='bbox 880 1424 929 1454; x_wconf 88' lang='lat' dir='ltr'>ni-</span> 
     </span>
     <span class='ocr_line' id='line_1_26' title="bbox 226 1475 930 1515; baseline 0 -10"><span class='ocrx_word' id='word_1_138' title='bbox 226 1475 288 1505; x_wconf 85' lang='lat' dir='ltr'>mis</span> <span class='ocrx_word' id='word_1_139' title='bbox 306 1479 446 1506; x_wconf 79' lang='lat' dir='ltr'>temere.</span> <span class='ocrx_word' id='word_1_140' title='bbox 493 1475 682 1514; x_wconf 59' lang='lat' dir='ltr'>Utrumque</span> <span class='ocrx_word' id='word_1_141' title='bbox 700 1475 788 1504; x_wconf 85' lang='lat' dir='ltr'>enim</span> <span class='ocrx_word' id='word_1_142' title='bbox 807 1475 930 1515; x_wconf 83' lang='lat' dir='ltr'>passim</span> 
     </span>
     <span class='ocr_line' id='line_1_27' title="bbox 227 1526 930 1557; baseline 0.001 -1"><span class='ocrx_word' id='word_1_143' title='bbox 227 1528 261 1557; x_wconf 91' lang='lat' dir='ltr'>in</span> <span class='ocrx_word' id='word_1_144' title='bbox 293 1527 342 1556; x_wconf 85' lang='lat' dir='ltr'>liis</span> <span class='ocrx_word' id='word_1_145' title='bbox 370 1527 622 1557; x_wconf 82' lang='lat' dir='ltr'>commentariis</span> <span class='ocrx_word' id='word_1_146' title='bbox 649 1526 810 1557; x_wconf 86' lang='lat' dir='ltr'>occurrit.</span> <span class='ocrx_word' id='word_1_147' title='bbox 858 1527 930 1557; x_wconf 83' lang='lat' dir='ltr'>Mei</span> 
     </span>
     <span class='ocr_line' id='line_1_28' title="bbox 226 1576 930 1608; baseline 0.003 -2"><span class='ocrx_word' id='word_1_148' title='bbox 226 1577 318 1607; x_wconf 80' lang='lat' dir='ltr'>annis</span> <span class='ocrx_word' id='word_1_149' title='bbox 332 1577 490 1607; x_wconf 81' lang='lat' dir='ltr'>retinent.</span> <span class='ocrx_word' id='word_1_150' title='bbox 538 1576 604 1607; x_wconf 72' lang='lat' dir='ltr'>Adi</span> <span class='ocrx_word' id='word_1_151' title='bbox 628 1576 670 1606; x_wconf 82' lang='lat' dir='ltr'>ad</span> <span class='ocrx_word' id='word_1_152' title='bbox 694 1577 734 1606; x_wconf 89' lang='lat' dir='ltr'>B.</span> <span class='ocrx_word' id='word_1_153' title='bbox 752 1576 795 1607; x_wconf 91' lang='lat' dir='ltr'>G.</span> <span class='ocrx_word' id='word_1_154' title='bbox 814 1586 862 1607; x_wconf 82' lang='lat' dir='ltr'>iv.</span> <span class='ocrx_word' id='word_1_155' title='bbox 878 1579 930 1608; x_wconf 81' lang='lat'>37.</span> 
     </span>
     <span class='ocr_line' id='line_1_29' title="bbox 226 1626 931 1667; baseline 0.001 -11"><span class='ocrx_word' id='word_1_156' title='bbox 226 1628 235 1642; x_wconf 87' lang='lat'>‘</span> <span class='ocrx_word' id='word_1_157' title='bbox 252 1626 407 1667; x_wconf 79' lang='lat' dir='ltr'>Amplius</span> <span class='ocrx_word' id='word_1_158' title='bbox 431 1627 522 1657; x_wconf 81' lang='lat' dir='ltr'>lioris</span> <span class='ocrx_word' id='word_1_159' title='bbox 545 1626 715 1667; x_wconf 80' lang='lat' dir='ltr'>quatuor.’</span> <span class='ocrx_word' id='word_1_160' title='bbox 762 1627 852 1657; x_wconf 75' lang='lat' dir='ltr'>Anno</span> <span class='ocrx_word' id='word_1_161' title='bbox 878 1632 931 1657; x_wconf 80' lang='lat' dir='ltr'>est</span> 
     </span>
     <span class='ocr_line' id='line_1_30' title="bbox 228 1677 724 1718; baseline -0.004 -10"><span class='ocrx_word' id='word_1_162' title='bbox 228 1678 262 1708; x_wconf 87' lang='lat' dir='ltr'>in</span> <span class='ocrx_word' id='word_1_163' title='bbox 277 1677 343 1708; x_wconf 84' lang='lat' dir='ltr'>Ms.</span> <span class='ocrx_word' id='word_1_164' title='bbox 363 1678 498 1708; x_wconf 69' lang='lat' dir='ltr'>Ursini:</span> <span class='ocrx_word' id='word_1_165' title='bbox 521 1682 581 1708; x_wconf 75' lang='lat' dir='ltr'>anu</span> <span class='ocrx_word' id='word_1_166' title='bbox 599 1678 724 1718; x_wconf 75' lang='lat' dir='ltr'>Scalig.</span> 
     </span>
    </p>

    <p class='ocr_par' dir='ltr' id='par_1_3' title="bbox 229 1727 938 2472">
     <span class='ocr_line' id='line_1_31' title="bbox 270 1727 932 1767; baseline 0.002 -9"><span class='ocrx_word' id='word_1_167' title='bbox 270 1736 369 1759; x_wconf 68' lang='lat' dir='ltr'>XLH.</span> <span class='ocrx_word' id='word_1_168' title='bbox 388 1731 404 1758; x_wconf 78' lang='lat'>7</span> <span class='ocrx_word' id='word_1_169' title='bbox 434 1727 654 1757; x_wconf 78' lang='lat' dir='ltr'>s&#39;ruciubilitcr</span> <span class='ocrx_word' id='word_1_170' title='bbox 674 1727 848 1767; x_wconf 61' lang='lat' dir='ltr'>interfecti]</span> <span class='ocrx_word' id='word_1_171' title='bbox 881 1727 932 1759; x_wconf 81' lang='lat' dir='ltr'>Cl.</span> 
     </span>
     <span class='ocr_line' id='line_1_32' title="bbox 230 1778 931 1818; baseline 0 -9"><span class='ocrx_word' id='word_1_172' title='bbox 230 1778 428 1809; x_wconf 72' lang='lat' dir='ltr'>Dodwellus</span> <span class='ocrx_word' id='word_1_173' title='bbox 448 1778 539 1808; x_wconf 71' lang='lat' dir='ltr'>Diss.</span> <span class='ocrx_word' id='word_1_174' title='bbox 565 1778 606 1808; x_wconf 86' lang='lat' dir='ltr'>de</span> <span class='ocrx_word' id='word_1_175' title='bbox 622 1778 715 1809; x_wconf 83' lang='lat' dir='ltr'>Julio</span> <span class='ocrx_word' id='word_1_176' title='bbox 733 1779 845 1816; x_wconf 81' lang='lat' dir='ltr'>Celso,</span> <span class='ocrx_word' id='word_1_177' title='bbox 868 1779 883 1818; x_wconf 65' lang='grc' dir='ltr'><strong>ξ</strong></span> <span class='ocrx_word' id='word_1_178' title='bbox 901 1782 931 1809; x_wconf 80' lang='lat' dir='ltr'>S.</span> 
     </span>
     <span class='ocr_line' id='line_1_33' title="bbox 230 1828 932 1867; baseline 0.001 -9"><span class='ocrx_word' id='word_1_179' title='bbox 230 1829 314 1859; x_wconf 83' lang='lat' dir='ltr'>lianc</span> <span class='ocrx_word' id='word_1_180' title='bbox 338 1828 545 1859; x_wconf 86' lang='lat' dir='ltr'>locutionem</span> <span class='ocrx_word' id='word_1_181' title='bbox 571 1834 724 1858; x_wconf 87' lang='lat' dir='ltr'>numerat</span> <span class='ocrx_word' id='word_1_182' title='bbox 749 1829 838 1859; x_wconf 83' lang='lat' dir='ltr'>inter</span> <span class='ocrx_word' id='word_1_183' title='bbox 863 1838 932 1867; x_wconf 82' lang='lat' dir='ltr'>cas,</span> 
     </span>
     <span class='ocr_line' id='line_1_34' title="bbox 229 1879 934 1918; baseline 0.003 -11"><span class='ocrx_word' id='word_1_184' title='bbox 229 1888 311 1918; x_wconf 86' lang='lat' dir='ltr'>quas</span> <span class='ocrx_word' id='word_1_185' title='bbox 327 1889 413 1908; x_wconf 80' lang='lat' dir='ltr'>nemo</span> <span class='ocrx_word' id='word_1_186' title='bbox 435 1880 555 1918; x_wconf 74' lang='lat' dir='ltr'>peritus</span> <span class='ocrx_word' id='word_1_187' title='bbox 573 1879 682 1908; x_wconf 79' lang='lat' dir='ltr'>harum</span> <span class='ocrx_word' id='word_1_188' title='bbox 703 1889 805 1910; x_wconf 82' lang='lat' dir='ltr'>rerum</span> <span class='ocrx_word' id='word_1_189' title='bbox 829 1889 934 1909; x_wconf 76' lang='lat' dir='ltr'>censor</span> 
     </span>
     <span class='ocr_line' id='line_1_35' title="bbox 229 1928 932 1961; baseline 0.004 -3"><span class='ocrx_word' id='word_1_190' title='bbox 229 1929 270 1958; x_wconf 78' lang='lat' dir='ltr'>ud</span> <span class='ocrx_word' id='word_1_191' title='bbox 288 1928 423 1959; x_wconf 78' lang='lat' dir='ltr'>Coesuris</span> <span class='ocrx_word' id='word_1_192' title='bbox 440 1930 485 1959; x_wconf 75' lang='lat' dir='ltr'>rel</span> <span class='ocrx_word' id='word_1_193' title='bbox 512 1930 614 1960; x_wconf 84' lang='lat' dir='ltr'>Hirtii</span> <span class='ocrx_word' id='word_1_194' title='bbox 639 1933 762 1960; x_wconf 55' lang='lat' dir='ltr'>atatem</span> <span class='ocrx_word' id='word_1_195' title='bbox 777 1930 932 1961; x_wconf 77' lang='lat' dir='ltr'>retulerit.</span> 
     </span>
     <span class='ocr_line' id='line_1_36' title="bbox 232 1978 931 2020; baseline 0 -10"><span class='ocrx_word' id='word_1_196' title='bbox 232 1978 322 2010; x_wconf 77' lang='lat' dir='ltr'>Quid</span> <span class='ocrx_word' id='word_1_197' title='bbox 348 1979 450 2019; x_wconf 78' lang='lat' dir='ltr'>igitur</span> <span class='ocrx_word' id='word_1_198' title='bbox 474 1978 534 2009; x_wconf 82' lang='lat' dir='ltr'>liet</span> <span class='ocrx_word' id='word_1_199' title='bbox 560 1980 696 2018; x_wconf 84' lang='lat' dir='ltr'>Plauto,</span> <span class='ocrx_word' id='word_1_200' title='bbox 721 1980 777 2020; x_wconf 84' lang='lat' dir='ltr'>qni</span> <span class='ocrx_word' id='word_1_201' title='bbox 806 1980 931 2011; x_wconf 84' lang='lat' dir='ltr'>Pseud.</span> 
     </span>
     <span class='ocr_line' id='line_1_37' title="bbox 232 2028 933 2069; baseline 0.001 -10"><span class='ocrx_word' id='word_1_202' title='bbox 232 2034 298 2060; x_wconf 90' lang='lat' dir='ltr'>aet.</span> <span class='ocrx_word' id='word_1_203' title='bbox 317 2039 365 2060; x_wconf 77' lang='lat' dir='ltr'>lv.</span> <span class='ocrx_word' id='word_1_204' title='bbox 383 2040 429 2060; x_wconf 87' lang='lat' dir='ltr'>sc.</span> <span class='ocrx_word' id='word_1_205' title='bbox 450 2033 478 2061; x_wconf 87' lang='lat' dir='ltr'>l.</span> <span class='ocrx_word' id='word_1_206' title='bbox 495 2033 547 2060; x_wconf 75' lang='lat'>40.</span> <span class='ocrx_word' id='word_1_207' title='bbox 567 2030 634 2060; x_wconf 78' lang='lat' dir='ltr'>ait:</span> <span class='ocrx_word' id='word_1_208' title='bbox 661 2031 669 2046; x_wconf 86' lang='lat'>‘</span> <span class='ocrx_word' id='word_1_209' title='bbox 684 2030 758 2060; x_wconf 76' lang='lat' dir='ltr'>Nisi</span> <span class='ocrx_word' id='word_1_210' title='bbox 775 2028 933 2069; x_wconf 79' lang='lat' dir='ltr'>effecero,</span> 
     </span>
     <span class='ocr_line' id='line_1_38' title="bbox 231 2079 935 2122; baseline 0.001 -12"><span class='ocrx_word' id='word_1_211' title='bbox 231 2080 440 2111; x_wconf 61' lang='lat' dir='ltr'>cruciabiliter</span> <span class='ocrx_word' id='word_1_212' title='bbox 453 2079 606 2111; x_wconf 80' lang='lat' dir='ltr'>carnifex</span> <span class='ocrx_word' id='word_1_213' title='bbox 618 2090 670 2111; x_wconf 84' lang='lat' dir='ltr'>ine</span> <span class='ocrx_word' id='word_1_214' title='bbox 685 2081 855 2120; x_wconf 64' lang='lat' dir='ltr'>accipito!</span> <span class='ocrx_word' id='word_1_215' title='bbox 880 2082 935 2122; x_wconf 88' lang='lat' dir='ltr'>Ip-</span> 
     </span>
     <span class='ocr_line' id='line_1_39' title="bbox 231 2130 935 2162; baseline 0.001 -1"><span class='ocrx_word' id='word_1_216' title='bbox 231 2141 300 2162; x_wconf 84' lang='lat' dir='ltr'>sain</span> <span class='ocrx_word' id='word_1_217' title='bbox 319 2131 463 2161; x_wconf 81' lang='lat' dir='ltr'>Plirasin</span> <span class='ocrx_word' id='word_1_218' title='bbox 481 2131 619 2161; x_wconf 80' lang='lat' dir='ltr'>adhibet</span> <span class='ocrx_word' id='word_1_219' title='bbox 638 2130 746 2161; x_wconf 71' lang='lat' dir='ltr'>Anum.</span> <span class='ocrx_word' id='word_1_220' title='bbox 764 2132 935 2162; x_wconf 82' lang='lat' dir='ltr'>Marcelli-</span> 
     </span>
     <span class='ocr_line' id='line_1_40' title="bbox 234 2182 934 2223; baseline 0.001 -12"><span class='ocrx_word' id='word_1_221' title='bbox 234 2191 294 2212; x_wconf 77' lang='lat' dir='ltr'>nus</span> <span class='ocrx_word' id='word_1_222' title='bbox 319 2187 352 2212; x_wconf 91' lang='lat' dir='ltr'>et</span> <span class='ocrx_word' id='word_1_223' title='bbox 381 2182 564 2220; x_wconf 76' lang='lat' dir='ltr'>Ausonius,</span> <span class='ocrx_word' id='word_1_224' title='bbox 590 2182 771 2221; x_wconf 73' lang='lat' dir='ltr'>scriptores</span> <span class='ocrx_word' id='word_1_225' title='bbox 799 2183 934 2223; x_wconf 80' lang='lat' dir='ltr'>quidem</span> 
     </span>
     <span class='ocr_line' id='line_1_41' title="bbox 234 2232 934 2272; baseline 0.001 -10"><span class='ocrx_word' id='word_1_226' title='bbox 234 2232 370 2263; x_wconf 72' lang='lat' dir='ltr'>Caesare</span> <span class='ocrx_word' id='word_1_227' title='bbox 388 2232 607 2269; x_wconf 76' lang='lat' dir='ltr'>recentiores,</span> <span class='ocrx_word' id='word_1_228' title='bbox 625 2236 660 2262; x_wconf 87' lang='lat' dir='ltr'>at</span> <span class='ocrx_word' id='word_1_229' title='bbox 676 2232 934 2272; x_wconf 80' lang='lat' dir='ltr'>interpolatore,</span> 
     </span>
     <span class='ocr_line' id='line_1_42' title="bbox 234 2282 936 2322; baseline 0.001 -11"><span class='ocrx_word' id='word_1_230' title='bbox 234 2292 332 2322; x_wconf 85' lang='lat' dir='ltr'>quem</span> <span class='ocrx_word' id='word_1_231' title='bbox 350 2283 507 2321; x_wconf 79' lang='lat' dir='ltr'>somniat,</span> <span class='ocrx_word' id='word_1_232' title='bbox 528 2282 619 2313; x_wconf 87' lang='lat' dir='ltr'>Julio</span> <span class='ocrx_word' id='word_1_233' title='bbox 637 2282 749 2321; x_wconf 88' lang='lat' dir='ltr'>Celso,</span> <span class='ocrx_word' id='word_1_234' title='bbox 772 2283 936 2313; x_wconf 88' lang='lat' dir='ltr'>Constan-</span> 
     </span>
     <span class='ocr_line' id='line_1_43' title="bbox 234 2332 936 2372; baseline 0.001 -10"><span class='ocrx_word' id='word_1_235' title='bbox 234 2333 458 2372; x_wconf 83' lang='lat' dir='ltr'>tinopolitano</span> <span class='ocrx_word' id='word_1_236' title='bbox 476 2332 690 2363; x_wconf 83' lang='lat' dir='ltr'>vetustiores.</span> <span class='ocrx_word' id='word_1_237' title='bbox 737 2332 835 2363; x_wconf 91' lang='lat' dir='ltr'>Illum</span> <span class='ocrx_word' id='word_1_238' title='bbox 860 2333 936 2364; x_wconf 89' lang='lat' dir='ltr'>vide</span> 
     </span>
     <span class='ocr_line' id='line_1_44' title="bbox 236 2382 938 2414; baseline 0.004 -3"><span class='ocrx_word' id='word_1_239' title='bbox 236 2390 341 2412; x_wconf 75' lang='lat' dir='ltr'>xxvi.</span> <span class='ocrx_word' id='word_1_240' title='bbox 365 2385 395 2412; x_wconf 81' lang='lat'>6.</span> <span class='ocrx_word' id='word_1_241' title='bbox 421 2390 507 2411; x_wconf 77' lang='lat' dir='ltr'>xxx.</span> <span class='ocrx_word' id='word_1_242' title='bbox 534 2385 564 2412; x_wconf 89' lang='lat'>5.</span> <span class='ocrx_word' id='word_1_243' title='bbox 596 2382 682 2412; x_wconf 87' lang='lat' dir='ltr'>hunc</span> <span class='ocrx_word' id='word_1_244' title='bbox 711 2383 743 2412; x_wconf 89' lang='lat' dir='ltr'>in</span> <span class='ocrx_word' id='word_1_245' title='bbox 771 2383 938 2414; x_wconf 81' lang='lat' dir='ltr'>Periocha</span> 
     </span>
     <span class='ocr_line' id='line_1_45' title="bbox 236 2432 783 2472; baseline 0 -8"><span class='ocrx_word' id='word_1_246' title='bbox 236 2432 360 2472; x_wconf 86' lang='lat' dir='ltr'>Odyss.</span> <span class='ocrx_word' id='word_1_247' title='bbox 381 2441 476 2462; x_wconf 81' lang='lat' dir='ltr'>xxii.</span> <span class='ocrx_word' id='word_1_248' title='bbox 501 2432 610 2463; x_wconf 76' lang='lat' dir='ltr'>Duris.</span> <span class='ocrx_word' id='word_1_249' title='bbox 627 2443 698 2464; x_wconf 86' lang='lat' dir='ltr'>cur.</span> <span class='ocrx_word' id='word_1_250' title='bbox 715 2443 783 2464; x_wconf 85' lang='lat' dir='ltr'>sec.</span> 
     </span>
    </p>

    <p class='ocr_par' dir='ltr' id='par_1_4' title="bbox 238 2482 942 2775">
     <span class='ocr_line' id='line_1_46' title="bbox 282 2482 938 2521; baseline 0 -8"><span class='ocrx_word' id='word_1_251' title='bbox 282 2485 319 2513; x_wconf 94' lang='lat' dir='ltr'>ll</span> <span class='ocrx_word' id='word_1_252' title='bbox 356 2483 393 2512; x_wconf 82' lang='lat' dir='ltr'>In</span> <span class='ocrx_word' id='word_1_253' title='bbox 423 2483 486 2512; x_wconf 79' lang='lat' dir='ltr'>salo</span> <span class='ocrx_word' id='word_1_254' title='bbox 517 2491 578 2512; x_wconf 85' lang='lat' dir='ltr'>csse</span> <span class='ocrx_word' id='word_1_255' title='bbox 604 2482 757 2521; x_wconf 72' lang='lat' dir='ltr'>jusserat]</span> <span class='ocrx_word' id='word_1_256' title='bbox 796 2483 847 2512; x_wconf 80' lang='lat' dir='ltr'>Ex</span> <span class='ocrx_word' id='word_1_257' title='bbox 875 2483 938 2513; x_wconf 80' lang='lat' dir='ltr'>liae</span> 
     </span>
     <span class='ocr_line' id='line_1_47' title="bbox 238 2533 937 2573; baseline -0.004 -8"><span class='ocrx_word' id='word_1_258' title='bbox 238 2534 420 2572; x_wconf 88' lang='lat' dir='ltr'>locutione,</span> <span class='ocrx_word' id='word_1_259' title='bbox 445 2538 546 2573; x_wconf 85' lang='lat' dir='ltr'>qnam</span> <span class='ocrx_word' id='word_1_260' title='bbox 560 2539 674 2563; x_wconf 72' lang='lat' dir='ltr'>noster</span> <span class='ocrx_word' id='word_1_261' title='bbox 690 2533 817 2572; x_wconf 81' lang='lat' dir='ltr'>repetit</span> <span class='ocrx_word' id='word_1_262' title='bbox 835 2533 937 2563; x_wconf 85' lang='lat' dir='ltr'>etiam</span> 
     </span>
     <span class='ocr_line' id='line_1_48' title="bbox 239 2582 939 2622; baseline -0.004 -7"><span class='ocrx_word' id='word_1_263' title='bbox 239 2594 270 2615; x_wconf 90' lang='lat' dir='ltr'>c.</span> <span class='ocrx_word' id='word_1_264' title='bbox 287 2586 338 2614; x_wconf 77' lang='lat'>62.</span> <span class='ocrx_word' id='word_1_265' title='bbox 356 2586 407 2613; x_wconf 73' lang='lat'>63.</span> <span class='ocrx_word' id='word_1_266' title='bbox 433 2583 519 2612; x_wconf 83' lang='lat' dir='ltr'>linnc</span> <span class='ocrx_word' id='word_1_267' title='bbox 541 2582 720 2622; x_wconf 78' lang='lat' dir='ltr'>scriptorem</span> <span class='ocrx_word' id='word_1_268' title='bbox 743 2582 939 2621; x_wconf 80' lang='lat' dir='ltr'>Africanum,</span> 
     </span>
     <span class='ocr_line' id='line_1_49' title="bbox 240 2631 940 2674; baseline -0.003 -10"><span class='ocrx_word' id='word_1_269' title='bbox 240 2634 345 2674; x_wconf 83' lang='lat' dir='ltr'>hisque</span> <span class='ocrx_word' id='word_1_270' title='bbox 358 2632 545 2673; x_wconf 79' lang='lat' dir='ltr'>temporibus</span> <span class='ocrx_word' id='word_1_271' title='bbox 557 2633 710 2670; x_wconf 80' lang='lat' dir='ltr'>juniorem</span> <span class='ocrx_word' id='word_1_272' title='bbox 726 2631 829 2662; x_wconf 77' lang='lat' dir='ltr'>fuisso</span> <span class='ocrx_word' id='word_1_273' title='bbox 847 2632 940 2662; x_wconf 90' lang='lat' dir='ltr'>colli-</span> 
     </span>
     <span class='ocr_line' id='line_1_50' title="bbox 240 2681 941 2725; baseline -0.003 -10"><span class='ocrx_word' id='word_1_274' title='bbox 240 2684 290 2725; x_wconf 73' lang='lat' dir='ltr'>git</span> <span class='ocrx_word' id='word_1_275' title='bbox 315 2684 540 2715; x_wconf 83' lang='lat' dir='ltr'>Doctissimus</span> <span class='ocrx_word' id='word_1_276' title='bbox 565 2682 772 2713; x_wconf 82' lang='lat' dir='ltr'>Dodwellus.</span> <span class='ocrx_word' id='word_1_277' title='bbox 815 2681 941 2720; x_wconf 71' lang='lat' dir='ltr'>Africu-</span> 
     </span>
     <span class='ocr_line' id='line_1_51' title="bbox 239 2731 942 2775; baseline -0.004 -9"><span class='ocrx_word' id='word_1_278' title='bbox 239 2744 297 2766; x_wconf 49' lang='grc' dir='ltr'>καθ’</span> <span class='ocrx_word' id='word_1_279' title='bbox 335 2734 449 2775; x_wconf 80' lang='lat' dir='ltr'>igitur,</span> <span class='ocrx_word' id='word_1_280' title='bbox 478 2733 587 2774; x_wconf 79' lang='lat' dir='ltr'>hisque</span> <span class='ocrx_word' id='word_1_281' title='bbox 617 2731 803 2773; x_wconf 76' lang='lat' dir='ltr'>temporibus</span> <span class='ocrx_word' id='word_1_282' title='bbox 833 2732 942 2771; x_wconf 75' lang='lat' dir='ltr'>junior·</span> 
     </span>
    </p>
   </div>
   <div class='ocr_carea' id='block_1_3' title="bbox 679 173 1203 205">
    <p class='ocr_par' dir='ltr' id='par_1_5' title="bbox 679 173 1203 205">
     <span class='ocr_line' id='line_1_52' title="bbox 679 173 1203 205; baseline 0.002 -1"><span class='ocrx_word' id='word_1_283' title='bbox 679 173 820 204; x_wconf 63' lang='lat' dir='ltr'>Nom:</span> <span class='ocrx_word' id='word_1_284' title='bbox 854 173 1117 204; x_wconf 77' lang='lat' dir='ltr'>VARIORUM</span> <span class='ocrx_word' id='word_1_285' title='bbox 1152 174 1203 205; x_wconf 83' lang='lat' dir='ltr'>IN</span> 
     </span>
    </p>
   </div>
   <div class='ocr_carea' id='block_1_4' title="bbox 969 266 1697 2776">
    <p class='ocr_par' dir='ltr' id='par_1_6' title="bbox 969 266 1679 960">
     <span class='ocr_line' id='line_1_53' title="bbox 970 266 1671 309; baseline 0.004 -12"><span class='ocrx_word' id='word_1_286' title='bbox 970 266 1036 298; x_wconf 78' lang='lat' dir='ltr'>suit</span> <span class='ocrx_word' id='word_1_287' title='bbox 1060 268 1195 298; x_wconf 59' lang='lat' dir='ltr'>(lornei.</span> <span class='ocrx_word' id='word_1_288' title='bbox 1222 267 1350 308; x_wconf 88' lang='lat' dir='ltr'>Nepot.</span> <span class='ocrx_word' id='word_1_289' title='bbox 1379 267 1473 309; x_wconf 85' lang='lat' dir='ltr'>cujus</span> <span class='ocrx_word' id='word_1_290' title='bbox 1496 267 1568 300; x_wconf 79' lang='lat' dir='ltr'>liaec</span> <span class='ocrx_word' id='word_1_291' title='bbox 1592 271 1671 300; x_wconf 82' lang='lat' dir='ltr'>sunt</span> 
     </span>
     <span class='ocr_line' id='line_1_54' title="bbox 969 318 1673 350; baseline -0.001 -2"><span class='ocrx_word' id='word_1_292' title='bbox 969 318 1002 348; x_wconf 90' lang='lat' dir='ltr'>iu</span> <span class='ocrx_word' id='word_1_293' title='bbox 1026 319 1256 349; x_wconf 70' lang='lat' dir='ltr'>Themistocle</span> <span class='ocrx_word' id='word_1_294' title='bbox 1282 328 1311 349; x_wconf 89' lang='lat' dir='ltr'>c.</span> <span class='ocrx_word' id='word_1_295' title='bbox 1337 321 1366 348; x_wconf 87' lang='grc'>8.</span> <span class='ocrx_word' id='word_1_296' title='bbox 1390 320 1398 335; x_wconf 91' lang='lat'>‘</span> <span class='ocrx_word' id='word_1_297' title='bbox 1413 319 1503 349; x_wconf 83' lang='lat' dir='ltr'>diem</span> <span class='ocrx_word' id='word_1_298' title='bbox 1523 323 1673 350; x_wconf 76' lang='lat' dir='ltr'>noctem-</span> 
     </span>
     <span class='ocr_line' id='line_1_55' title="bbox 971 368 1671 408; baseline 0.004 -12"><span class='ocrx_word' id='word_1_299' title='bbox 971 377 1034 408; x_wconf 83' lang='lat' dir='ltr'>que</span> <span class='ocrx_word' id='word_1_300' title='bbox 1061 369 1176 408; x_wconf 86' lang='lat' dir='ltr'>procul</span> <span class='ocrx_word' id='word_1_301' title='bbox 1201 369 1242 399; x_wconf 90' lang='lat' dir='ltr'>ab</span> <span class='ocrx_word' id='word_1_302' title='bbox 1269 369 1376 399; x_wconf 78' lang='lat' dir='ltr'>insula</span> <span class='ocrx_word' id='word_1_303' title='bbox 1404 368 1435 398; x_wconf 83' lang='lat' dir='ltr'>in</span> <span class='ocrx_word' id='word_1_304' title='bbox 1462 369 1526 399; x_wconf 76' lang='lat' dir='ltr'>salo</span> <span class='ocrx_word' id='word_1_305' title='bbox 1551 377 1671 400; x_wconf 87' lang='lat' dir='ltr'>navem</span> 
     </span>
     <span class='ocr_line' id='line_1_56' title="bbox 972 417 1674 449; baseline 0.003 -3"><span class='ocrx_word' id='word_1_306' title='bbox 972 417 1081 448; x_wconf 79' lang='lat' dir='ltr'>tenuit</span> <span class='ocrx_word' id='word_1_307' title='bbox 1115 417 1148 447; x_wconf 90' lang='lat' dir='ltr'>in</span> <span class='ocrx_word' id='word_1_308' title='bbox 1179 418 1354 449; x_wconf 81' lang='lat' dir='ltr'>anchoris.&#39;</span> <span class='ocrx_word' id='word_1_309' title='bbox 1401 418 1566 448; x_wconf 87' lang='lat' dir='ltr'>Similiter</span> <span class='ocrx_word' id='word_1_310' title='bbox 1593 419 1674 449; x_wconf 88' lang='lat' dir='ltr'>‘na-</span> 
     </span>
     <span class='ocr_line' id='line_1_57' title="bbox 972 466 1673 499; baseline 0.004 -4"><span class='ocrx_word' id='word_1_311' title='bbox 972 466 1060 497; x_wconf 89' lang='lat' dir='ltr'>vium</span> <span class='ocrx_word' id='word_1_312' title='bbox 1085 467 1117 496; x_wconf 92' lang='lat' dir='ltr'>in</span> <span class='ocrx_word' id='word_1_313' title='bbox 1142 469 1212 498; x_wconf 83' lang='lat' dir='ltr'>salo</span> <span class='ocrx_word' id='word_1_314' title='bbox 1237 468 1407 499; x_wconf 81' lang='lat' dir='ltr'>stantium’</span> <span class='ocrx_word' id='word_1_315' title='bbox 1432 468 1585 499; x_wconf 80' lang='lat' dir='ltr'>meminit</span> <span class='ocrx_word' id='word_1_316' title='bbox 1602 467 1673 499; x_wconf 89' lang='lat' dir='ltr'>Pli-</span> 
     </span>
     <span class='ocr_line' id='line_1_58' title="bbox 972 517 1676 559; baseline 0.004 -13"><span class='ocrx_word' id='word_1_317' title='bbox 972 517 1045 546; x_wconf 88' lang='lat' dir='ltr'>nius</span> <span class='ocrx_word' id='word_1_318' title='bbox 1073 517 1117 547; x_wconf 83' lang='lat' dir='ltr'>H.</span> <span class='ocrx_word' id='word_1_319' title='bbox 1138 517 1182 547; x_wconf 80' lang='lat' dir='ltr'>N.</span> <span class='ocrx_word' id='word_1_320' title='bbox 1207 518 1296 548; x_wconf 89' lang='lat' dir='ltr'>l.1x.</span> <span class='ocrx_word' id='word_1_321' title='bbox 1323 520 1339 558; x_wconf 60' lang='grc' dir='ltr'>ς</span> <span class='ocrx_word' id='word_1_322' title='bbox 1362 522 1414 549; x_wconf 78' lang='lat'>70.</span> <span class='ocrx_word' id='word_1_323' title='bbox 1463 519 1575 559; x_wconf 83' lang='lat' dir='ltr'>Isque,</span> <span class='ocrx_word' id='word_1_324' title='bbox 1592 519 1676 550; x_wconf 87' lang='lat' dir='ltr'>licet</span> 
     </span>
     <span class='ocr_line' id='line_1_59' title="bbox 972 567 1677 609; baseline 0.004 -12"><span class='ocrx_word' id='word_1_325' title='bbox 972 567 1022 597; x_wconf 82' lang='lat' dir='ltr'>lus</span> <span class='ocrx_word' id='word_1_326' title='bbox 1041 568 1251 608; x_wconf 75' lang='lat' dir='ltr'>temporibus</span> <span class='ocrx_word' id='word_1_327' title='bbox 1270 569 1383 608; x_wconf 86' lang='lat' dir='ltr'>paullo</span> <span class='ocrx_word' id='word_1_328' title='bbox 1399 569 1514 609; x_wconf 78' lang='lat' dir='ltr'>junior</span> <span class='ocrx_word' id='word_1_329' title='bbox 1531 569 1677 609; x_wconf 79' lang='lat' dir='ltr'>scriptor</span> 
     </span>
     <span class='ocr_line' id='line_1_60' title="bbox 971 615 1678 655; baseline 0.007 -9"><span class='ocrx_word' id='word_1_330' title='bbox 971 615 1035 647; x_wconf 81' lang='lat' dir='ltr'>fuit</span> <span class='ocrx_word' id='word_1_331' title='bbox 1053 626 1117 647; x_wconf 92' lang='lat' dir='ltr'>non</span> <span class='ocrx_word' id='word_1_332' title='bbox 1135 616 1327 655; x_wconf 72' lang='lat' dir='ltr'>Africanus,</span> <span class='ocrx_word' id='word_1_333' title='bbox 1339 617 1398 647; x_wconf 88' lang='lat' dir='ltr'>sed</span> <span class='ocrx_word' id='word_1_334' title='bbox 1415 618 1534 650; x_wconf 89' lang='lat' dir='ltr'>Italus.</span> <span class='ocrx_word' id='word_1_335' title='bbox 1562 618 1678 651; x_wconf 72' lang='lat' dir='ltr'>Davis-</span> 
     </span>
     <span class='ocr_line' id='line_1_61' title="bbox 973 668 1676 701; baseline 0.006 -4"><span class='ocrx_word' id='word_1_336' title='bbox 973 677 1045 698; x_wconf 89' lang='lat' dir='ltr'>cur.</span> <span class='ocrx_word' id='word_1_337' title='bbox 1064 677 1132 698; x_wconf 80' lang='lat' dir='ltr'>sec.</span> <span class='ocrx_word' id='word_1_338' title='bbox 1180 668 1274 699; x_wconf 90' lang='lat' dir='ltr'>Beue</span> <span class='ocrx_word' id='word_1_339' title='bbox 1297 668 1328 698; x_wconf 84' lang='lat' dir='ltr'>in</span> <span class='ocrx_word' id='word_1_340' title='bbox 1345 669 1407 698; x_wconf 81' lang='lat' dir='ltr'>salo</span> <span class='ocrx_word' id='word_1_341' title='bbox 1433 678 1449 698; x_wconf 85' lang='lat' dir='ltr'>e</span> <span class='ocrx_word' id='word_1_342' title='bbox 1466 679 1525 699; x_wconf 80' lang='lat' dir='ltr'>suo</span> <span class='ocrx_word' id='word_1_343' title='bbox 1547 669 1676 701; x_wconf 85' lang='lat' dir='ltr'>Codice</span> 
     </span>
     <span class='ocr_line' id='line_1_62' title="bbox 974 717 1677 760; baseline 0.006 -13"><span class='ocrx_word' id='word_1_344' title='bbox 974 717 1125 748; x_wconf 84' lang='lat' dir='ltr'>restitnit</span> <span class='ocrx_word' id='word_1_345' title='bbox 1150 718 1307 756; x_wconf 73' lang='lat' dir='ltr'>Ursinus,</span> <span class='ocrx_word' id='word_1_346' title='bbox 1334 718 1388 748; x_wconf 90' lang='lat' dir='ltr'>cui</span> <span class='ocrx_word' id='word_1_347' title='bbox 1412 719 1579 750; x_wconf 85' lang='lat' dir='ltr'>accedunt</span> <span class='ocrx_word' id='word_1_348' title='bbox 1601 719 1677 760; x_wconf 86' lang='lat' dir='ltr'>Cuj.</span> 
     </span>
     <span class='ocr_line' id='line_1_63' title="bbox 975 767 1679 810; baseline 0.004 -12"><span class='ocrx_word' id='word_1_349' title='bbox 975 768 1052 799; x_wconf 88' lang='lat' dir='ltr'>Pet.</span> <span class='ocrx_word' id='word_1_350' title='bbox 1067 769 1156 799; x_wconf 86' lang='lat' dir='ltr'>Scal.</span> <span class='ocrx_word' id='word_1_351' title='bbox 1174 774 1209 799; x_wconf 90' lang='lat' dir='ltr'>et</span> <span class='ocrx_word' id='word_1_352' title='bbox 1232 769 1328 799; x_wconf 90' lang='lat' dir='ltr'>Leid.</span> <span class='ocrx_word' id='word_1_353' title='bbox 1347 778 1398 808; x_wconf 87' lang='lat' dir='ltr'>pr.</span> <span class='ocrx_word' id='word_1_354' title='bbox 1446 767 1498 800; x_wconf 77' lang='lat' dir='ltr'>Ab</span> <span class='ocrx_word' id='word_1_355' title='bbox 1523 769 1606 810; x_wconf 86' lang='lat' dir='ltr'>aliis,</span> <span class='ocrx_word' id='word_1_356' title='bbox 1626 770 1679 801; x_wconf 87' lang='lat' dir='ltr'>uti</span> 
     </span>
     <span class='ocr_line' id='line_1_64' title="bbox 974 819 1679 859; baseline 0.004 -10"><span class='ocrx_word' id='word_1_357' title='bbox 974 824 1010 850; x_wconf 86' lang='lat' dir='ltr'>et</span> <span class='ocrx_word' id='word_1_358' title='bbox 1028 819 1114 849; x_wconf 79' lang='lat' dir='ltr'>Edd.</span> <span class='ocrx_word' id='word_1_359' title='bbox 1141 820 1307 859; x_wconf 85' lang='lat' dir='ltr'>prioribus</span> <span class='ocrx_word' id='word_1_360' title='bbox 1326 829 1426 850; x_wconf 86' lang='lat' dir='ltr'>voces</span> <span class='ocrx_word' id='word_1_361' title='bbox 1450 820 1482 850; x_wconf 85' lang='lat' dir='ltr'>in</span> <span class='ocrx_word' id='word_1_362' title='bbox 1497 821 1561 851; x_wconf 82' lang='lat' dir='ltr'>salo</span> <span class='ocrx_word' id='word_1_363' title='bbox 1583 830 1679 852; x_wconf 84' lang='lat' dir='ltr'>exsu-</span> 
     </span>
     <span class='ocr_line' id='line_1_65' title="bbox 975 869 1679 911; baseline 0.004 -12"><span class='ocrx_word' id='word_1_364' title='bbox 975 869 1056 900; x_wconf 84' lang='lat' dir='ltr'>lant.</span> <span class='ocrx_word' id='word_1_365' title='bbox 1102 869 1203 900; x_wconf 85' lang='lat' dir='ltr'>Auct.</span> <span class='ocrx_word' id='word_1_366' title='bbox 1227 871 1268 900; x_wconf 90' lang='lat' dir='ltr'>B.</span> <span class='ocrx_word' id='word_1_367' title='bbox 1287 871 1388 910; x_wconf 82' lang='lat' dir='ltr'>Hisp.</span> <span class='ocrx_word' id='word_1_368' title='bbox 1417 880 1447 901; x_wconf 93' lang='lat' dir='ltr'>c.</span> <span class='ocrx_word' id='word_1_369' title='bbox 1465 873 1517 902; x_wconf 74' lang='lat'>40.</span> <span class='ocrx_word' id='word_1_370' title='bbox 1540 873 1549 888; x_wconf 80' lang='lat'><em>⁴</em></span> <span class='ocrx_word' id='word_1_371' title='bbox 1565 881 1679 911; x_wconf 59' lang='lat' dir='ltr'>uates,</span> 
     </span>
     <span class='ocr_line' id='line_1_66' title="bbox 976 920 1366 960; baseline 0.003 -10"><span class='ocrx_word' id='word_1_372' title='bbox 976 930 1050 960; x_wconf 83' lang='lat' dir='ltr'>quae</span> <span class='ocrx_word' id='word_1_373' title='bbox 1068 921 1101 950; x_wconf 90' lang='lat' dir='ltr'>in</span> <span class='ocrx_word' id='word_1_374' title='bbox 1118 921 1189 951; x_wconf 87' lang='lat' dir='ltr'>salo</span> <span class='ocrx_word' id='word_1_375' title='bbox 1205 920 1366 951; x_wconf 63' lang='lat' dir='ltr'>fuerunt!</span> 
     </span>
    </p>

    <p class='ocr_par' dir='ltr' id='par_1_7' title="bbox 977 971 1697 2776">
     <span class='ocr_line' id='line_1_67' title="bbox 1021 971 1680 1013; baseline 0.003 -11"><span class='ocrx_word' id='word_1_376' title='bbox 1021 980 1132 1002; x_wconf 66' lang='lat' dir='ltr'>xcvii.</span> <span class='ocrx_word' id='word_1_377' title='bbox 1150 974 1170 1002; x_wconf 88' lang='grc'>2</span> <span class='ocrx_word' id='word_1_378' title='bbox 1194 972 1399 1012; x_wconf 81' lang='lat' dir='ltr'>Virgiliarum</span> <span class='ocrx_word' id='word_1_379' title='bbox 1420 972 1509 1012; x_wconf 75' lang='lat' dir='ltr'>signo</span> <span class='ocrx_word' id='word_1_380' title='bbox 1530 971 1680 1013; x_wconf 68' lang='lat' dir='ltr'>consecto,</span> 
     </span>
     <span class='ocr_line' id='line_1_68' title="bbox 977 1023 1679 1064; baseline 0.001 -11"><span class='ocrx_word' id='word_1_381' title='bbox 977 1023 1102 1053; x_wconf 83' lang='lat' dir='ltr'>circiter</span> <span class='ocrx_word' id='word_1_382' title='bbox 1140 1023 1254 1062; x_wconf 75' lang='lat' dir='ltr'>vigilia</span> <span class='ocrx_word' id='word_1_383' title='bbox 1290 1025 1420 1054; x_wconf 78' lang='lat' dir='ltr'>secunda</span> <span class='ocrx_word' id='word_1_384' title='bbox 1456 1024 1566 1063; x_wconf 75' lang='lat' dir='ltr'>noctis,</span> <span class='ocrx_word' id='word_1_385' title='bbox 1607 1023 1679 1064; x_wconf 56' lang='grc' dir='ltr'>ξω]</span> 
     </span>
     <span class='ocr_line' id='line_1_69' title="bbox 979 1073 1685 1116; baseline 0 -12"><span class='ocrx_word' id='word_1_386' title='bbox 979 1073 1123 1104; x_wconf 81' lang='lat' dir='ltr'>Codices</span> <span class='ocrx_word' id='word_1_387' title='bbox 1152 1074 1318 1115; x_wconf 88' lang='lat' dir='ltr'>nonnulli,</span> <span class='ocrx_word' id='word_1_388' title='bbox 1348 1074 1560 1112; x_wconf 72' lang='lat' dir='ltr'>Vigiliarum5</span> <span class='ocrx_word' id='word_1_389' title='bbox 1590 1074 1685 1116; x_wconf 64' lang='lat' dir='ltr'>quod‘</span> 
     </span>
     <span class='ocr_line' id='line_1_70' title="bbox 979 1123 1684 1164; baseline 0.001 -11"><span class='ocrx_word' id='word_1_390' title='bbox 979 1128 1116 1154; x_wconf 86' lang='lat' dir='ltr'>strenue</span> <span class='ocrx_word' id='word_1_391' title='bbox 1148 1128 1342 1164; x_wconf 80' lang='lat' dir='ltr'>propugnat</span> <span class='ocrx_word' id='word_1_392' title='bbox 1379 1123 1582 1154; x_wconf 88' lang='lat' dir='ltr'>Goduiuus:</span> <span class='ocrx_word' id='word_1_393' title='bbox 1622 1123 1684 1154; x_wconf 89' lang='lat' dir='ltr'>sed</span> 
     </span>
     <span class='ocr_line' id='line_1_71' title="bbox 980 1173 1683 1213; baseline 0.001 -11"><span class='ocrx_word' id='word_1_394' title='bbox 980 1183 1160 1213; x_wconf 79' lang='lat' dir='ltr'>perperam</span> <span class='ocrx_word' id='word_1_395' title='bbox 1177 1173 1370 1203; x_wconf 80' lang='lat' dir='ltr'>admodum.</span> <span class='ocrx_word' id='word_1_396' title='bbox 1411 1174 1537 1203; x_wconf 83' lang='lat' dir='ltr'>Mirum</span> <span class='ocrx_word' id='word_1_397' title='bbox 1555 1178 1683 1212; x_wconf 82' lang='lat' dir='ltr'>autem,</span> 
     </span>
     <span class='ocr_line' id='line_1_72' title="bbox 980 1222 1682 1255; baseline 0.003 -3"><span class='ocrx_word' id='word_1_398' title='bbox 980 1223 1081 1252; x_wconf 83' lang='lat' dir='ltr'>etiam</span> <span class='ocrx_word' id='word_1_399' title='bbox 1106 1223 1205 1253; x_wconf 78' lang='lat' dir='ltr'>Viros</span> <span class='ocrx_word' id='word_1_400' title='bbox 1235 1222 1405 1253; x_wconf 79' lang='lat' dir='ltr'>doctiores</span> <span class='ocrx_word' id='word_1_401' title='bbox 1428 1222 1482 1253; x_wconf 88' lang='lat' dir='ltr'>hic</span> <span class='ocrx_word' id='word_1_402' title='bbox 1510 1223 1682 1255; x_wconf 70' lang='lat' dir='ltr'>liaesitare.</span> 
     </span>
     <span class='ocr_line' id='line_1_73' title="bbox 982 1273 1684 1313; baseline 0.003 -10"><span class='ocrx_word' id='word_1_403' title='bbox 982 1273 1068 1304; x_wconf 78' lang='lat' dir='ltr'>Nam</span> <span class='ocrx_word' id='word_1_404' title='bbox 1086 1278 1121 1304; x_wconf 85' lang='lat' dir='ltr'>et</span> <span class='ocrx_word' id='word_1_405' title='bbox 1145 1273 1331 1304; x_wconf 84' lang='lat' dir='ltr'>Cellarius:</span> <span class='ocrx_word' id='word_1_406' title='bbox 1362 1274 1371 1290; x_wconf 86' lang='lat'>‘</span> <span class='ocrx_word' id='word_1_407' title='bbox 1386 1273 1604 1313; x_wconf 81' lang='lat' dir='ltr'>Virgiliarum</span> <span class='ocrx_word' id='word_1_408' title='bbox 1629 1282 1684 1305; x_wconf 92' lang='lat' dir='ltr'>oc-</span> 
     </span>
     <span class='ocr_line' id='line_1_74' title="bbox 982 1322 1685 1364; baseline 0.001 -11"><span class='ocrx_word' id='word_1_409' title='bbox 982 1322 1120 1361; x_wconf 81' lang='lat' dir='ltr'>casum,’</span> <span class='ocrx_word' id='word_1_410' title='bbox 1151 1323 1270 1364; x_wconf 87' lang='lat' dir='ltr'>inquit,</span> <span class='ocrx_word' id='word_1_411' title='bbox 1297 1324 1305 1339; x_wconf 92' lang='lat'>‘</span> <span class='ocrx_word' id='word_1_412' title='bbox 1323 1323 1482 1363; x_wconf 85' lang='lat' dir='ltr'>qualem?</span> <span class='ocrx_word' id='word_1_413' title='bbox 1513 1323 1685 1354; x_wconf 80' lang='lat' dir='ltr'>Videntur</span> 
     </span>
     <span class='ocr_line' id='line_1_75' title="bbox 981 1374 1685 1414; baseline 0.003 -11"><span class='ocrx_word' id='word_1_414' title='bbox 981 1374 1070 1404; x_wconf 88' lang='lat' dir='ltr'>enim</span> <span class='ocrx_word' id='word_1_415' title='bbox 1087 1374 1159 1404; x_wconf 78' lang='lat' dir='ltr'>liaec</span> <span class='ocrx_word' id='word_1_416' title='bbox 1177 1383 1292 1405; x_wconf 85' lang='lat' dir='ltr'>mense</span> <span class='ocrx_word' id='word_1_417' title='bbox 1308 1374 1494 1405; x_wconf 83' lang='lat' dir='ltr'>Februario</span> <span class='ocrx_word' id='word_1_418' title='bbox 1507 1374 1685 1414; x_wconf 86' lang='lat' dir='ltr'>accidisse,</span> 
     </span>
     <span class='ocr_line' id='line_1_76' title="bbox 983 1424 1688 1466; baseline 0.001 -11"><span class='ocrx_word' id='word_1_419' title='bbox 983 1435 1048 1466; x_wconf 90' lang='lat' dir='ltr'>qno</span> <span class='ocrx_word' id='word_1_420' title='bbox 1072 1424 1248 1455; x_wconf 84' lang='lat' dir='ltr'>Pleiadum</span> <span class='ocrx_word' id='word_1_421' title='bbox 1273 1435 1336 1455; x_wconf 75' lang='lat' dir='ltr'>nec</span> <span class='ocrx_word' id='word_1_422' title='bbox 1363 1425 1542 1464; x_wconf 81' lang='lat' dir='ltr'>eosniicus,</span> <span class='ocrx_word' id='word_1_423' title='bbox 1566 1434 1629 1456; x_wconf 87' lang='lat' dir='ltr'>nec</span> <span class='ocrx_word' id='word_1_424' title='bbox 1655 1434 1688 1456; x_wconf 81' lang='lat' dir='ltr'>a·</span> 
     </span>
     <span class='ocr_line' id='line_1_77' title="bbox 982 1476 1685 1516; baseline 0.001 -10"><span class='ocrx_word' id='word_1_425' title='bbox 982 1477 1183 1516; x_wconf 75' lang='lat' dir='ltr'>cronycinis,</span> <span class='ocrx_word' id='word_1_426' title='bbox 1219 1485 1331 1516; x_wconf 77' lang='lat' dir='ltr'>neque</span> <span class='ocrx_word' id='word_1_427' title='bbox 1367 1476 1514 1506; x_wconf 78' lang='lat' dir='ltr'>heliacus</span> <span class='ocrx_word' id='word_1_428' title='bbox 1546 1485 1685 1507; x_wconf 86' lang='lat' dir='ltr'>occasus</span> 
     </span>
     <span class='ocr_line' id='line_1_78' title="bbox 982 1525 1688 1557; baseline 0.001 -1"><span class='ocrx_word' id='word_1_429' title='bbox 982 1525 1105 1557; x_wconf 63' lang='lat' dir='ltr'>datur!</span> <span class='ocrx_word' id='word_1_430' title='bbox 1164 1526 1303 1557; x_wconf 83' lang='lat' dir='ltr'>Oblitus</span> <span class='ocrx_word' id='word_1_431' title='bbox 1335 1531 1409 1556; x_wconf 85' lang='lat' dir='ltr'>erat</span> <span class='ocrx_word' id='word_1_432' title='bbox 1439 1526 1595 1556; x_wconf 83' lang='lat' dir='ltr'>nimirum</span> <span class='ocrx_word' id='word_1_433' title='bbox 1624 1525 1688 1557; x_wconf 89' lang='lat' dir='ltr'>Vir</span> 
     </span>
     <span class='ocr_line' id='line_1_79' title="bbox 982 1575 1686 1616; baseline 0.001 -11"><span class='ocrx_word' id='word_1_434' title='bbox 982 1575 1195 1606; x_wconf 76' lang='lat' dir='ltr'>doctissimus</span> <span class='ocrx_word' id='word_1_435' title='bbox 1229 1575 1408 1606; x_wconf 87' lang='lat' dir='ltr'>verborum</span> <span class='ocrx_word' id='word_1_436' title='bbox 1447 1575 1686 1616; x_wconf 84' lang='lat' dir='ltr'>sequentium;</span> 
     </span>
     <span class='ocr_line' id='line_1_80' title="bbox 982 1625 1687 1664; baseline 0.001 -9"><span class='ocrx_word' id='word_1_437' title='bbox 982 1626 1109 1655; x_wconf 78' lang='lat' dir='ltr'>circiter</span> <span class='ocrx_word' id='word_1_438' title='bbox 1122 1625 1231 1664; x_wconf 68' lang='lat' dir='ltr'>vig-iliu</span> <span class='ocrx_word' id='word_1_439' title='bbox 1249 1625 1379 1655; x_wconf 79' lang='lat' dir='ltr'>secunda</span> <span class='ocrx_word' id='word_1_440' title='bbox 1395 1625 1503 1656; x_wconf 71' lang='lat' dir='ltr'>noctis.</span> <span class='ocrx_word' id='word_1_441' title='bbox 1550 1625 1687 1656; x_wconf 86' lang='lat' dir='ltr'>Etenim</span> 
     </span>
     <span class='ocr_line' id='line_1_81' title="bbox 982 1676 1688 1717; baseline 0.001 -12"><span class='ocrx_word' id='word_1_442' title='bbox 982 1685 1099 1705; x_wconf 76' lang='lat' dir='ltr'>mense</span> <span class='ocrx_word' id='word_1_443' title='bbox 1124 1676 1322 1715; x_wconf 84' lang='lat' dir='ltr'>Februario,</span> <span class='ocrx_word' id='word_1_444' title='bbox 1346 1685 1446 1717; x_wconf 90' lang='lat' dir='ltr'>quum</span> <span class='ocrx_word' id='word_1_445' title='bbox 1464 1676 1520 1707; x_wconf 87' lang='lat' dir='ltr'>Sol</span> <span class='ocrx_word' id='word_1_446' title='bbox 1537 1676 1570 1706; x_wconf 89' lang='lat' dir='ltr'>in</span> <span class='ocrx_word' id='word_1_447' title='bbox 1592 1677 1688 1717; x_wconf 87' lang='lat' dir='ltr'>signo</span> 
     </span>
     <span class='ocr_line' id='line_1_82' title="bbox 984 1725 1686 1768; baseline 0.001 -12"><span class='ocrx_word' id='word_1_448' title='bbox 984 1725 1137 1756; x_wconf 74' lang='lat' dir='ltr'>Piscium</span> <span class='ocrx_word' id='word_1_449' title='bbox 1176 1731 1357 1764; x_wconf 79' lang='lat' dir='ltr'>versatur3</span> <span class='ocrx_word' id='word_1_450' title='bbox 1401 1726 1572 1766; x_wconf 83' lang='lat' dir='ltr'>Pleiades,</span> <span class='ocrx_word' id='word_1_451' title='bbox 1611 1735 1686 1768; x_wconf 76' lang='lat' dir='ltr'>quae</span> 
     </span>
     <span class='ocr_line' id='line_1_83' title="bbox 985 1777 1689 1818; baseline 0.003 -12"><span class='ocrx_word' id='word_1_452' title='bbox 985 1782 1064 1807; x_wconf 80' lang='lat' dir='ltr'>sunt</span> <span class='ocrx_word' id='word_1_453' title='bbox 1082 1777 1112 1807; x_wconf 90' lang='lat' dir='ltr'>in</span> <span class='ocrx_word' id='word_1_454' title='bbox 1131 1777 1226 1818; x_wconf 80' lang='lat' dir='ltr'>signo</span> <span class='ocrx_word' id='word_1_455' title='bbox 1241 1778 1359 1816; x_wconf 85' lang='lat' dir='ltr'>Tauri,</span> <span class='ocrx_word' id='word_1_456' title='bbox 1376 1787 1440 1808; x_wconf 89' lang='lat' dir='ltr'>non</span> <span class='ocrx_word' id='word_1_457' title='bbox 1466 1782 1608 1817; x_wconf 85' lang='lat' dir='ltr'>possunt</span> <span class='ocrx_word' id='word_1_458' title='bbox 1623 1786 1689 1808; x_wconf 88' lang='lat' dir='ltr'>non</span> 
     </span>
     <span class='ocr_line' id='line_1_84' title="bbox 985 1827 1691 1867; baseline 0.001 -10"><span class='ocrx_word' id='word_1_459' title='bbox 985 1827 1143 1858; x_wconf 84' lang='lat' dir='ltr'>occidere</span> <span class='ocrx_word' id='word_1_460' title='bbox 1168 1828 1308 1859; x_wconf 83' lang='lat' dir='ltr'>circiter</span> <span class='ocrx_word' id='word_1_461' title='bbox 1333 1828 1444 1867; x_wconf 76' lang='lat' dir='ltr'>vigilio</span> <span class='ocrx_word' id='word_1_462' title='bbox 1467 1829 1599 1858; x_wconf 82' lang='lat' dir='ltr'>secunda</span> <span class='ocrx_word' id='word_1_463' title='bbox 1620 1838 1691 1858; x_wconf 86' lang='lat' dir='ltr'>noc-</span> 
     </span>
     <span class='ocr_line' id='line_1_85' title="bbox 985 1878 1693 1917; baseline 0.003 -10"><span class='ocrx_word' id='word_1_464' title='bbox 985 1878 1036 1908; x_wconf 80' lang='lat' dir='ltr'>tis.</span> <span class='ocrx_word' id='word_1_465' title='bbox 1084 1879 1255 1908; x_wconf 76' lang='lat' dir='ltr'>Ca’ternm</span> <span class='ocrx_word' id='word_1_466' title='bbox 1294 1878 1321 1908; x_wconf 82' lang='lat' dir='ltr'>si</span> <span class='ocrx_word' id='word_1_467' title='bbox 1359 1879 1432 1909; x_wconf 75' lang='lat' dir='ltr'>haec</span> <span class='ocrx_word' id='word_1_468' title='bbox 1465 1878 1582 1917; x_wconf 85' lang='lat' dir='ltr'>verba,</span> <span class='ocrx_word' id='word_1_469' title='bbox 1625 1879 1693 1909; x_wconf 87' lang='lat' dir='ltr'>Vir·</span> 
     </span>
     <span class='ocr_line' id='line_1_86' title="bbox 982 1927 1689 1968; baseline 0 -10"><span class='ocrx_word' id='word_1_470' title='bbox 982 1929 1132 1967; x_wconf 79' lang='lat' dir='ltr'>giliarum</span> <span class='ocrx_word' id='word_1_471' title='bbox 1165 1929 1254 1967; x_wconf 73' lang='lat' dir='ltr'>signo</span> <span class='ocrx_word' id='word_1_472' title='bbox 1290 1928 1437 1968; x_wconf 84' lang='lat' dir='ltr'>confecto,</span> <span class='ocrx_word' id='word_1_473' title='bbox 1474 1929 1607 1958; x_wconf 91' lang='lat' dir='ltr'>omniuo</span> <span class='ocrx_word' id='word_1_474' title='bbox 1645 1927 1689 1959; x_wconf 87' lang='lat' dir='ltr'>de</span> 
     </span>
     <span class='ocr_line' id='line_1_87' title="bbox 986 1977 1693 2018; baseline 0.001 -11"><span class='ocrx_word' id='word_1_475' title='bbox 986 1978 1062 2008; x_wconf 88' lang='lat' dir='ltr'>anni</span> <span class='ocrx_word' id='word_1_476' title='bbox 1094 1983 1300 2017; x_wconf 80' lang='lat' dir='ltr'>tempestate</span> <span class='ocrx_word' id='word_1_477' title='bbox 1339 1983 1417 2008; x_wconf 91' lang='lat' dir='ltr'>sunt</span> <span class='ocrx_word' id='word_1_478' title='bbox 1444 1977 1693 2018; x_wconf 85' lang='lat' dir='ltr'>intelligenda;</span> 
     </span>
     <span class='ocr_line' id='line_1_88' title="bbox 986 2027 1693 2067; baseline 0.001 -9"><span class='ocrx_word' id='word_1_479' title='bbox 986 2032 1070 2067; x_wconf 81' lang='lat' dir='ltr'>tum,</span> <span class='ocrx_word' id='word_1_480' title='bbox 1093 2038 1168 2058; x_wconf 81' lang='lat' dir='ltr'>cuin</span> <span class='ocrx_word' id='word_1_481' title='bbox 1185 2028 1346 2066; x_wconf 71' lang='lat' dir='ltr'>Conni-io,</span> <span class='ocrx_word' id='word_1_482' title='bbox 1369 2027 1549 2058; x_wconf 84' lang='lat' dir='ltr'>dicendum</span> <span class='ocrx_word' id='word_1_483' title='bbox 1567 2031 1619 2058; x_wconf 85' lang='lat' dir='ltr'>est</span> <span class='ocrx_word' id='word_1_484' title='bbox 1639 2037 1693 2059; x_wconf 87' lang='lat' dir='ltr'>ac-</span> 
     </span>
     <span class='ocr_line' id='line_1_89' title="bbox 986 2078 1691 2118; baseline 0.001 -11"><span class='ocrx_word' id='word_1_485' title='bbox 986 2078 1107 2108; x_wconf 78' lang='lat' dir='ltr'>cidisse</span> <span class='ocrx_word' id='word_1_486' title='bbox 1145 2078 1218 2108; x_wconf 81' lang='lat' dir='ltr'>liaee</span> <span class='ocrx_word' id='word_1_487' title='bbox 1255 2078 1394 2108; x_wconf 83' lang='lat' dir='ltr'>ineunte</span> <span class='ocrx_word' id='word_1_488' title='bbox 1429 2078 1567 2118; x_wconf 81' lang='lat' dir='ltr'>Martio,</span> <span class='ocrx_word' id='word_1_489' title='bbox 1601 2078 1691 2118; x_wconf 89' lang='lat' dir='ltr'>quod</span> 
     </span>
     <span class='ocr_line' id='line_1_90' title="bbox 989 2128 1694 2168; baseline 0.004 -11"><span class='ocrx_word' id='word_1_490' title='bbox 989 2134 1122 2168; x_wconf 77' lang='lat' dir='ltr'>tempus</span> <span class='ocrx_word' id='word_1_491' title='bbox 1168 2128 1307 2167; x_wconf 89' lang='lat' dir='ltr'>propius</span> <span class='ocrx_word' id='word_1_492' title='bbox 1346 2128 1443 2158; x_wconf 83' lang='lat' dir='ltr'>abest</span> <span class='ocrx_word' id='word_1_493' title='bbox 1480 2129 1521 2159; x_wconf 91' lang='lat' dir='ltr'>ab</span> <span class='ocrx_word' id='word_1_494' title='bbox 1565 2129 1694 2160; x_wconf 76' lang='lat' dir='ltr'>beliaco</span> 
     </span>
     <span class='ocr_line' id='line_1_91' title="bbox 986 2177 1693 2219; baseline 0.003 -11"><span class='ocrx_word' id='word_1_495' title='bbox 986 2177 1163 2208; x_wconf 83' lang='lat' dir='ltr'>Pleiadum</span> <span class='ocrx_word' id='word_1_496' title='bbox 1180 2187 1301 2208; x_wconf 86' lang='lat' dir='ltr'>occasu</span> <span class='ocrx_word' id='word_1_497' title='bbox 1317 2188 1326 2215; x_wconf 87' lang='lat'>;</span> <span class='ocrx_word' id='word_1_498' title='bbox 1340 2177 1486 2219; x_wconf 88' lang='lat' dir='ltr'>ideoque</span> <span class='ocrx_word' id='word_1_499' title='bbox 1503 2178 1693 2219; x_wconf 84' lang='lat' dir='ltr'>subjecisse</span> 
     </span>
     <span class='ocr_line' id='line_1_92' title="bbox 989 2230 1692 2272; baseline 0.001 -10"><span class='ocrx_word' id='word_1_500' title='bbox 989 2232 1154 2271; x_wconf 90' lang='lat' dir='ltr'>Hirtium,</span> <span class='ocrx_word' id='word_1_501' title='bbox 1203 2231 1268 2262; x_wconf 83' lang='lat' dir='ltr'>Per</span> <span class='ocrx_word' id='word_1_502' title='bbox 1311 2230 1344 2261; x_wconf 77' lang='lat' dir='ltr'>id</span> <span class='ocrx_word' id='word_1_503' title='bbox 1386 2234 1505 2271; x_wconf 79' lang='lat' dir='ltr'>tempus</span> <span class='ocrx_word' id='word_1_504' title='bbox 1526 2231 1610 2272; x_wconf 82' lang='lat' dir='ltr'>sere,</span> <span class='ocrx_word' id='word_1_505' title='bbox 1638 2232 1692 2271; x_wconf 74' lang='lat'>85⁶.</span> 
     </span>
     <span class='ocr_line' id='line_1_93' title="bbox 989 2281 1692 2313; baseline 0.001 -1"><span class='ocrx_word' id='word_1_506' title='bbox 989 2283 1095 2312; x_wconf 80' lang='lat' dir='ltr'>Clark.</span> <span class='ocrx_word' id='word_1_507' title='bbox 1153 2282 1245 2313; x_wconf 88' lang='lat' dir='ltr'>Cave</span> <span class='ocrx_word' id='word_1_508' title='bbox 1278 2282 1388 2312; x_wconf 88' lang='lat' dir='ltr'>locum</span> <span class='ocrx_word' id='word_1_509' title='bbox 1425 2291 1500 2312; x_wconf 89' lang='lat' dir='ltr'>cum</span> <span class='ocrx_word' id='word_1_510' title='bbox 1532 2281 1692 2313; x_wconf 86' lang='lat' dir='ltr'>Goduino</span> 
     </span>
     <span class='ocr_line' id='line_1_94' title="bbox 989 2330 1694 2363; baseline 0.001 -1"><span class='ocrx_word' id='word_1_511' title='bbox 989 2336 1110 2362; x_wconf 83' lang='lat' dir='ltr'>tentes.</span> <span class='ocrx_word' id='word_1_512' title='bbox 1169 2330 1280 2361; x_wconf 63' lang='lat' dir='ltr'>Haesit</span> <span class='ocrx_word' id='word_1_513' title='bbox 1310 2330 1388 2360; x_wconf 90' lang='lat' dir='ltr'>viris</span> <span class='ocrx_word' id='word_1_514' title='bbox 1416 2340 1456 2361; x_wconf 89' lang='lat' dir='ltr'>eo</span> <span class='ocrx_word' id='word_1_515' title='bbox 1485 2331 1694 2363; x_wconf 76' lang='lat' dir='ltr'>doctioribus</span> 
     </span>
     <span class='ocr_line' id='line_1_95' title="bbox 989 2381 1696 2423; baseline 0.001 -11"><span class='ocrx_word' id='word_1_516' title='bbox 989 2392 1088 2423; x_wconf 87' lang='lat' dir='ltr'>aqna,</span> <span class='ocrx_word' id='word_1_517' title='bbox 1104 2382 1193 2423; x_wconf 92' lang='lat' dir='ltr'>quod</span> <span class='ocrx_word' id='word_1_518' title='bbox 1219 2381 1293 2411; x_wconf 74' lang='lat' dir='ltr'>hmc</span> <span class='ocrx_word' id='word_1_519' title='bbox 1311 2381 1352 2411; x_wconf 83' lang='lat' dir='ltr'>ad</span> <span class='ocrx_word' id='word_1_520' title='bbox 1371 2381 1448 2411; x_wconf 85' lang='lat' dir='ltr'>anni</span> <span class='ocrx_word' id='word_1_521' title='bbox 1474 2382 1603 2413; x_wconf 82' lang='lat' dir='ltr'>Juliani</span> <span class='ocrx_word' id='word_1_522' title='bbox 1618 2391 1696 2413; x_wconf 88' lang='lat' dir='ltr'>nor-</span> 
     </span>
     <span class='ocr_line' id='line_1_96' title="bbox 990 2431 1697 2471; baseline 0.001 -9"><span class='ocrx_word' id='word_1_523' title='bbox 990 2442 1078 2463; x_wconf 86' lang='lat' dir='ltr'>mam</span> <span class='ocrx_word' id='word_1_524' title='bbox 1094 2431 1345 2471; x_wconf 74' lang='lat' dir='ltr'>computarint3</span> <span class='ocrx_word' id='word_1_525' title='bbox 1370 2441 1445 2462; x_wconf 81' lang='lat' dir='ltr'>enni</span> <span class='ocrx_word' id='word_1_526' title='bbox 1467 2442 1524 2471; x_wconf 81' lang='lat' dir='ltr'>pro</span> <span class='ocrx_word' id='word_1_527' title='bbox 1546 2442 1617 2463; x_wconf 72' lang='lat' dir='ltr'>tero</span> <span class='ocrx_word' id='word_1_528' title='bbox 1638 2431 1697 2463; x_wconf 73' lang='lat' dir='ltr'>hu-</span> 
     </span>
     <span class='ocr_line' id='line_1_97' title="bbox 981 2483 1695 2523; baseline 0.003 -10"><span class='ocrx_word' id='word_1_529' title='bbox 981 2484 1035 2521; x_wconf 76' lang='lat' dir='ltr'>jus</span> <span class='ocrx_word' id='word_1_530' title='bbox 1060 2483 1134 2512; x_wconf 79' lang='lat' dir='ltr'>anni</span> <span class='ocrx_word' id='word_1_531' title='bbox 1163 2483 1355 2513; x_wconf 80' lang='lat' dir='ltr'>Kulendurio</span> <span class='ocrx_word' id='word_1_532' title='bbox 1382 2484 1501 2523; x_wconf 78' lang='lat' dir='ltr'>primus</span> <span class='ocrx_word' id='word_1_533' title='bbox 1530 2483 1695 2515; x_wconf 77' lang='lat' dir='ltr'>Februarii</span> 
     </span>
     <span class='ocr_line' id='line_1_98' title="bbox 989 2531 1695 2564; baseline 0.004 -3"><span class='ocrx_word' id='word_1_534' title='bbox 989 2532 1055 2562; x_wconf 75' lang='lat' dir='ltr'>(lies</span> <span class='ocrx_word' id='word_1_535' title='bbox 1081 2533 1113 2561; x_wconf 82' lang='lat' dir='ltr'>in</span> <span class='ocrx_word' id='word_1_536' title='bbox 1142 2531 1325 2561; x_wconf 74' lang='lat' dir='ltr'>Novembris</span> <span class='ocrx_word' id='word_1_537' title='bbox 1347 2532 1471 2562; x_wconf 72' lang='lat' dir='ltr'>dulium</span> <span class='ocrx_word' id='word_1_538' title='bbox 1495 2533 1577 2563; x_wconf 84' lang='lat' dir='ltr'>diem</span> <span class='ocrx_word' id='word_1_539' title='bbox 1602 2533 1695 2564; x_wconf 78' lang='lat' dir='ltr'>unde-</span> 
     </span>
     <span class='ocr_line' id='line_1_99' title="bbox 990 2582 1696 2622; baseline 0.006 -10"><span class='ocrx_word' id='word_1_540' title='bbox 990 2584 1101 2612; x_wconf 84' lang='lat' dir='ltr'>cimum</span> <span class='ocrx_word' id='word_1_541' title='bbox 1124 2582 1331 2620; x_wconf 76' lang='lat' dir='ltr'>conveniebat,</span> <span class='ocrx_word' id='word_1_542' title='bbox 1355 2593 1412 2622; x_wconf 83' lang='lat' dir='ltr'>quo</span> <span class='ocrx_word' id='word_1_543' title='bbox 1440 2584 1603 2614; x_wconf 77' lang='lat' dir='ltr'>Pleiadum</span> <span class='ocrx_word' id='word_1_544' title='bbox 1624 2593 1696 2616; x_wconf 80' lang='lat' dir='ltr'>con-</span> 
     </span>
     <span class='ocr_line' id='line_1_100' title="bbox 985 2632 1696 2671; baseline 0.003 -8"><span class='ocrx_word' id='word_1_545' title='bbox 985 2633 1154 2671; x_wconf 77' lang='lat' dir='ltr'>fectionem</span> <span class='ocrx_word' id='word_1_546' title='bbox 1178 2632 1275 2671; x_wconf 75' lang='lat' dir='ltr'>refert</span> <span class='ocrx_word' id='word_1_547' title='bbox 1305 2633 1439 2663; x_wconf 75' lang='lat' dir='ltr'>Plinius.</span> <span class='ocrx_word' id='word_1_548' title='bbox 1488 2633 1601 2664; x_wconf 71' lang='lat' dir='ltr'>Verba</span> <span class='ocrx_word' id='word_1_549' title='bbox 1622 2632 1696 2665; x_wconf 86' lang='lat' dir='ltr'>fere</span> 
     </span>
     <span class='ocr_line' id='line_1_101' title="bbox 994 2682 1695 2715; baseline 0 0"><span class='ocrx_word' id='word_1_550' title='bbox 994 2690 1073 2715; x_wconf 83' lang='lat' dir='ltr'>sunt</span> <span class='ocrx_word' id='word_1_551' title='bbox 1091 2684 1141 2715; x_wconf 92' lang='lat' dir='ltr'>Cl.</span> <span class='ocrx_word' id='word_1_552' title='bbox 1160 2683 1333 2714; x_wconf 88' lang='lat' dir='ltr'>Dodwelli</span> <span class='ocrx_word' id='word_1_553' title='bbox 1349 2682 1428 2715; x_wconf 85' lang='lat' dir='ltr'>diss.</span> <span class='ocrx_word' id='word_1_554' title='bbox 1444 2683 1486 2713; x_wconf 91' lang='lat' dir='ltr'>de</span> <span class='ocrx_word' id='word_1_555' title='bbox 1509 2683 1603 2715; x_wconf 86' lang='lat' dir='ltr'>Julio</span> <span class='ocrx_word' id='word_1_556' title='bbox 1620 2683 1695 2715; x_wconf 84' lang='lat' dir='ltr'>cel-</span> 
     </span>
     <span class='ocr_line' id='line_1_102' title="bbox 994 2733 1694 2776; baseline 0 -10"><span class='ocrx_word' id='word_1_557' title='bbox 994 2745 1031 2766; x_wconf 81' lang='lat' dir='ltr'>so</span> <span class='ocrx_word' id='word_1_558' title='bbox 1047 2736 1064 2776; x_wconf 49' lang='grc' dir='ltr'>ᾗ</span> <span class='ocrx_word' id='word_1_559' title='bbox 1081 2736 1112 2767; x_wconf 80' lang='grc'>8.</span> <span class='ocrx_word' id='word_1_560' title='bbox 1158 2735 1212 2765; x_wconf 88' lang='lat' dir='ltr'>De</span> <span class='ocrx_word' id='word_1_561' title='bbox 1230 2733 1292 2765; x_wconf 83' lang='lat' dir='ltr'>liae</span> <span class='ocrx_word' id='word_1_562' title='bbox 1312 2743 1389 2766; x_wconf 87' lang='lat' dir='ltr'>vero</span> <span class='ocrx_word' id='word_1_563' title='bbox 1405 2743 1442 2766; x_wconf 86' lang='lat' dir='ltr'>re</span> <span class='ocrx_word' id='word_1_564' title='bbox 1465 2738 1574 2775; x_wconf 85' lang='lat' dir='ltr'>nuper</span> <span class='ocrx_word' id='word_1_565' title='bbox 1597 2743 1694 2767; x_wconf 82' lang='lat' dir='ltr'>accu-</span> 
     </span>
    </p>
   </div>
  </div>
 </body>
</html>
