1850 3109
247 154 364 197 1672

249 260 339 292 enim
357 264 392 292 et
416 260 520 302 Apul.
534 259 558 294 1.
574 270 612 293 n.
629 270 662 303 p.
681 265 734 294 30.
780 261 843 294 Ed.
859 261 952 293 Prie.

250 313 259 329 ‘
278 321 384 353 puero
401 318 501 345 extra
527 315 628 346 limen
644 314 827 347 distratum
853 315 952 347 erat!

247 360 425 403 ὑπέστρωτο
441 363 602 396 Luciano.

292 416 328 444 11
357 413 503 445 Resinam
515 419 545 445 et
558 415 704 456 nardum]
729 415 871 447 Codices
882 415 951 452 alii,

250 464 361 495 Vinum
390 468 421 495 et
446 466 587 497 nardum.
632 465 714 506 Alii,
735 466 853 505 vinum,
877 466 952 496 resi·

242 523 327 553 mm,
344 518 374 545 et
390 516 531 546 nardum.
557 516 665 547 Clark.
716 516 828 547 Vinum
837 519 867 547 et
879 526 950 547 nar-

244 565 317 595 dum
346 575 363 594 e
389 567 407 595 3
435 564 595 604 Goduini,
621 566 678 607 qui
694 565 832 607 probat,
850 566 949 598 Codi-

243 613 340 645 cibus
378 615 510 654 recepit
548 615 732 656 Cellarius;
771 621 873 657 atque
900 616 949 647 ita

244 663 331 696 Edd.
350 669 430 696 ante
448 664 622 697 Ursinum.
669 666 744 697 Nisi
767 666 858 707 quod
882 667 948 697 Be-

244 714 380 746 roaldus
402 715 514 747 Vinam
531 719 563 747 et
588 717 721 748 resinam
743 721 773 748 et
796 728 827 748 π.
856 718 948 749 exhi-

244 764 336 796 beat.
381 765 495 798 Vinum
510 766 635 798 habent
652 768 754 799 etiam
770 768 863 800 Leid.
877 778 948 800 sec.

243 820 279 847 et
298 816 404 847 Dorv.
421 818 493 849 sine
510 817 613 850 dubio
636 829 654 850 e
679 819 812 851 Glossa.
858 820 948 852 Nam

239 866 375 897 resinam
407 867 493 899 Mss.
513 868 592 900 Urs.
621 874 657 899 et
687 869 841 900 Latinius
870 879 946 901 cum

243 917 365 950 Petav.
383 923 419 950 et
434 918 516 950 Var.
535 919 632 950 Lect.
655 918 946 959 Cuj.servaruut;

239 966 304 997 uisi
331 972 367 998 et
389 969 452 1000 hoc
477 969 635 1000 videatur
656 978 674 999 e
700 970 843 1001 Glossa:
867 980 945 1000 nam

239 1016 273 1047 in
290 1017 416 1059 Scalig.
434 1024 470 1050 et
496 1019 592 1050 Leid.
617 1029 669 1059 pr.
696 1024 750 1050 est
775 1021 869 1051 sitam
893 1021 946 1051 vel

238 1067 344 1098 sicam.
391 1068 492 1100 Unde
516 1069 592 1109 lego
616 1073 761 1110 stactam,
789 1071 843 1101 vel
865 1074 946 1102 stac-

237 1119 304 1148 tam
320 1119 453 1150 resinam
478 1119 501 1149 i.
525 1129 556 1150 e.
581 1119 809 1159 stillaticiam,
833 1120 946 1161 adjec-

239 1168 310 1199 tive
342 1170 395 1200 vel
424 1170 537 1210 potius
564 1173 695 1201 stactam
722 1171 854 1201 resinam
864 1181 876 1208 ;
907 1176 945 1203 ut

239 1219 362 1256 στακτὴ
376 1220 585 1261 intelligatur
598 1221 743 1261 myrrhoe.
791 1221 944 1263 Utraque

238 1268 325 1300 facit
353 1270 394 1301 ad
419 1270 635 1302 ebrietatem.
689 1271 779 1302 Vide
808 1273 944 1304 omuino

238 1318 369 1350 Comm.
396 1319 438 1351 ad
465 1321 603 1352 Lucret.
622 1330 662 1352 11.
679 1324 754 1354 846.
777 1322 787 1338 ⁴
802 1323 943 1354 Stactae-

238 1379 304 1411 que
320 1371 511 1412 liquorem‚'
539 1376 576 1404 et
595 1372 737 1406 Salmas,
761 1372 849 1405 Plin.
878 1373 944 1405 Ex-

235 1429 305 1452 ere.
321 1431 355 1462 p.
372 1425 447 1453 367.

280 1474 319 1502 14
344 1471 386 1503 Se
397 1473 564 1515 Jugulare]
587 1475 670 1506 Mss.
685 1475 770 1515 Reg.
782 1478 816 1506 et
830 1475 942 1507 Vossii

236 1521 298 1553 cito
320 1533 364 1561 se,
391 1526 443 1565 ὅγε.
480 1526 590 1557 Clark.
635 1525 735 1557 Adde
760 1525 856 1558 Leid.
873 1536 941 1559 sec.

237 1572 396 1605 Ciaccon.
415 1579 451 1605 et
468 1575 556 1607 Edd.
572 1576 673 1608 Vasc.
702 1576 836 1617 Gryph.
851 1581 941 1618 post.

234 1622 353 1665 Steph.
365 1628 400 1655 et
416 1624 560 1657 Stradae.

280 1683 409 1706 xxnv.
433 1678 452 1706 3
477 1676 750 1717 Perveniretsere,
765 1678 939 1720 inter‚l§‘c.]

232 1721 290 1756 Ita
315 1725 661 1768 interstinguendum.
713 1729 840 1770 Vulgg.
866 1739 938 1770 per-

231 1774 365 1817 veniret,
382 1775 455 1814 sere
480 1777 576 1818 inter,
598 1779 650 1818 &aa
694 1778 803 1810 Sensu
829 1779 938 1811 minus

232 1827 422 1859 commodo.
461 1828 570 1859 Clark.

273 1879 295 1907 4
321 1878 401 1913 Quoe
409 1888 449 1910 ex
461 1879 608 1919 profugis
620 1880 818 1921 conscriptae]
844 1881 936 1921 Lege

229 1928 413 1967 conscriptae
432 1928 584 1967 fuerant,-
615 1939 715 1971 quam
731 1940 850 1962 vocem
879 1932 936 1962 ad·

231 1975 378 2008 dendam
395 1977 498 2009 docet
514 1979 599 2010 Msti
614 1979 722 2011 Norv.
739 1981 936 2014 auctoritas,

229 2027 342 2060 Davis-
369 2038 442 2061 cur.
459 2039 529 2062 sec.

275 2081 314 2109 13
338 2079 529 2116 Detinetar,·
558 2090 598 2112 ex
622 2081 731 2121 proelz'o
753 2091 838 2122 quos,
865 2082 935 2123 ξω]

230 2127 286 2160 Ita
314 2129 368 2161 hic
393 2140 528 2172 quoque
558 2131 694 2162 omnino
724 2131 934 2174 distinguen—

228 2179 320 2211 dum.
381 2181 535 2222 Scaliger
570 2181 696 2223 aliique
739 2181 933 2214 ediderant.

229 2229 319 2262 Dum
334 2230 384 2262 hic
403 2231 560 2263 detinetur
581 2242 622 2263 ex
636 2232 755 2273 proelio,
780 2243 863 2274 quos,
879 2235 933 2274 ᾅτ.

228 2281 331 2314 Quod
373 2282 579 2314 sententiam
619 2283 736 2315 turbat
782 2284 932 2325 penitus.

229 2331 323 2364 Quos
342 2337 419 2372 post
437 2333 590 2373 proelium
607 2333 641 2366 in
656 2335 778 2367 Munda
790 2335 933 2367 circum-

227 2381 389 2421 munitos,
427 2385 493 2414 διο.
538 2383 648 2424 Supra
687 2394 717 2416 c.
761 2388 815 2417 33.
854 2387 862 2402 ‘
880 2387 932 2417 Ex

227 2431 347 2473 proelio
375 2433 499 2465 Munda
527 2435 715 2466 munitione
745 2436 932 2468 circumda-

227 2482 287 2515 ta:
333 2483 441 2516 Clark.

270 2542 387 2565 xxxv.
410 2537 431 2567 2
458 2534 565 2577 Tueri]
594 2536 671 2568 Hoc
696 2540 749 2568 est
778 2547 842 2568 sese
867 2537 932 2568 tui-

226 2590 342 2617 turum
357 2585 512 2618 dixisset.
557 2587 644 2618 vide
670 2597 772 2629 supra
798 2588 839 2619 ad
865 2597 929 2621 vn.

227 2639 280 2667 36.
307 2637 415 2668 Clark.
461 2637 527 2669 Adi
543 2643 579 2670 et
600 2638 643 2670 ad
667 2639 709 2670 Β.
738 2639 782 2671 G.
807 2647 847 2670 11.
875 2641 928 2670 32.

225 2686 361 2720 ‘facere
396 2687 579 2720 dixerunt!
634 2690 761 2722 Verum
810 2689 929 2730 optimi

228 2736 364 2770 codices
405 2738 497 2771 aliud
535 2738 615 2781 quid
649 2740 703 2772 hic
755 2739 929 2772 exhibent.

720 166 863 198 NOTAE
894 167 1160 200 VARIORUM
1196 169 1248 201 IN

1007 261 1095 294 Nam
1111 263 1188 295 Pet.
1206 262 1407 304 simpliciter
1427 264 1486 297 dat
1507 266 1550 298 ad
1562 267 1708 308 oppidum

1003 314 1151 344 tuendam
1183 314 1262 346 Can.
1319 315 1416 346 Leid.
1452 316 1551 357 prim.
1580 318 1705 360 Scalig-

1004 362 1113 395 Editt.
1140 363 1241 396 Rom.
1270 365 1363 398 Med.
1390 367 1476 398 Ven.
1499 367 1539 398 ad
1561 369 1707 409 oppidum

1002 422 1067 444 sese
1089 416 1237 446 tuendum
1268 417 1346 448 Can.
1394 417 1625 459 Glandorpius
1647 429 1707 451 no.

1003 467 1055 493 tat
1082 463 1115 494 in
1142 464 1343 505 quibusdam
1360 467 1470 499 Codd.
1498 469 1641 509 reperiri
1664 471 1704 501 ad

1001 514 1147 554 oppidum
1179 524 1244 546 sese
1280 518 1428 549 tuendum
1467 518 1514 550 ire
1562 519 1704 553 dixisset.

1002 565 1124 596 Recte.

1043 618 1064 646 4
1088 615 1169 646 Erat
1183 614 1256 646 bene
1268 618 1507 655 magnum—hic
1528 619 1607 650 clam
1625 630 1708 661 prat

999 665 1079 696 sidia
1100 665 1135 698 in
1160 665 1360 698 Lusitaniam
1383 667 1606 709 prqficiscitur]
1642 670 1706 702 Lo-

999 725 1075 747 cum
1100 717 1187 748 hunc
1223 721 1402 750 tentarunt
1436 719 1534 759 varii,
1572 721 1705 752 sanavit

998 775 1109 798 nemo.
1152 767 1253 799 Joan.
1271 767 1500 810 Glandorpius
1518 769 1612 810 legit.
1661 770 1706 800 E·

997 819 1049 846 rat
1064 816 1150 847 intus
1165 817 1238 848 bene
1253 828 1397 857 magnam
1411 819 1593 859 praesidium
1616 820 1705 851 Pom-

994 866 1178 906 peianorum
1211 868 1390 908 admissum,
1436 871 1514 909 quod
1570 870 1705 901 Coesaris

994 917 1176 956 praesz'dium
1188 921 1343 957 receptam
1353 918 1580 958 indignabatur
1590 931 1602 957 ;
1623 921 1703 951 clam

997 976 1070 1006 ergo
1086 968 1236 1009 quendam
1253 967 1426 1006 Philonem,
1442 969 1528 1000 illum
1544 970 1596 1010 qai
1614 971 1705 1001 Pom-

992 1018 1177 1057 peianarum
1194 1018 1431 1058 partiumforet
1454 1019 1596 1058 defensor·
1618 1030 1702 1051 acer·

994 1068 1105 1108 rimas,
1133 1069 1250 1110 emisit,
1279 1070 1332 1109 &a
1391 1071 1469 1102 Pet.
1499 1071 1701 1103 ciacconius

996 1120 1131 1160 reponit
1157 1123 1223 1150 erat
1251 1120 1323 1151 bene
1351 1131 1464 1160 magna
1487 1131 1595 1152 manas
1617 1122 1702 1153 intra

999 1170 1256 1211 Pompeianarum
1268 1171 1418 1211 partiam,
1429 1182 1496 1211 quoe
1508 1173 1703 1214 proem'diam,

994 1222 1046 1261 ὅτ.
1094 1222 1161 1252 Ms.
1195 1220 1337 1252 Norvic.
1365 1221 1506 1253 exhibet
1531 1225 1599 1253 erat
1629 1222 1702 1254 bene

994 1282 1107 1311 magna
1137 1272 1303 1302 multitudo
1326 1274 1411 1303 intra
1440 1273 1701 1313 Pompeianarum

989 1322 1142 1363 partium,
1157 1332 1224 1362 quoe
1234 1322 1416 1362 praesidiam
1426 1326 1580 1364 receptam
1596 1323 1700 1364 indig-

991 1376 1131 1403 naretur.
1179 1373 1269 1403 Clam
1296 1373 1375 1412 quoa
1403 1372 1534 1404 Philone
1569 1373 1620 1404 illo
1647 1374 1701 1414 qui

993 1423 1254 1463 Pompeianarum
1271 1423 1412 1462 partiam
1428 1422 1544 1461 suisset
1559 1423 1700 1460 defensor

991 1473 1170 1504 acerrimus.
1216 1473 1282 1504 Hic
1298 1474 1376 1503 clam
1398 1474 1545 1514 proesiaio
1572 1474 1699 1506 Lusita-

991 1524 1077 1556 niam
1113 1524 1341 1566 proficiscitam
1387 1533 1430 1554 ex
1466 1534 1531 1565 quo
1570 1524 1696 1556 Codice

990 1575 1064 1606 haec
1089 1574 1176 1614 ῥῆσις
1205 1575 1255 1606 sic
1282 1574 1426 1615 legenda
1455 1579 1490 1605 et
1520 1574 1697 1615 interpun-

991 1625 1123 1665 genda:
1163 1626 1246 1656 Erat
1275 1625 1348 1656 bene
1386 1635 1501 1665 magna
1531 1625 1697 1657 multitado

989 1676 1075 1707 intra
1116 1676 1379 1717 Pompeianarum
1426 1676 1578 1717 partiam,
1629 1687 1696 1717 (μα’

984 1727 1167 1768 praesidium
1182 1732 1337 1769 receptum
1352 1728 1593 1768 indigum-etum
1615 1729 1696 1760 clam

987 1779 1065 1818 qaod
1110 1778 1224 1809 Philon
1260 1778 1324 1817 ille,
1357 1778 1409 1819 qm*
1437 1778 1697 1818 Pompeianarum

983 1829 1124 1869 partium
1143 1828 1259 1867 fuisset
1286 1828 1426 1867 defensor
1442 1829 1622 1869 acerrimas,
1653 1830 1696 1870 (is

986 1882 1053 1911 tota
1068 1880 1235 1911 Lusitania
1258 1879 1435 1911 notissimus
1451 1878 1534 1920 crat)
1550 1879 1600 1911 hic
1616 1881 1695 1912 clam

983 1931 1132 1972 praesidio
1147 1931 1342 1962 Lusitaniam
1351 1931 1571 1972 proficiscitur.
1599 1932 1695 1962 Men-

986 1981 1066 2012 dum
1083 1981 1279 2022 procreavit
1295 1981 1446 2022 ejusdem
1473 1990 1587 2012 sensus
1614 1986 1693 2022 post

986 2031 1213 2063 l'arenthesin
1230 2031 1402 2072 repetitio,
1417 2041 1483 2073 qna
1500 2031 1542 2063 de
1561 2042 1596 2064 re
1621 2032 1692 2064 ‹lix-

986 2082 1072 2114 imus
1086 2082 1128 2114 ad
1146 2083 1186 2114 Β.
1212 2083 1255 2115 G.
1283 2092 1337 2114 ιιι.
1366 2086 1420 2114 20.
1450 2084 1562 2115 Datis.
1610 2085 1693 2116 Erat

984 2132 1058 2164 bene
1081 2143 1203 2174 magna
1233 2134 1317 2164 intra
1343 2134 1600 2174 Pompeianarum
1622 2145 1695 2176 par-

984 2184 1066 2214 tiam
1087 2183 1281 2222 multitudo,
1310 2194 1399 2224 (quae,
1425 2185 1478 2224 «5¹⁶.
1539 2185 1595 2217 Sic
1621 2185 1690 2217 Ms.

984 2233 1113 2266 Eliens.
1139 2233 1205 2264 Ms.
1233 2234 1343 2265 Vossii
1371 2239 1405 2265 et
1433 2235 1541 2266 Editt.
1570 2236 1690 2267 Vctt.:

985 2284 1069 2314 Erat
1095 2283 1168 2314 bene
1191 2293 1349 2324 magnum
1375 2284 1461 2314 intra
1487 2285 1569 2325 (ΜΒ.
1589 2285 1688 2326 intus)

984 2334 1245 2374 Pompeianarum
1285 2335 1425 2374 partiam
1476 2335 1688 2376 praesidium,

983 2385 1154 2425 q110d,‹55c.
1201 2386 1286 2418 Quae
1313 2384 1417 2416 lectio
1442 2385 1562 2417 eodem
1586 2387 1688 2419 redit.

983 2436 1135 2476 Scaliger
1165 2439 1200 2466 et
1232 2435 1455 2467 Recentiores
1493 2436 1686 2477 ediderant,

983 2486 1065 2516 Erat
1081 2485 1153 2516 bene
1176 2495 1321 2524 magnam
1348 2485 1434 2516 intra
1459 2486 1686 2527 Pompeianas

983 2541 1097 2576 partes
1138 2537 1319 2575 proesidiam
1348 2537 1436 2576 qaod,
1463 2537 1515 2576 ᾃτ.
1572 2537 1687 2569 Minus

983 2593 1087 2618 recte.
1114 2587 1221 2618 Clark.
1268 2587 1352 2618 Cum
1382 2586 1583 2618 Non-vicensi
1608 2598 1687 2619 con·

982 2637 1087 2668 sentit
1104 2646 1220 2668 rursus
1248 2637 1465 2668 Petavianus.
1510 2638 1558 2670 At
1585 2639 1684 2671 Leid.

983 2698 1031 2728 pr.
1049 2692 1084 2720 et
1102 2689 1262 2719 Ciaccon.
1278 2688 1380 2719 habet
1397 2689 1479 2719 Erat
1495 2688 1522 2720 b.
1538 2698 1684 2729 magnum

981 2740 1065 2770 intra
1089 2740 1130 2771 R.
1157 2739 1354 2781 partiumque
1374 2740 1558 2781 proesidiam
1582 2750 1683 2783 recep-
