1850 3109
220 186 335 230 1856
652 198 691 231 J.
722 197 859 229 CELSI
892 197 1244 229 cottmuNTARn

222 311 312 336 num
332 298 418 349 ejus
436 299 571 350 gratia,
593 298 658 348 qui
678 310 875 347 nunquam
897 297 1087 346 Pompejo
1108 297 1351 347 Caesarisque
1372 295 1542 334 hostibus
1562 294 1675 334 favis·

223 369 292 408 set,
328 375 442 412 quam
485 362 613 400 fautor
651 362 815 400 hostium
849 360 1084 408 Dejotliarus
1126 359 1359 398 invenisset!
1414 360 1593 398 Posthaec
1624 357 1679 396 illi

223 439 406 465 coronam
427 440 580 463 auream
616 439 638 462 a
671 437 740 461 suo
773 436 860 472 rege
891 422 1146 459 transmissam
1179 424 1367 462 obtulere.
1425 425 1516 462 Erat
1536 421 1678 462 Caesari

221 499 370 535 natura,
394 490 508 539 [222]
536 496 614 525 tuin
644 498 769 523 rerum
804 493 884 523 tum
922 485 1126 522 verborum
1166 488 1357 524 ⁷²tonntas
1397 488 1514 524 multa
1556 494 1675 536 atque

222 553 490 596 mansuetudo,
511 558 548 588 et
569 552 714 599 legatos
734 549 781 587 ad
806 563 844 586 se
866 549 1000 586 missos
1015 548 1208 587 mitissime
1227 550 1397 599 alloqui3
1421 557 1457 587 et
1478 551 1507 587 si
1530 550 1676 599 uspiam

221 622 406 655 errassent
424 616 556 653 leviter
575 616 792 660 admonere,
811 627 891 651 mos
913 614 964 650 illi
985 620 1205 663 perpetuus.
1262 614 1399 664 ltaque
1419 613 1551 663 legatis
1571 612 1680 650 audi·

223 681 288 718 tis:
325 686 334 701 ‘
357 681 464 730 Eg0‚’
485 679 620 729 inquit,
641 684 650 699 ⁴
675 678 859 716 Pharnaci
881 691 955 715 non
978 678 1157 721 infensus,
1185 677 1248 715 sed
1284 678 1472 727 propitius
1502 676 1680 721 advenio,

220 742 343 781 modo
365 742 470 793 quod
501 743 626 780 verbis
661 742 866 792 pollicetur
897 741 1010 778 rebus
1033 741 1228 790 impleatz'
1247 748 1364 791 atque.
1386 740 1440 777 liis
1461 739 1575 778 dictis
1595 740 1682 777 laeta

220 807 347 845 fronte
368 807 446 844 duo
471 807 587 844 verba
616 804 891 854 superaddidit,
914 817 1000 854 quae
1034 804 1125 841 milii
1157 818 1202 840 ex
1237 804 1321 854 ipso
1354 803 1678 854 magnanimitatis

221 870 363 920 gremio
383 870 610 920 deprompta
631 869 845 906 videantur.
903 873 912 887 ‘
936 867 1073 904 Videte
1093 869 1246 912 amem:
1266 868 1420 917 inquit,‘
1441 881 1487 904 ne
1503 874 1568 904 aut
1589 867 1680 905 milii

221 934 479 984 Dejotharum
511 933 764 983 ut'indignum
787 931 894 968 venia
917 930 1021 982 quod
1043 938 1174 968 contra
1202 944 1261 968 me
1288 932 1445 975 steterit,
1467 938 1532 968 aut
1553 944 1680 980 regem

219 1005 389 1035 vestrum
423 997 605 1035 adversus
633 1011 691 1034 ine
718 1010 795 1033 non
816 997 977 1040 stetisse,
998 993 1100 1032 ⁷³seu
1137 1007 1314 1044 magnum
1343 994 1500 1044 aliquod
1537 994 1681 1032 benefi-

223 1062 324 1099 cium
346 1061 566 1111 opponatis:
600 1073 687 1098 nam
721 1073 845 1109 neque
885 1059 1118 1107 Dejntliarus
1152 1065 1296 1096 tantam
1332 1059 1522 1107 injuriam,
1556 1072 1682 1109 neque

221 1138 287 1163 rex
319 1131 443 1163 vester
472 1131 619 1162 tantum
643 1123 870 1162 beneficium
905 1123 995 1161 milli
1029 1123 1169 1169 intulit,
1199 1130 1384 1174 quantuni
1416 1137 1484 1161 vos
1513 1123 1680 1173 putatis:

222 1189 283 1227 ille
322 1189 476 1239 quidem
505 1189 696 1239 praestitit,
728 1190 802 1226 ⁷⁴ct
832 1188 992 1225 offensas
1033 1201 1136 1225 meas
1173 1195 1213 1224 ut
1246 1189 1489 1237 ⁷⁵agnoscere
1528 1200 1680 1237 possein

224 1254 467 1303 supplicanti,
491 1267 568 1304 quo
589 1253 681 1290 milii
703 1253 794 1290 nihil
816 1259 871 1290 est
888 1252 1046 1301 gratius,
1069 1252 1161 1288 nilu'l
1184 1251 1288 1301 quod
1311 1251 1490 1301 cupidius
1511 1250 1679 1290 faciani:

223 1324 261 1354 et
292 1317 468 1367 publicas
505 1318 621 1354 libere
655 1317 790 1353 ulcisci
824 1316 982 1359 valeam,
1020 1314 1123 1364 quod
1147 1314 1308 1351 fortasse
1330 1315 1383 1351 sic
1405 1327 1479 1352 non
1513 1328 1681 1365 possem,

224 1382 253 1417 si
273 1380 307 1417 in
329 1394 392 1418 me
415 1380 434 1417 f
453 1380 842 1429 uissitobsequiosuS,
862 1379 1010 1429 privata
1039 1379 1160 1428 gratia
1199 1378 1365 1428 publicis
1397 1379 1610 1416 commodis
1641 1386 1683 1417 ut

224 1444 334 1482 solita
354 1451 409 1482 est
432 1445 634 1482 obstante:
670 1444 732 1480 liic
754 1450 881 1480 autem
904 1448 1029 1480 vester
1049 1455 1122 1479 non
1145 1448 1222 1479 tam
1258 1442 1347 1478 milii
1379 1442 1586 1487 consuluit,
1619 1443 1682 1480 cui

224 1509 373 1546 coelitus
403 1508 452 1545 de
485 1508 660 1546 omnibus
682 1507 837 1544 decreta
859 1505 1014 1543 victoria
1036 1511 1129 1550 erat,
1160 1518 1273 1554 quam
1296 1506 1378 1551 sibi,
1403 1519 1447 1543 ne
1479 1520 1566 1543 cnm
1600 1507 1682 1543 aliis

222 1572 451 1609 vinceretur.
512 1571 696 1621 Quisquis
726 1570 825 1607 enini
856 1576 989 1606 contra
1023 1582 1081 1605 rne
1119 1570 1233 1615 venit,
1273 1569 1373 1605 haud
1410 1569 1527 1606 dubie
1558 1570 1682 1608 victus

224 1635 336 1672 abiit:
376 1636 461 1672 liinc
483 1635 516 1672 ei
550 1635 665 1684 igitur
685 1647 781 1684 quus
803 1633 993 1670 remittam
1026 1632 1193 1681 privatas
1214 1632 1443 1670 offensiones
1473 1634 1596 1672 nullas
1618 1634 1685 1670 ha-

225 1700 312 1744 beo,
343 1699 422 1749 qui,
455 1706 495 1736 ut
528 1698 667 1742 dicitis,
691 1699 739 1734 nil
761 1697 837 1747 egit
870 1697 1052 1734 adversus
1086 1709 1159 1741 ine,
1181 1696 1356 1745 publicas
1391 1698 1567 1735 remitto:
1602 1698 1682 1736 illas

226 1770 365 1807 tamen,
397 1777 484 1813 qum
514 1762 780 1812 irreparabiles
810 1768 911 1806 sunt,
938 1767 979 1798 ut
1013 1759 1142 1798 caedes
1174 1773 1219 1797 ac
1260 1761 1414 1798 tulnera
1447 1768 1486 1798 et
1519 1762 1682 1800 ludibria

224 1826 366 1864 civium
390 1827 671 1864 Romanorum:
704 1824 889 1876 ⁷⁶praedes
908 1831 950 1862 et
979 1825 1106 1862 ablata
1129 1824 1328 1863 restituere
1351 1839 1436 1875 quae
1457 1832 1587 1876 potest
1608 1828 1684 1864 Ro-

224 1891 346 1927 manis
385 1892 525 1941 pariter
559 1891 775 1941 sociisque:
826 1889 1124 1940 publicanorum
1163 1888 1337 1935 familias,
1374 1903 1470 1940 quas
1504 1903 1573 1940 per
1607 1891 1681 1928 vim

224 1960 339 1999 tenet,
362 1958 533 1992 emittere
551 1955 597 1992 ad
621 1955 856 1991 libertatem:
887 1965 1002 2002 super
1023 1950 1151 1989 omnia
1184 1953 1307 1990 Ponto
1334 1952 1518 1991 excedere
1553 1954 1681 1991 statim

218 2016 360 2066 jubeo:
393 2018 421 2055 si
444 2019 625 2067 paruerit,
648 2024 727 2053 tum
750 2017 904 2053 demunt
926 2029 1081 2053 munera
1103 2017 1152 2052 ab
1173 2029 1218 2052 eo
1240 2016 1330 2052 milii
1352 2016 1570 2053 transmissa
1591 2017 1686 2054 reci-

226 2080 352 2130 piam:
391 2081 558 2130 alioquin
591 2094 678 2130 spes
709 2079 928 2116 concordiae
960 2079 1060 2114 nulla
1092 2081 1176 2115 est!
1232 2079 1317 2116 lloc
1341 2092 1564 2128 responsum
1596 2093 1682 2118 cunt

223 2144 339 2195 legati
376 2145 611 2189 retulissent,
653 2144 867 2180 Pharnaces
904 2142 995 2179 nihil
1033 2142 1150 2179 verbo
1184 2143 1350 2192 quidem,
1389 2144 1518 2180 animo
1553 2151 1683 2181 autem

224 2208 352 2245 omnia
381 2208 592 2246 recusavit:
632 2220 788 2257 sperans
823 2206 987 2243 Caesaris
1021 2205 1232 2243 discessum
1270 2219 1344 2244 non
1384 2220 1496 2257 posse
1528 2206 1684 2252 differri,

228 2272 329 2321 ⁷⁷qui
344 2272 429 2322 jam
452 2272 606 2321 publice
627 2278 759 2308 notum
778 2275 878 2307 esset
900 2268 1028 2306 multis
1056 2275 1093 2306 et
1115 2269 1261 2319 magnis
1282 2283 1326 2306 ex
1358 2270 1482 2307 causis
1503 2269 1624 2308 redire
1644 2271 1682 2308 in

227 2336 378 2372 ltaliam
410 2343 609 2384 oportere-z
636 2335 753 2385 [2¹23]
785 2335 911 2383 itaque
933 2333 1182 2382 tergiversari,
1200 2333 1404 2370 ⁷⁸simutari
1434 2333 1683 2382 impedimen-

225 2403 278 2442 ta,
301 2398 572 2448 ⁷⁹0ccupantes
603 2399 903 2448 tingere,1110ras
931 2403 1094 2441 nectere,
1128 2396 1329 2433 dilationes
1362 2403 1400 2434 et
1438 2410 1537 2434 nova
1569 2405 1684 2447 pacta

224 2462 427 2511 aucupari:
460 2462 589 2499 Caesar
610 2462 798 2506 fraudem,
818 2474 887 2497 nec
909 2459 1069 2497 difficile
1085 2466 1176 2503 erat,
1198 2460 1407 2509 intelligens
1425 2475 1433 2505 ;
1463 2460 1683 2498 naturaliter

225 2523 348 2561 insitae
364 2525 561 2570 celeritati,
584 2538 658 2574 qua
681 2537 782 2574 sa’pe
802 2536 918 2574 parvo
939 2523 1120 2571 temporis
1143 2523 1178 2559 in
1208 2524 1330 2572 spatio
1347 2525 1466 2562 multa
1488 2531 1524 2562 et
1546 2536 1683 2573 inagna

269 2634 311 2662 72
335 2632 440 2673 Lege,
465 2632 691 2664 comitam—73
716 2633 832 2674 Forte,
857 2633 1010 2663 cem—71
1045 2632 1146 2671 Lege,
1175 2635 1221 2672 ut,
1254 2640 1289 2663 et
1313 2632 1390 2663 dele
1420 2640 1562 2672 sequens
1591 2633 1682 2660 ut.·—-

227 2687 267 2715 75
293 2685 398 2725 Lege,
409 2686 662 2725 ignoscam—'76
685 2686 786 2726 Lege,
803 2686 1020 2727 precisum—77
1045 2684 1147 2726 Lege,
1173 2695 1261 2726 quem
1275 2686 1442 2724 jam—78
1466 2685 1568 2725 Lege,
1590 2683 1683 2713 simu·

218 2737 390 2770 lam—79
413 2739 519 2780 Lege,
532 2739 752 2781 occupationes.
