1850 3109
269 213 375 253 144ss

264 324 297 349 ct
315 319 409 349 Voss.
450 320 555 350 Clark.
603 320 642 350 In
663 320 881 351 Nominativo
898 329 963 351 non

264 370 350 399 mult·
369 378 502 409 quoque
520 369 682 400 exhibent
706 370 803 401 Leid.
819 380 870 410 pr.
884 372 964 402 Sea-

262 418 322 455 ligz.
370 418 454 449 Har-c
471 418 594 457 omnia,
612 429 716 460 usqne
734 420 774 449 ad
799 422 963 459 postridie,

264 469 420 499 (nussam
448 478 520 499 esse
545 469 716 499 existimat
740 469 819 499 Ald.
843 470 963 500 Manu-

264 521 327 550 tius
344 530 350 548 ι
378 529 438 559 pro
455 528 518 549 ιιι.
536 519 576 548 ud
600 528 628 549 c.
646 529 713 550 sec.
760 519 897 550 Vossius
916 530 964 551 rc-

263 571 410 610 ponitx.
439 569 518 599 (lein
537 570 767 600 (ln-minimum
794 571 857 600 ΜΒ.
887 571 964 612 an.

264 618 381 648 Brant.
398 618 521 657 Scalig.
548 619 640 648 Leid.
667 628 715 658 pr.
736 621 859 651 Lovan.
886 620 965 650 Ger-

262 668 434 698 maniarum
461 669 526 699 Ms.
556 668 633 700 Urs.
659 669 778 700 Petav.
807 675 841 701 et
868 671 964 702 Voss.

266 718 401 759 Reliqui
433 728 508 749 cum
537 719 625 750 Edd.
658 719 753 750 vett.
786 722 965 751 Crat—orum

263 769 528 809 corruptissime.

307 822 346 850 10
373 820 497 850 Terram
511 820 636 859 attigit,
651 821 720 860 &Ul
765 822 874 852 Variis
898 832 964 853 mo-

264 869 313 900 dis
338 870 532 910 interpungi
558 876 670 911 potest
688 871 740 902 hic
766 872 870 904 locus.
892 881 963 902 sen-

264 920 371 949 tentia
389 930 452 949 non
471 921 567 951 mala.
614 920 719 950 scribi
735 921 821 951 enim
840 927 966 960 potest,

264 970 316 999 rel
347 970 469 1000 Terram
486 971 594 1007 attigit
609 982 618 1000 .·
653 970 873 1001 Cerauniorum
889 982 965 1001 sumn

262 1018 355 1057 inter,
369 1021 420 1057 &a
448 1021 498 1049 vel
529 1021 655 1050 Terram
671 1021 781 1059 attigit
800 1022 962 1052 Ceraunio-

260 1078 350 1100 rum:
378 1080 456 1100 saxu
482 1070 539 1100 intr
550 1080 575 1107 r,
605 1072 656 1109 ἅτ.
714 1072 777 1102 Vel
804 1071 964 1113 (lenique,

266 1119 394 1150 Terram
409 1120 521 1159 attigit
541 1121 774 1160 Cerauniorum,
790 1131 865 1152 saxa
883 1122 966 1153 inter

263 1175 413 1202 -nactus
425 1172 603 1203 stationem:
617 1175 646 1202 et
660 1175 840 1212 porlugfgw.
866 1173 964 1204 Prior

263 1226 314 1252 est
349 1221 501 1260 l)avisii;
547 1222 699 1262 proxima
730 1223 896 1261 Scaliger-i
929 1228 963 1254 et

263 1271 482 1310 plurimorum
498 1283 506 1309 ;
546 1277 715 1311 postrema
731 1273 787 1304 Jo.
805 1273 966 1305 Goduini.

265 1315 371 1352 Clark.

306 1374 342 1401 ll
369 1372 455 1402 Sasu
470 1372 551 1402 inter
565 1375 595 1402 et
611 1373 673 1403 alia
689 1374 754 1403 loca
777 1373 964 1414 periculosa]

262 1421 416 1453 Qnatuor
441 1431 540 1452 voces
565 1422 701 1453 ultimas
728 1423 892 1463 expungit
907 1424 965 1456 Ja-

261 1481 323 1501 nus
342 1471 545 1512 Rutgersins
561 1473 643 1503 Var.
668 1473 764 1504 Lcct.
787 1482 834 1504 tv.
850 1477 881 1504 5.
908 1483 964 1504 eas

261 1531 303 1552 ex
321 1523 534 1554 Glossemate
551 1528 647 1554 natas
662 1523 868 1554 arbitratus:
888 1533 964 1554 cum

261 1573 349 1603 enim
368 1574 542 1613 imperitus
560 1574 695 1615 quidam
719 1575 760 1604 ad
778 1582 870 1605 oram
887 1574 964 1605 libri

262 1624 312 1653 sui
329 1624 515 1665 scripserat
535 1626 638 1656 Italia>
652 1627 715 1656 loca
730 1626 910 1665 periculosa,
925 1635 965 1656 ea

263 1674 365 1705 verba
383 1674 465 1705 alins
482 1676 514 1706 in
541 1681 672 1707 textum
690 1676 831 1716 recepit,
854 1681 883 1707 et
903 1677 965 1708 alia

262 1725 338 1755 loco
356 1726 460 1756 Ilult'oe
476 1727 664 1757 substituit.
710 1727 773 1757 Sed
802 1728 965 1767 qua‘sive—

264 1774 340 1812 rim,
359 1776 446 1806 unde
467 1775 606 1815 factum,
635 1781 670 1807 nt
697 1777 843 1807 Librarii
864 1778 967 1808 Itntiae

262 1828 325 1857 loen
339 1828 511 1867 periculosa
528 1837 594 1858 orae
611 1828 775 1858 Codicum
802 1828 968 1859 adscribe-

264 1883 340 1909 rent
357 1889 365 1915 ;
396 1883 528 1909 montes
545 1878 634 1908 enim
660 1878 833 1916 Ceraunii,
850 1884 886 1908 nt
910 1888 966 1909 no-

264 1932 335 1958 tum
353 1934 416 1966 est,
433 1928 465 1958 in
483 1928 588 1968 Epiro
605 1933 682 1958 sunt
698 1928 764 1958 siti.
811 1928 893 1958 Eam
912 1928 966 1966 igi-

263 1983 317 2010 tur
347 1979 576 2019 conjecturam
613 1978 741 2017 rejicio,
774 1978 965 2017 praesertim

261 2033 339 2059 'cum
366 2029 428 2059 alia
459 2029 522 2058 loca
544 2028 714 2069 periculoso
743 2028 870 2068 possint
894 2037 966 2058 esse

263 2078 379 2118 Syrtes
413 2083 448 2109 et
481 2078 607 2108 brevia.
668 2077 754 2108 Vide
785 2077 966 2118 Virgilium

263 2128 338 2159 AEn.
359 2137 382 2159 1.
401 2132 473 2160 115.
519 2129 630 2159 Daris.

308 2181 347 2208 12
385 2179 469 2213 Quos
499 2178 612 2218 teneri]
659 2178 718 2209 Nil
749 2183 852 2209 muto.
897 2179 965 2210 Sed

264 2228 481 2259 vetustissimi
515 2228 658 2259 Codices
691 2229 808 2269 Cujac.
844 2229 965 2260 Petav.

266 2278 360 2309 Leid.
380 2289 430 2319 pr.
450 2279 530 2309 item
548 2279 677 2310 Victor.
700 2284 733 2309 et
760 2279 891 2309 Brantii
910 2279 966 2309 lta-

264 2327 348 2358 bent
363 2330 454 2368 quod,
481 2329 502 2359 i.
520 2339 549 2360 c.
566 2329 645 2369 qnia
660 2338 718 2359 cos
735 2328 967 2360 arbitrabatur

265 2378 374 2407 teneri
404 2378 446 2408 ab
475 2379 687 2409 adversariis.
748 2379 816 2409 Res
848 2379 965 2410 eodem

266 2426 368 2458 redit.

308 2479 346 2507 13
385 2477 410 2507 A
419 2478 438 2507 d
473 2487 539 2507 enm
565 2479 673 2517 locum,
709 2478 761 2518 qni
795 2479 968 2518 appellatur

266 2526 453 2566 Pharsalus]
492 2526 655 2558 Profecto
682 2528 746 2558 etsi
771 2528 819 2558 ita
842 2528 968 2559 liabent

266 2586 380 2609 omnes
399 2578 491 2616 Μεῐί,
519 2577 637 2617 quibus
656 2578 702 2607 usi
718 2583 965 2615 smnus,tamon

265 2627 324 2657 vix
355 2625 555 2658 crediderim
583 2636 698 2656 sunum
728 2636 801 2657 csse
830 2627 963 2658 locum:

266 2688 343 2709 cum
361 2678 515 2709 Pharsali
543 2688 648 2718 prope
672 2678 854 2709 Ceraunios
879 2689 967 2709 mon-

269 2733 318 2759 tes
349 2729 459 2759 nullus
488 2727 690 2759 meminerit.
750 2728 801 2758 Ex
832 2729 966 2759 Lucano

268 2778 451 2809 remedium
478 2779 550 2809 loco
573 2778 649 2809 huic
677 2779 747 2819 peti
773 2779 966 2819 oportebat,

736 226 875 256 NOTAE
908 226 1171 257 VARIORUM
1206 228 1254 256 IN

1015 321 1072 351 sed
1101 321 1134 351 in
1159 331 1199 351 co
1225 321 1365 360 legimus
1390 320 1462 351 liaec
1480 319 1606 351 verba:
1637 320 1647 337 ‘
1664 325 1715 352 at-

1015 381 1078 411 quc
1094 381 1228 412 aequora
1242 372 1380 401 classem
1395 372 1507 402 Curva
1519 370 1626 410 sequi,
1640 379 1714 410 quae

1010 421 1079 461 jam
1110 425 1209 452 vento
1239 420 1398 461 fluxuque
1429 419 1576 451 secundo
1605 419 1716 460 Lapsa

1017 471 1215 502 Palaestinas
1260 472 1354 502 uncis
1392 471 1531 503 confixit
1572 469 1716 501 arenas!

1014 521 1081 551 Sed
1109 526 1143 552 et
1167 522 1218 551 liic
1235 522 1326 552 locus
1351 522 1429 551 viris
1455 521 1584 561 magnis
1611 520 1718 560 suspi-

1015 570 1146 601 cionem
1170 571 1286 601 movit.
1331 571 1456 602 Verum
1484 571 1548 601 etsi
1578 570 1718 608 fuerint,

1016 620 1071 660 qni
1090 620 1121 650 iu
1139 619 1243 660 Epiro
1260 619 1369 650 locum
1393 620 1494 650 fuisse
1512 620 1639 658 dicant,
1662 619 1716 651 cni

1016 669 1164 700 Pata-ste
1179 678 1296 699 nomen
1313 668 1430 707 fuerit,
1443 669 1498 700 vix
1515 674 1627 701 tamen
1646 678 1720 710 per·

1014 720 1181 750 suaserint
1199 719 1289 750 mibi.
1337 718 1490 756 Addunt,
1502 720 1615 750 nescio
1630 729 1718 760 quat,

1015 768 1058 799 de
1073 769 1235 799 columbis
1260 778 1301 799 ex
1328 768 1511 798 Paiaestina
1528 768 1559 798 in
1576 768 1717 808 Epirum

1016 819 1246 859 transgressis,
1263 828 1302 850 ac
1319 818 1495 849 Dodonaeo
1514 820 1663 857 oraculo,
1681 822 1718 850 et

1016 868 1082 899 alia
1098 870 1216 906 multa,
1243 879 1317 909 quae
1345 867 1474 898 referre
1499 869 1718 908 supersedeo,

1016 919 1093 959 qnia
1108 918 1229 950 frivola
1245 919 1413 949 ridentur.
1462 919 1562 959 Hngo
1576 919 1718 950 Grotius

1017 971 1215 1001 saeculorum
1233 970 1378 1000 omnium
1396 970 1552 1006 Phoenix,
1567 970 1718 1010 ingenio-

1017 1019 1146 1050 sissime
1162 1020 1363 1050 emendabat
1380 1020 1620 1059 :tymme-stiuam
1643 1029 1717 1060 quae

1017 1069 1098 1100 urbs
1128 1070 1192 1100 sita
1228 1075 1280 1101 est
1311 1070 1343 1100 in
1376 1069 1590 1110 prominente
1622 1074 1719 1109 parte

1017 1119 1127 1150 Italia¹
1145 1131 1152 1157 3
1176 1124 1223 1158 et,
1248 1120 1280 1149 ni
1303 1119 1412 1157 fallor,
1427 1119 1548 1150 statuit
1563 1119 1629 1149 huc
1647 1119 1718 1149 Cae-

1017 1179 1124 1199 sarem
1144 1174 1348 1209 tempestate
1376 1169 1556 1208 rejectum,
1582 1168 1660 1199 inde
1684 1169 1718 1200 in

1017 1219 1157 1258 Epirum
1182 1219 1385 1258 pervenisse.
1430 1219 1503 1258 Ego
1527 1219 1591 1249 etsi
1618 1218 1718 1250 dece—

1017 1267 1075 1298 bat
1093 1269 1309 1309 acquiescere
1334 1268 1420 1300 tanti
1439 1269 1500 1298 viri
1522 1269 1722 1309 autoritate,

1017 1328 1099 1349 cura
1117 1324 1227 1350 tamen
1245 1320 1376 1349 humani
1395 1319 1535 1358 ingenii,
1551 1320 1606 1350 cui
1627 1329 1719 1360 saepe

1017 1368 1091 1409 ipsa
1121 1370 1245 1400 veritas
1285 1370 1317 1400 in
1349 1369 1487 1400 dnbinm
1517 1369 1720 1411 devocatur,

1017 1420 1168 1451 rimando
1193 1421 1418 1462 inquirebam,
1435 1429 1476 1450 an
1494 1420 1575 1451 nibil
1593 1422 1721 1462 reperi-

1017 1479 1099 1510 rem,
1127 1471 1216 1511 qnod
1243 1481 1303 1511 pro
1333 1472 1470 1510 vulgata
1500 1471 1627 1501 Lucani
1654 1472 1720 1503 lec-

1017 1521 1111 1551 tione
1137 1520 1280 1552 faceret.
1328 1522 1403 1552 Nec
1432 1526 1544 1552 tamen
1571 1522 1720 1553 occurrit

1016 1571 1213 1612 quidquam,
1251 1572 1310 1603 nisi
1351 1572 1499 1603 dicamus
1532 1571 1721 1603 Palaestinas

1014 1631 1126 1652 arenas
1151 1623 1287 1652 Lucano
1312 1622 1417 1663 ipsam
1446 1621 1571 1661 Epiron
1595 1623 1721 1663 vocari,

1016 1671 1058 1702 ab
1073 1672 1157 1703 urbe
1182 1673 1235 1703 cui
1264 1681 1385 1703 nomen
1403 1672 1567 1703 Phoenice:
1597 1682 1720 1704 memo-

1016 1726 1068 1752 rat
1095 1731 1169 1752 earu
1202 1722 1364 1763 Polybius
1395 1722 1592 1763 Liviusque‚
1615 1727 1651 1754 et
1686 1724 1719 1754 in

1017 1772 1167 1803 Chaonia
1191 1773 1256 1803 sita
1275 1778 1337 1803 est.
1386 1772 1472 1803 Nam
1490 1772 1578 1813 quod
1595 1771 1638 1803 de
1655 1772 1722 1803 Pa-

1017 1823 1111 1854 laeste
1140 1823 1223 1854 urbe
1255 1823 1297 1854 ad
1330 1824 1514 1861 Lucanum,
1540 1822 1596 1853 alii
1620 1822 1722 1854 disse-

1017 1877 1108 1911 runt,
1120 1878 1159 1904 ut
1174 1874 1257 1912 dixi,
1275 1883 1336 1904 nec
1353 1883 1424 1904 asse
1442 1873 1592 1904 emerim.
1627 1873 1720 1904 Mar-

1016 1932 1072 1953 sus
1099 1928 1211 1953 tamen
1237 1924 1270 1953 in
1295 1922 1441 1955 Caesaris
1468 1922 1598 1961 codice,
1624 1923 1721 1953 Chal-

1017 1972 1093 2003 cide
1110 1973 1247 2004 Enbceae
1276 1983 1295 2004 a
1321 1983 1356 2004 se
1384 1978 1487 2012 emto,
1513 1971 1657 2004 affirmat
1683 1981 1719 2003 se

1016 2022 1138 2063 legisse
1157 2024 1301 2062 Pnkeste,
1324 2033 1363 2054 eo
1388 2024 1473 2060 loco,
1499 2032 1565 2063 qno
1593 2023 1625 2053 in
1650 2025 1719 2054 vul-

1019 2074 1107 2110 gatis
1125 2078 1176 2103 cst
1192 2073 1370 2104 Pharsalus.
1427 2074 1562 2104 Verene
1578 2082 1619 2104 an
1635 2073 1719 2104 falso

1017 2124 1075 2154 ille
1093 2125 1219 2164 optimc
1235 2124 1332 2155 scivit
1348 2134 1355 2154 :
1379 2124 1439 2154 noc
1458 2133 1523 2163 ego
1540 2122 1718 2155 adfirmare

1017 2174 1134 2211 ausim,
1151 2174 1177 2205 si
1191 2173 1255 2205 fnit
1282 2183 1322 2204 ca
1348 2174 1519 2214 scriptura
1544 2173 1577 2203 in
1601 2174 1720 2205 codice

1019 2225 1226 2263 Caesariano,
1258 2234 1324 2256 non
1360 2224 1401 2255 ab
1434 2224 1498 2255 alio
1530 2223 1718 2264 profectam

1018 2282 1104 2314 esse,
1117 2284 1215 2314 quam
1233 2274 1289 2314 qui
1307 2274 1478 2304 Lucanum
1496 2283 1570 2304 cnm
1585 2274 1719 2305 Caesare

1018 2324 1175 2361 contulit,
1194 2329 1228 2354 et
1243 2323 1320 2354 inde
1336 2316 1458 2364 postea
1475 2324 1504 2353 in
1521 2328 1717 2354 contextum

1019 2373 1054 2404 id
1070 2383 1190 2405 nomen
1207 2374 1353 2414 irrepsit.
1400 2374 1508 2404 Causa
1521 2378 1647 2412 autem,
1659 2384 1720 2405 cnr

1018 2425 1061 2455 de
1077 2425 1136 2455 illo
1149 2425 1368 2465 Apumestinas
1379 2424 1543 2464 dubitem,
1555 2429 1618 2461 est,
1629 2426 1717 2465 quod

1019 2475 1129 2505 nullus
1171 2480 1324 2506 autorum
1356 2475 1449 2505 dicat
1479 2475 1649 2506 Caesarem
1685 2476 1718 2506 in

1022 2525 1154 2555 ltaliam
1184 2530 1390 2565 tempestate
1420 2525 1600 2565 rejectum.
1645 2527 1719 2558 Cae-

1018 2575 1098 2606 saris
1126 2585 1206 2606 vcro
1229 2577 1316 2606 nunc
1342 2576 1450 2606 locum
1478 2576 1566 2616 quod
1593 2577 1719 2609 attinet

1019 2626 1132 2656 nescio
1149 2626 1229 2666 qnid
1246 2626 1288 2656 (le
1316 2636 1354 2657 co
1383 2626 1533 2657 (licturus
1559 2627 1632 2658 sim.
1677 2627 1717 2658 In

1021 2676 1122 2706 mstis
1138 2676 1308 2717 plerisque
1327 2677 1400 2715 lego
1417 2676 1593 2707 Pharsalia.
1649 2678 1718 2708 Vos-

1017 2726 1092 2756 sius.
1153 2727 1219 2756 Ms.
1249 2726 1389 2757 Norvic.
1419 2732 1453 2757 et
1484 2728 1580 2758 editt.
1619 2728 1716 2759 Rom.

1018 2776 1103 2806 Ven.
1121 2776 1247 2807 habent
1264 2777 1453 2811 Pharsalia,-
1482 2777 1641 2810 Beroald.
1656 2778 1717 2808 Pa-
