1850 3109
410 225 516 254 cm‘.
539 212 610 252 35.
646 221 739 250 mn.
773 221 836 250 nn
871 220 1025 250 nmmo
1060 219 1223 251 Arme.

90 328 151 352 suo
167 318 294 350 Codice
315 317 372 350 Vir
388 316 506 347 docuit
520 315 716 346 delendum:
742 314 791 345 sic

89 377 191 409 snpra
205 369 214 385 ⁴
229 369 266 400 C.
280 367 440 407 Virgilius
455 365 666 396 Praetorius!
691 365 791 396 Panl-

89 419 122 449 lo
159 422 233 459 post
271 422 306 448 ct
343 426 372 447 c.
399 420 452 446 85.
492 417 500 433 ‘
518 415 650 446 Tullius
682 415 792 446 Rufus

90 467 326 502 Quaestorius.¹
373 467 466 497 Male
495 466 599 505 igitur
625 467 792 497 Cellarius

90 528 202 550 rursus
229 517 362 548 addidit
395 517 463 548 Vir.
499 518 661 547 Cctcruni
689 518 794 547 Decu-

89 569 170 600 mius
183 568 326 602 Quaestor
338 570 389 597 est
406 567 438 597 in
458 567 553 598 Leid.
572 577 621 607 pr.
660 567 699 597 In
715 576 795 597 non-

92 618 188 649 nullis
203 618 346 649 decimus
379 617 420 648 In
439 617 526 648 Edd.
544 618 684 649 Vascos.
702 617 794 657 Aldi,

91 669 222 709 Grypli.
240 669 357 708 Stepli.
377 669 490 699 Plant.
515 673 550 700 et
572 669 646 699 aliis
665 669 795 699 Decius.

90 719 158 751 Sed
179 719 279 750 etiam
294 719 372 749 Pet.
390 719 564 749 Decimius,
610 719 694 751 Quae
712 728 795 758 gens

91 773 173 801 nota
184 773 256 807 est;
274 769 364 800 unde
378 769 539 800 Decimius
549 769 648 800 Saxa.
673 769 796 800 Paullo

92 824 171 860 post
197 820 229 850 in
257 819 351 850 Leid.
384 830 436 860 pr.
471 830 536 851 non
573 821 660 852 male
692 821 796 851 scribi

91 870 229 900 videtur
258 880 325 901 cuni
350 870 465 909 grandi
496 870 624 908 familia
652 871 797 911 praesidio

90 922 246 959 praeerat:
268 924 305 950 ut
319 919 464 959 proesidio
480 920 524 951 sit
547 920 692 951 dativus.
740 920 798 951 Nil

93 974 189 1002 muta
215 975 326 1001 tamen
358 971 389 1000 in
418 980 502 1001 voce
525 970 673 1009 sainiliae.
722 971 799 1001 Cum

92 1022 239 1061 praesidio
266 1031 397 1062 praeesse
425 1026 460 1052 et
485 1022 607 1053 similia
633 1031 700 1052 non
723 1031 800 1052 raro

95 1073 230 1104 Hirtius
260 1078 412 1113 usurpat.
459 1073 526 1103 Adi
565 1073 606 1104 ad
645 1082 730 1104 vm.
768 1075 799 1103 2.

94 1125 103 1139 ⁴
120 1123 200 1163 Ipse
215 1133 290 1154 cuin
307 1125 479 1164 equitatus
496 1124 679 1163 praesidio!

138 1177 159 1204 6
196 1173 445 1213 Cercinnutibus]
481 1174 698 1204 Cercinatibus
728 1174 802 1204 Lei-

97 1224 192 1255 dens.
203 1234 272 1255 sec.
282 1225 390 1255 Dorv.
401 1229 437 1255 ct
448 1224 536 1254 Edd.
547 1224 646 1255 Rom.
660 1224 801 1256 Mediol.

99 1275 336 1306 Cereninatibus
352 1275 415 1307 Ed.
433 1277 520 1307 Ven.
555 1275 603 1306 At
617 1275 740 1315 Scalig.
766 1280 803 1307 et

101 1325 196 1357 Leid.
214 1335 264 1366 pr.
284 1326 489 1357 Ceronitanis.
515 1326 637 1358 Petav.
679 1326 803 1358 Cercin-

98 1376 226 1407 uitanis.
272 1377 380 1408 Quam
407 1386 519 1407 veram
542 1386 615 1408 esse
633 1381 715 1418 puto
739 1377 804 1408 lec-

100 1426 228 1458 tionem
243 1436 262 1457 a
280 1427 433 1458 Cercinna
454 1428 526 1459 sive
551 1428 683 1459 Cercina
697 1427 805 1458 minor

101 1476 210 1507 insula
225 1476 318 1507 dicta
345 1482 398 1507 est
430 1478 598 1509 Cercinitis
619 1478 710 1518 apud
735 1478 806 1509 Pli-

101 1525 206 1565 nium,
235 1525 449 1566 Strabonem,
479 1531 514 1558 et
545 1527 639 1559 alios.
684 1528 740 1558 Sic
771 1532 807 1558 et

103 1585 205 1617 supra
223 1577 265 1608 ab
281 1578 416 1618 Achilla,
438 1579 624 1610 Achillitani
634 1590 646 1616 ;
668 1579 709 1610 ab
727 1579 807 1610 Ilica

103 1627 255 1658 Ilicitani.

148 1681 169 1709 9
193 1679 223 1709 Ε
240 1678 391 1719 Lilyboeo]
415 1680 492 1711 Non
509 1679 660 1721 agnoscit
677 1689 809 1720 praepo-

106 1728 263 1760 sitionem
279 1729 373 1760 Leid.
394 1730 534 1770 primus.
582 1730 668 1761 Vide
685 1730 728 1761 ad
742 1739 808 1761 vu.

106 1782 159 1811 32.
184 1780 192 1796 ‘
209 1779 358 1811 Avarico
375 1781 624 1812 commoratus!

150 1833 192 1861 16
215 1830 384 1861 frumento
403 1831 600 1871 auxiliisque,
612 1833 737 1863 tandem
748 1831 811 1862 suis

109 1881 306 1921 exhilaratis,
331 1892 518 1921 annonaeque
542 1883 643 1912 lerata,
666 1882 812 1912 sollicitu-

107 1933 193 1972 dine,
204 1932 327 1972 deponit
338 1933 494 1971 legiones;
516 1933 688 1972 equitesque
703 1942 742 1962 ea:
757 1942 811 1962 na-

108 1982 207 2022 vibus,
221 1983 289 2023 lfa]
312 1983 420 2014 Editt.
438 1983 534 2014 Rom.
552 1983 639 2013 Ven.
658 1983 737 2013 Ber.
755 1992 812 2013 ex—

108 2032 228 2064 hibent
235 2032 396 2070 frumento
414 2033 599 2073 auxiliisque
613 2034 735 2063 tandem
749 2033 814 2063 suis

110 2082 296 2113 exhilaratis
307 2083 417 2113 animo
435 2088 537 2123 atque
550 2084 651 2113 lerata
666 2083 813 2113 sollicitu-

111 2133 203 2163 dine:
239 2133 305 2163 ΜΞ.
336 2133 415 2164 Urs.
438 2132 601 2170 frumento
627 2132 814 2171 auxiliisque

109 2183 237 2213 tandem
258 2182 323 2212 suis
334 2182 499 2221 hilaratus,
518 2192 701 2222 annonceque
715 2183 816 2213 letata

112 2232 329 2264 sollicitudine.
365 2232 410 2262 At
435 2233 468 2262 in
495 2232 579 2263 Cod.
604 2232 746 2262 Norvic.
770 2232 816 2261 le-

114 2283 206 2324 gitur
222 2283 385 2320 srumento
405 2283 590 2322 auxiliisque
610 2283 734 2312 tandem
755 2282 819 2312 suis

112 2334 276 2373 hilaratus,
298 2343 483 2373 annonoeque
504 2334 613 2364 leratoe
638 2332 819 2363 sollieitudi-

113 2393 184 2415 nem
201 2384 343 2424 deponit.-
375 2383 509 2422 Iegiones
523 2383 696 2423 equitesque
711 2392 751 2412 ex
765 2392 818 2412 na-

113 2433 214 2473 vibus,
238 2435 288 2473 sse.
326 2433 425 2465 Unde
454 2433 592 2464 minima
617 2432 819 2469 mutatione,

116 2493 239 2526 eaque,
266 2488 303 2515 ut
331 2485 476 2522 videtur,
491 2485 531 2514 ad
550 2493 683 2514 sensum
703 2492 819 2513 neces-

120 2535 221 2574 saria,
257 2535 408 2567 rescribo
432 2535 594 2572 frumento
623 2534 819 2574 auxiliisque,

121 2585 243 2616 tandem
265 2585 330 2615 suis
355 2586 511 2619 hilaratis,
543 2585 594 2615 vel
624 2585 821 2623 exhilaratis,

119 2643 295 2675 annoruaque
308 2636 420 2674 lerata,
432 2636 669 2666 sollicitudinem
678 2635 801 2675 deponit
811 2646 821 2666 .·

122 2684 254 2723 legiones
265 2687 435 2726 equitesque
446 2696 484 2717 ex
494 2686 691 2725 navibzis‚&c.
708 2685 821 2717 Davis.

122 2731 197 2767 Suis
209 2734 406 2776 exhilaratis,
419 2744 618 2777 annonaque
633 2737 746 2776 letata,
761 2735 822 2769 sol-

1435 214 1454 253 1
1463 213 1547 254 (303

843 314 1054 346 licitudincm
1079 316 1228 355 deponit;
1261 316 1395 355 legiones
1419 320 1547 357 equites-

843 375 911 406 que,
936 366 989 405 85⁶.
1035 366 1091 397 Ita
1122 376 1165 397 ex
1193 367 1260 397 Ms.
1288 367 1426 405 Eliensi,
1451 369 1550 399 unica

844 418 950 448 solum
977 422 1107 448 mutata
1135 417 1281 457 literula,
1307 418 1490 458 (scriptum
1518 428 1550 448 c-

845 467 911 497 nim
928 466 1041 498 fuerat
1058 467 1269 508 annonaque)
1298 468 1426 508 optime
1455 469 1550 499 resti-

846 518 910 548 tuit
939 518 1109 548 Davisius,
1170 518 1320 559 Scaliger
1359 523 1393 549 et
1424 519 1554 550 Recen-

846 568 949 598 tiores
970 567 1169 605 ediderant3
1191 569 1256 599 suis
1277 569 1474 609 exhilaratis,
1498 579 1553 601 an-

847 627 1010 658 nonaequc
1040 619 1142 648 levata
1167 619 1405 659 sollicitudine,
1427 621 1555 661 deponi&

846 667 998 704 legione-3,-
1023 668 1206 708 equitesque,
1221 671 1274 708 ξἐ.
1316 670 1355 700 Iu
1375 671 1449 701 aliis
1468 672 1552 703 Mss.

848 724 883 750 et
912 718 1019 749 Editt.
1035 719 1129 749 Vett.
1157 718 1269 750 fuerat
1289 721 1353 751 suis
1368 721 1555 753 exhilaratis

849 769 960 799 animo
989 773 1092 809 atque
1121 770 1222 800 lerata
1247 770 1489 810 sollicitudine,
1515 772 1555 802 le-

845 818 953 858 giones
981 819 1105 858 deponit
1114 830 1125 856 ;
1148 820 1332 860 equitesque,
1359 822 1411 860 isc.
1445 822 1554 852 Clark.

850 870 902 900 Ex
919 869 1034 900 Ursini
1051 870 1177 901 Codice
1202 881 1295 901 suam
1311 871 1492 902 lectionem
1507 871 1556 902 ef-

850 918 949 951 finxit
985 920 1146 959 Scaliger.
1205 921 1416 952 Exhilaratus
1450 923 1555 954 etiam

850 969 944 1001 Leid.
970 980 1038 1002 sec.
1064 971 1217 1002 hilaratus
1240 973 1348 1002 Dorv.
1387 972 1455 1002 Sed
1477 972 1557 1003 hita-

850 1021 930 1051 ratis
945 1021 1068 1061 Scalig.
1096 1026 1131 1052 et
1157 1022 1252 1052 Leid.
1271 1032 1322 1062 pr.
1369 1022 1470 1055 Quod
1487 1027 1557 1054 tam

853 1076 984 1101 rectum
1013 1076 1078 1111 est,
1095 1082 1196 1112 quam
1224 1072 1419 1102 exhilaratis.
1467 1072 1557 1103 Dein

853 1131 913 1161 pro
927 1132 1112 1162 annonoeque
1136 1122 1170 1152 in
1194 1122 1288 1153 Leid.
1304 1131 1370 1152 sec.
1388 1126 1440 1152 est
1456 1121 1558 1152 animo

852 1175 965 1211 atque;
999 1173 1031 1201 in
1062 1173 1171 1202 Dorv.
1209 1176 1339 1202 tantum
1375 1172 1490 1210 animo,
1524 1172 1558 1202 in

854 1221 946 1252 Leid.
978 1230 1029 1261 pr.
1055 1222 1202 1251 animum.
1259 1221 1299 1251 In
1326 1222 1448 1261 Scalig.
1484 1221 1558 1252 ami.

853 1281 989 1311 eumque.
1038 1271 1079 1301 In
1108 1271 1295 1311 anaciano
1319 1272 1559 1312 animorumque.

854 1322 894 1352 ln
911 1322 1032 1352 l’etav.
1049 1331 1130 1352 vero
1144 1332 1338 1362 annonaeque.
1384 1323 1484 1354 Unde
1503 1333 1561 1364 pa-

855 1376 906 1403 tet
923 1373 1051 1412 optime
1076 1372 1254 1402 Davisium
1277 1373 1481 1413 correxisse,
1506 1384 1560 1405 an-

854 1432 992 1462 nonaque
1004 1423 1118 1461 levata,
1132 1422 1369 1453 sollicitudinem
1379 1424 1446 1464 dep.
1469 1425 1560 1458 Quid

856 1473 957 1512 enim,
972 1483 1100 1514 quaeso,
1116 1478 1168 1504 est
1178 1475 1327 1514 deponere
1341 1473 1497 1514 legiones?
1514 1476 1564 1509 At

856 1523 1005 1563 deponere
1020 1523 1269 1564 sollicitudinem,
1295 1534 1413 1563 curam,
1442 1526 1561 1557 tritum

858 1577 894 1603 et
922 1573 1058 1604 obvium
1089 1573 1211 1604 ubivis.
1267 1574 1387 1604 Lei-are
1411 1585 1563 1606 annonam

859 1623 988 1664 optima
1017 1630 1071 1655 est
1099 1624 1238 1655 locutio.
1294 1625 1407 1655 Livius
1434 1635 1482 1658 1v.
1509 1629 1562 1659 12.

858 1674 867 1691 ‘
881 1673 1035 1705 Annonae
1051 1675 1174 1706 levatae
1193 1675 1333 1714 gloriam
1349 1676 1450 1706 tulit)
1472 1676 1564 1710 Ibid.

859 1724 983 1765 ‘quam
1011 1733 1176 1754 annonam
1206 1724 1368 1762 levaret3’
1407 1735 1468 1756 nec
1496 1735 1564 1757 non

861 1783 890 1804 c.
909 1776 960 1804 13.
979 1783 1018 1804 ac
1035 1782 1135 1805 xxvl.
1152 1777 1204 1805 40.
1237 1776 1246 1791 ‘
1262 1774 1364 1805 Urbis
1382 1775 1498 1807 Romae
1516 1781 1566 1808 at·

864 1833 928 1864 que
945 1824 1052 1854 ltaliae
1070 1834 1236 1855 annonam
1254 1825 1408 1857 levaret.'

906 1880 1021 1905 xxxv.
1054 1876 1070 1904 l
1097 1873 1219 1914 Quique
1243 1885 1310 1905 cum
1337 1884 1370 1906 eo
1395 1879 1493 1906 essent
1518 1886 1566 1907 co-

862 1923 964 1963 mites,
990 1924 1099 1954 mirari·
1125 1927 1155 1954 et
1182 1924 1353 1964 requirere]
1383 1925 1566 1965 Vulgatam

864 1986 943 2007 saue
974 1976 1170 2015 lectionem,
1199 1986 1298 2017 quam
1330 1977 1467 2008 exhibet
1499 1978 1565 2008 Ms.

865 2027 971 2058 Norv.
996 2036 1063 2057 non
1093 2037 1232 2067 prorsus
1261 2037 1396 2068 respuo.
1449 2028 1570 2059 Teste}⁷

866 2081 979 2107 tamen
996 2077 1092 2107 editt.
1109 2077 1207 2108 Rom.
1222 2078 1310 2108 Ven.
1338 2078 1498 2108 Beroald.
1516 2088 1568 2109 re-

865 2132 1075 2169 praesentare
1093 2131 1124 2158 et
1138 2128 1190 2168 qui
1212 2139 1279 2159 cum
1294 2139 1328 2159 eo
1351 2132 1463 2167 essent,
1479 2138 1568 2159 com,

865 2179 980 2209 mirari
995 2183 1025 2209 et
1041 2180 1206 2219 requirere,
1223 2189 1288 2220 quo
1313 2180 1384 2209 tere
1409 2179 1509 2210 modo
1526 2189 1569 2210 ex

867 2234 935 2260 vet.
950 2229 1058 2260 Codd.
1072 2229 1324 2260 rescribendum
1337 2229 1470 2259 censuit
1482 2229 1571 2263 Phil.

868 2279 1041 2309 Rubenius
1057 2279 1168 2309 Elect.
1187 2287 1212 2309 1.
1227 2281 1278 2309 10.
1299 2279 1411 2310 Daris.
1437 2278 1572 2309 Comites

867 2331 990 2362 mirari.
1033 2330 1090 2361 Sic
1116 2331 1266 2370 Scaliger
1282 2336 1315 2360 et
1334 2330 1572 2362 Recentiores.

872 2381 981 2411 Editt.
1010 2382 1106 2412 Vett.
1139 2381 1264 2422 quique
1302 2391 1378 2411 cum
1409 2391 1442 2412 eo
1472 2384 1572 2412 essent

868 2432 1055 2471 commirari,
1067 2434 1118 2471 dyc.
1143 2434 1228 2464 Quae
1244 2433 1346 2463 lectio
1362 2431 1466 2468 nihilo
1482 2431 1575 2462 vide-

872 2488 926 2512 tur
947 2481 1096 2513 inferior.
1124 2483 1233 2517 Clark.
1279 2483 1380 2512 Errat
1405 2481 1572 2512 Clau-kius.

871 2534 953 2563 Post
969 2532 1174 2563 Beroaldum
1192 2542 1307 2563 omnes
1328 2532 1520 2568 ediderunt,
1535 2536 1573 2561 ut

870 2583 1022 2623 Scaliger
1049 2588 1083 2613 et
1109 2583 1218 2614 ceteri
1239 2583 1380 2613 babent.
1425 2581 1492 2610 Sed
1509 2579 1573 2610 Ed.

873 2633 971 2664 Rom.
1002 2633 1096 2664 Med.
1112 2634 1197 2663 Ven.
1224 2638 1259 2663 et
1282 2632 1348 2662 Ms.
1377 2629 1521 2660 Dorvill.
1544 2631 1575 2660 et

871 2683 923 2724 qui
938 2693 1006 2714 cum
1018 2694 1051 2714 eo
1067 2686 1155 2714 erant
1170 2680 1359 2713 commirari.
1409 2679 1507 2708 Erant
1521 2681 1575 2709 est

870 2741 1004 2774 quoque
1029 2733 1064 2767 iu
1080 2732 1176 2764 Leid.
1194 2741 1245 2772 pr.
1291 2728 1390 2762 Quod
1414 2728 1492 2764 ideo
1522 2735 1574 2761 re-
