1850 3109
237 141 349 191 1720
664 155 699 185 J.
732 154 869 184 crtus!
907 154 1259 187 comit-:uranu

237 262 368 299 gressu
388 251 559 302 superior
578 253 768 303 equitatus
791 255 996 300 Romanus,
1026 270 1140 305 quern
1174 257 1304 294 Caesar
1332 256 1367 293 iu
1398 260 1522 294 eastra
1554 252 1690 308 proelio

239 315 477 364 prosperiore
498 316 682 354 reducere
712 325 915 355 contentus
936 318 1027 356 suit:
1065 321 1190 358 hostes
1212 321 1276 357 ubi
1299 321 1565 358 intellexerunt
1593 322 1692 360 frus-

238 384 295 416 tra
317 392 355 416 se
383 380 531 429 paludis
552 382 750 418 transitum
781 389 999 431 exspectare
1029 384 1167 421 tluuien
1198 384 1375 422 6”vadere
1409 385 1477 422 nisi
1505 393 1613 422 sunt:
1649 390 1692 423 ut

240 442 270 479 si
291 451 446 492 possent
469 444 669 480 castellum
691 458 712 480 a
732 445 883 482 Titurio
903 444 1131 483 ⁶¹incessurn
1151 456 1327 497 caperent
1350 455 1585 498 pontemque
1606 447 1693 499 [46]

241 506 536 556 confringerent,
575 506 642 544 ⁶2si
679 507 815 552 minim,
852 509 976 546 vicina
1010 523 1101 546 arva
1136 517 1324 548 xastarent
1359 512 1537 548 Romanis
1573 511 1694 558 utilia,

239 582 361 618 eaque
399 577 509 618 parte
546 576 724 607 venturos
764 571 1031 621 interciperent
1071 581 1329 611 commeatus:
1378 575 1517 611 certior
1553 574 1602 612 de
1638 575 1694 613 eis

239 633 374 670 Ca=snr
393 647 413 670 a
433 633 585 670 'l‘lturio
606 633 780 680 effeetus,
811 636 1023 685 equitatum
1047 637 1246 686 leventque
1268 643 1496 674 armaturam
1519 637 1566 674 ad
1598 650 1697 687 prae-

239 695 378 732 sidium
408 696 481 733 loci
502 696 633 733 ducit:
672 698 801 746 ibique
831 699 1034 736 durissimo
1070 702 1194 738 Marte
1227 714 1458 739 concursum
1486 708 1563 739 est:
1599 701 1694 739 dum

241 758 404 796 Romani
427 760 571 809 primos
593 761 720 798 hostes
741 762 775 798 in
807 764 961 799 transitu
992 764 1153 800 fluminis
1173 772 1385 815 occupatos
1412 779 1432 802 e
1452 765 1534 815 ripa
1554 765 1696 814 dejice-

241 829 325 860 rent
366 823 650 873 ca‘derentque,
683 830 720 862 ‹=t
758 825 952 875 proximos
991 827 1201 863 animosius
1234 842 1347 877 quam
1382 828 1595 866 consultius
1626 841 1697 878 per

237 886 403 936 priorum
426 887 610 924 cadavera
631 894 885 935 transeuntes,
917 889 1032 926 densa
1054 890 1251 927 missilium
1274 892 1375 928 nube
1396 891 1697 941 comprimerent

241 948 527 1000 ⁶³arcentesqiie
546 965 553 987 :
583 958 621 989 et
642 952 669 988 si
690 952 787 989 sorte
809 954 1031 991 transissent
1053 954 1088 990 in
1110 961 1245 1004 aperto
1266 955 1439 992 inventos
1461 968 1505 993 ac
1526 967 1700 1005 praeven-

240 1019 298 1049 tos
318 1013 564 1059 occiderent;
599 1016 652 1052 sic
674 1017 812 1066 repulsi
841 1018 1011 1067 undique
1040 1024 1077 1055 et
1104 1018 1283 1056 frumenti
1317 1019 1445 1069 inopia
1475 1019 1696 1057 laborantes

238 1078 433 1114 communi
454 1079 614 1116 consilio
637 1080 887 1119 decreverunt
913 1096 1040 1132 operae
1076 1083 1239 1132 pretium
1267 1082 1362 1127 sore,
1392 1089 1433 1119 ut
1466 1096 1558 1132 gens
1590 1095 1698 1132 quae·

238 1140 332 1178 libet
354 1141 389 1178 in
411 1155 516 1179 suam
537 1144 698 1192 patriam
721 1145 887 1182 rediret:
922 1153 957 1182 et
980 1145 1039 1182 cui
1073 1145 1234 1182 Romani
1266 1146 1432 1194 primum
1463 1158 1567 1182 arma
1599 1146 1698 1183 intu-

239 1203 385 1250 lissent,
416 1219 461 1242 eo
491 1219 624 1243 omnes
653 1215 920 1247 accurrerent:
958 1208 1106 1258 sibique
1140 1209 1300 1245 invicem
1338 1220 1449 1257 opem
1484 1207 1625 1245 ferrent
1656 1216 1697 1246 et

240 1267 319 1305 suis
337 1267 511 1317 frugibus
529 1269 746 1315 alerentur;
777 1277 815 1308 et
845 1272 920 1308 suis
953 1272 990 1308 in
1021 1272 1162 1308 tinibus
1194 1272 1430 1321 potissimum
1459 1272 1698 1310 dimicarent.

241 1331 416 1368 Accessit
448 1332 496 1369 ad
529 1333 622 1370 alias
653 1333 879 1371 discedendi
913 1347 1061 1379 causas,
1096 1335 1201 1384 quod
1240 1335 1488 1380 Dixitiacuin,
1527 1336 1588 1372 cui
1622 1336 1697 1373 hoc

241 1394 430 1432 Caesarem
461 1395 667 1444 imperasse
701 1410 817 1446 supra
846 1398 968 1443 retuli,
1004 1398 1296 1436 Belloxacorum
1331 1399 1437 1436 terris
1469 1399 1698 1449 obequitare

239 1466 503 1508 perceperant,
526 1466 563 1497 et
584 1460 678 1498 ferre
699 1461 774 1498 suis
795 1461 978 1498 auxilium
1001 1461 1129 1498 utilius
1151 1462 1401 1507 extimabant,
1425 1476 1538 1512 quam
1560 1463 1697 1512 procul

241 1521 358 1559 domo
380 1536 466 1560 cum
489 1524 668 1562 Romanis
687 1538 791 1562 arma
813 1525 1001 1563 conferre.
1056 1527 1254 1564 Abeuntes
1287 1532 1400 1564 nocte
1428 1527 1532 1563 nullo
1565 1526 1698 1564 ordine

243 1587 469 1637 magnisque
490 1588 722 1626 clamoribus
753 1590 947 1627 Caesarem
966 1590 1213 1628 exciverunt:
1251 1590 1356 1627 ibant
1388 1597 1516 1627 autem
1547 1602 1622 1627 non
1657 1597 1698 1628 ut

241 1649 307 1695 ire,
330 1650 394 1688 sed
418 1657 459 1689 ut
480 1651 611 1702 fugere
632 1653 877 1691 viderentur:
912 1655 1042 1704 itaque
1072 1655 1213 1692 veritus
1248 1654 1414 1699 insidias,
1446 1661 1486 1691 ut
1519 1654 1584 1704 qui
1612 1666 1700 1704 pro-

240 1713 418 1758 fectionis
438 1716 614 1754 idoneam
636 1730 790 1755 causam
811 1731 887 1754 non
909 1718 1067 1763 videret,
1099 1731 1186 1755 suos
1216 1718 1253 1755 iu
1283 1718 1415 1755 castris
1445 1717 1550 1754 nullo
1577 1718 1700 1755 tenuit

243 1778 433 1816 tumultu:
474 1780 539 1817 ubi
562 1794 638 1818 rem
660 1794 827 1826 onmem,
857 1781 956 1819 sicut
982 1788 1077 1826 erat,
1109 1782 1391 1831 exploratorum
1422 1780 1533 1826 tides,
1560 1786 1598 1818 et
1631 1781 1699 1818 lux

239 1843 508 1892 superveniens
530 1845 730 1894 patefecit,
751 1847 969 1895 equitatum
1001 1847 1217 1883 Romanum
1250 1845 1414 1882 hostium
1446 1844 1614 1895 vestigiis
1644 1845 1700 1882 iu-

241 1911 340 1942 stare
361 1914 398 1944 et
418 1909 647 1946 novissimos
670 1909 864 1946 retardare
885 1909 1058 1959 imperat.
1115 1909 1291 1958 Tresque
1313 1908 1401 1945 hinc
1424 1908 1588 1957 legiones
1609 1907 1701 1945 sub-

243 1970 373 2019 sequi:
408 1971 608 2020 equitatui,
632 1973 815 2016 Quintum
839 1973 1014 2018 Pedium,
1035 1980 1071 2010 et
1099 1972 1297 2010 6'‘Lucium
1320 1972 1579 2009 Arunculeum
1600 1972 1701 2009 Coe-

242 2038 346 2078 tam3
379 2035 592 2085 legionibus
616 2036 743 2073 'situm
765 2037 976 2074 Labienum
1005 2036 1194 2087 praeficit:
1231 2036 1296 2085 qui
1327 2035 1580 2085 impigerrime
1608 2048 1700 2085 pro—

242 2096 333 2135 fecti
353 2104 392 2136 et
412 2105 597 2137 nocturna
618 2100 708 2150 suga
728 2099 851 2139 fessos
877 2114 922 2138 ac
943 2101 1136 2151 dispersos
1163 2100 1327 2137 assecuti
1355 2099 1556 2136 maximam
1577 2112 1623 2137 ex
1645 2098 1702 2136 his

243 2168 409 2213 stragem
430 2163 598 2210 edidere,
628 2164 722 2201 dum
743 2166 924 2203 resistunt
944 2166 1067 2203 ultimi
1088 2172 1250 2216 cogente
1280 2163 1468 2214 periculQ
1500 2162 1612 2213 primi
1633 2175 1700 2199 au-

241 2231 319 2264 tem
354 2227 523 2265 tumultu
556 2228 703 2266 eminus
736 2229 871 2267 audito
906 2229 1015 2280 quasi
1048 2243 1108 2267 res
1141 2229 1189 2266 ad
1223 2241 1262 2265 se
1294 2226 1448 2264 minime
1480 2226 1701 2275 pertineret,

242 2290 335 2340 fuga
354 2291 426 2328 sibi
448 2291 613 2342 quisque
634 2293 875 2332 consuleret:
908 2294 996 2344 [47]
1028 2294 1081 2331 ita
1110 2293 1166 2330 his
1200 2290 1438 2341 urgentibus,
1471 2289 1540 2325 illis
1569 2296 1700 2327 aute-m

242 2353 301 2390 vel
328 2366 424 2390 vane
452 2355 721 2393 resistentibus
751 2357 810 2393 vel
843 2357 955 2407 plane
975 2356 994 2375 *
1015 2355 1264 2394 reddentibus
1298 2354 1377 2403 ipsa
1411 2351 1595 2402 quidem:
1633 2352 1701 2390 sed

243 2429 358 2466 quam
380 2417 495 2467 longa
514 2417 593 2455 dies
614 2424 690 2455 tam
714 2420 827 2469 longa
849 2419 921 2457 fuit
941 2420 1056 2457 etiam
1074 2419 1272 2456 homiuum
1291 2416 1415 2454 caedes
1433 2430 1442 2454 :
1468 2428 1553 2453 sero
1571 2421 1701 2454 autem

246 2479 410 2517 Romani
440 2483 474 2517 in
505 2487 629 2518 castra
659 2481 760 2527 fessi,
797 2489 837 2519 ut
866 2496 1043 2533 auguror,
1075 2489 1113 2519 et
1138 2482 1279 2531 jejuni,
1312 2481 1366 2518 sui
1400 2480 1508 2517 ducis
1541 2479 1701 2528 imperio

243 2542 402 2582 rediere.
457 2544 644 2583 Triduum
666 2545 745 2582 illic
765 2547 841 2596 egit
863 2548 1016 2586 Caesar:
1047 2546 1112 2585 ubi
1135 2547 1260 2583 liostes
1279 2545 1369 2595 fuga
1389 2543 1588 2581 evanuisse
1608 2554 1701 2594 cog-

285 2651 328 2680 60
343 2649 459 2691 Forte,
472 2652 682 2683 vadam—61
701 2652 807 2693 Lege,
823 2653 1067 2687 insessum—62
1082 2655 1198 2694 Forte,
1212 2652 1356 2685 sim-63
1374 2651 1481 2692 Lege,
1493 2651 1703 2692 arceremque.

251 2705 328 2735 064
348 2704 450 2746 Lege,
466 2704 596 2736 Lucium
610 2705 852 2739 Aurunculeium
869 2709 1009 2741 Cottam.
