1850 3109
382 208 487 238 mr.
518 196 587 238 98.
622 205 716 235 mo.
753 205 814 234 nr:
849 204 1004 234 neum
1037 205 1200 236 Arme.

109 313 218 336 λενιι.
246 309 264 335 5
302 301 484 341 Abi-agatis]
530 300 608 332 Non
640 299 762 330 damno

64 355 147 386 hum:
165 354 353 389 lectionem,
377 351 403 381 si
432 350 567 391 quidem
598 349 762 380 Mstorum

65 404 268 436 anctoritate
283 402 403 432 nititur
417 411 425 437 ς
444 410 518 430 nam
533 399 655 438 Scalig.
668 399 762 429 Leid.

64 464 129 485 soc.
157 452 300 483 Dorvill.
327 460 402 482 cum
429 449 515 480 Eud.
542 448 658 489 primis
683 449 764 478 Vas-

64 513 131 534 cos.
149 502 280 542 Gryph.
297 499 623 540 Stepliani,uliisque
636 498 763 529 habent

63 552 220 591 irrogatis.
277 551 397 581 Petav.
429 554 463 580 et
492 550 608 590 Cujac.
635 550 763 586 togatis,

62 602 125 633 nisi
157 606 320 640 excerpta
355 600 500 631 fallunt:
540 606 573 630 at
605 600 761 630 Leidens.

62 652 188 691 primus
205 651 352 690 erogatis,
381 651 401 681 i.
417 665 446 681 e.
475 651 622 690 inpensis
640 651 670 680 in
689 650 763 679 illos

61 701 102 732 ad
119 701 270 742 praemia,
287 711 345 731 seu
369 701 500 740 donatis,
525 706 561 731 ut
583 700 675 730 varia
701 709 762 739 pro

60 751 207 782 lectione
235 755 286 781 cst
313 751 346 781 in
374 751 494 791 anac.
549 751 595 782 Ut
625 751 763 790 erogarit

61 800 243 840 vectigalia
260 800 354 839 regia
369 800 600 838 Zamensibus,
615 801 682 840 qui,
698 802 761 830 ἃς.

61 850 213 890 Erogatis
241 850 409 890 scriptura
447 850 545 881 unice
585 859 664 880 vera
699 854 761 880 est.

62 900 180 931 Paullo
198 906 274 940 post
297 900 329 930 in
356 900 442 931 Edd.
467 900 584 940 primis
602 899 763 931 scribitur

61 950 210 981 Sallustio
237 950 342 990 populi
375 950 429 980 Εἰ.
457 950 659 990 proconsule.-
698 958 762 980 non

60 1000 162 1039 male,
179 1001 204 1031 si
224 1000 308 1031 Mss.
325 1000 533 1031 addicerent.
593 999 679 1029 Vide
695 1009 762 1030 om-

61 1050 141 1081 nino
161 1051 337 1082 Heinsium
363 1055 398 1081 et
427 1051 609 1080 Burmann.
627 1049 668 1080 ad
685 1049 763 1079 Vel-

62 1100 117 1130 lei.
136 1109 177 1130 ιι.
194 1103 244 1131 79.
259 1106 294 1131 et
310 1110 414 1140 supra
428 1100 469 1130 ad
487 1110 517 1131 c.
536 1103 588 1130 51.
613 1101 622 1116 ⁶
641 1101 763 1130 milites

62 1149 177 1190 popul.
197 1150 357 1180 Romani.'

54 1226 59 1229 .
103 1203 123 1232 8
148 1200 560 1235 Qui—ordines‹luxerant;
576 1199 650 1230 item
667 1199 764 1239 Thap-

60 1250 182 1288 sitanis,
199 1249 265 1289 δικ]
295 1250 384 1288 Vox,
408 1249 494 1288 item,
517 1249 613 1279 abest
631 1249 662 1278 in
679 1249 763 1279 Mss.

63 1301 147 1341 Reg.
166 1305 201 1332 et
218 1300 339 1340 Vossii,
356 1304 391 1330 et
408 1300 501 1330 Edit.
520 1300 693 1336 Ro1naua;
728 1303 763 1329 et

64 1356 158 1383 recte
176 1350 310 1392 quidem
327 1351 436 1381 abest.
482 1350 555 1380 Nisi
572 1348 660 1380 forte
675 1349 764 1380 desit

60 1400 207 1442 aliquid:
248 1406 296 1440 ut,
326 1401 432 1441 qui—
448 1401 569 1431 ordines
596 1402 764 1440 duxerant,

61 1451 276 1483 Uticensibus
300 1452 462 1482 mulctam
479 1451 644 1492 imponit:
683 1451 764 1482 Item

50 1503 276 1544 -TMpsitanss,
295 1505 348 1543 ᾁσ.
394 1503 465 1535 Aut
491 1504 615 1545 aliquid
643 1504 762 1535 simile.

60 1554 178 1595 quue
206 1554 324 1594 magis,
351 1554 442 1596 quod
472 1555 506 1585 in
538 1555 604 1585 Ms.
637 1555 764 1585 Eliensi

62 1604 229 1645 scriptum
247 1606 303 1643 sit,
326 1605 459 1645 itemque
484 1605 695 1645 Thapsitanis,
709 1606 762 1644 syc.

64 1655 172 1686 slat-k.
227 1655 348 1686 Petav.
375 1661 411 1686 et
437 1657 544 1686 Norv.
570 1656 653 1686 dant
676 1655 764 1686 item—

61 1715 140 1745 que,·
173 1715 239 1746 qua
266 1706 307 1737 de
335 1715 436 1736 causa
463 1705 620 1737 Clarkius
637 1705 764 1746 aliquid

61 1754 232 1786 excidisse
247 1756 446 1796 suspicatur.
484 1755 553 1787 Sed
571 1756 683 1786 verius
700 1760 765 1796 est,

62 1810 100 1836 ut
113 1804 269 1836 deleatur
282 1805 354 1835 item
366 1815 378 1842 ;
393 1815 459 1846 quo
471 1805 638 1836 vocabulo
654 1806 764 1836 Mstos

61 1856 145 1897 Reg.
162 1861 197 1887 et
211 1857 309 1888 Voss.
328 1865 367 1887 ac
383 1856 564 1887 editionem
582 1857 764 1887 Romanam

61 1916 179 1938 carere
216 1907 267 1937 vir
304 1907 361 1938 ille
399 1906 521 1938 doctus
561 1907 764 1939 observavit.

62 1956 171 1989 Abest
199 1958 302 1988 etiam
335 1967 354 1988 a
383 1957 545 1989 Beroald.
574 1958 706 1999 Gryph.
729 1962 764 1989 et

62 2007 176 2048 Lugd.·
208 2010 301 2039 1576.
357 2008 472 2040 Possis
510 2008 613 2039 etiam
648 2009 763 2048 legere

61 2061 127 2088 tum
146 2057 354 2098 Thapsitanis,
368 2059 421 2097 35⁶·
467 2058 578 2090 Datis.
607 2068 677 2090 cur.
694 2068 762 2090 see.

62 2106 174 2138 Abest
190 2117 321 2148 quoque
336 2108 410 2138 item
426 2118 446 2139 a
459 2108 555 2139 Leid.
580 2117 647 2140 sec.
673 2109 763 2139 Dor-

62 2157 133 2187 vill.
148 2161 183 2187 et
199 2157 286 2188 Edd.
305 2157 445 2188 Mediol.
470 2159 594 2190 Venet.
621 2160 763 2191 Vascos.

61 2206 178 2246 Stepli.
224 2206 290 2236 Sed
307 2206 438 2247 itemque
454 2208 551 2238 Leid.
569 2218 621 2248 pr.
663 2209 763 2240 Unde

63 2261 178 2296 putem
196 2266 271 2287 cum
286 2257 424 2288 Clarkio
441 2257 525 2297 quid
542 2258 719 2289 excidisse.

104 2310 126 2338 9
149 2307 213 2339 HS
226 2316 276 2339 xx
290 2307 400 2347 millia,
415 2307 484 2347 mu]
510 2307 551 2338 In
569 2308 660 2338 nullo
671 2309 764 2339 Msto

62 2367 126 2390 nec
152 2359 242 2390 Edd.
274 2359 390 2399 primis
416 2369 554 2399 usquam
589 2360 644 2390 hic
676 2369 765 2390 com-

64 2412 163 2448 paret
174 2409 291 2440 millia:
323 2418 386 2439 nec
403 2413 517 2449 potest
533 2419 552 2440 e
568 2409 680 2440 Latini
695 2419 764 2440 ser-

64 2459 171 2491 monis
186 2459 329 2490 ratione.
373 2459 489 2491 Quare
505 2469 581 2490 cum
597 2459 766 2491 Glandor-

65 2508 121 2549 pio
137 2509 260 2549 ubique
277 2509 399 2549 scripsi
415 2509 552 2548 vicesies,
568 2510 706 2542 tricesies
720 2510 768 2541 bis

66 2562 96 2590 et
110 2559 318 2599 quinquagies,
332 2565 367 2591 et
392 2570 422 2591 c.
437 2570 508 2601 seq.
523 2561 639 2592 centies
662 2571 722 2602 pro
744 2571 764 2593 c

67 2607 212 2638 millibus.
267 2609 414 2640 Consule
440 2610 574 2641 omnino
600 2620 765 2642 summum

69 2657 219 2689 Gronov.
236 2658 279 2689 de
295 2659 378 2690 Pec.
393 2660 474 2691 Vet.
492 2669 531 2691 11.
547 2663 578 2691 3.

112 2707 153 2742 10
171 2706 406 2751 adrumetum]
444 2710 566 2744 Petav.
581 2710 766 2745 Λᾶν-τυπετο-

1404 198 1514 238 lii-13

811 299 871 330 nis.
919 298 1015 330 Leid.
1042 309 1091 339 pr.
1118 299 1339 330 Adrumetinis.
1385 300 1514 331 Rectis-

811 350 906 380 sime.
953 350 1007 380 Sic
1025 349 1113 380 enim
1131 351 1191 379 hoc
1216 349 1341 386 gentile
1358 350 1515 380 termina-

815 405 868 430 tur
884 410 902 430 a
920 400 1067 430 Latinis:
1102 404 1137 429 ut
1153 409 1194 429 ex
1211 398 1432 437 svn-iploribus
1449 408 1514 429 non

813 451 930 487 solum,
956 449 1013 479 sed
1038 454 1072 479 et
1104 448 1382 487 inscriptionibus
1406 453 1514 488 patet.

814 499 899 529 Yule
928 499 1065 529 Berkel.
1089 498 1130 529 ad
1157 499 1271 537 *tepla
1302 498 1446 536 Byzant.
1470 498 1515 528 V.

812 547 970 588 Ἀδρὺμης,
988 554 1022 579 vt
1038 558 1135 588 supra
1154 547 1194 578 ad
1212 558 1240 578 c.
1259 551 1289 578 3.

857 602 896 629 13
922 601 971 628 Aa
1001 598 1148 628 Senatum
1177 598 1276 637 questi
1302 607 1359 637 per
1385 598 1514 636 legatos,

812 653 903 688 atque
917 648 1047 678 arbitris
1062 659 1079 676 a
1095 647 1211 678 Senatu
1225 650 1277 677 (lat
1283 648 1321 686 is,
1334 658 1388 677 sua
1398 657 1515 688 recepe-

813 697 900 738 rant]
945 698 1067 729 Petav.
1093 698 1198 728 Norv.
1224 703 1259 728 et
1283 697 1415 737 Gryph.
1433 697 1516 727 dant

813 749 910 788 questi
923 758 980 789 per
994 749 1113 788 legatos
1125 751 1217 788 atque
1227 747 1362 778 arbitros
1376 758 1393 777 a
1404 751 1516 778 senatu

813 801 913 830 datos,
972 799 1164 839 Legendum
1200 808 1281 829 vero
1310 800 1349 828 ad
1377 801 1516 828 senatum

814 850 912 888 questi
925 859 983 889 per
993 851 1122 889 legatos,
1134 849 1264 879 arbitris
1274 859 1291 878 a
1303 851 1410 879 senatu
1421 848 1518 888 (latis,

813 911 870 931 sua
898 904 1083 941 receperant.
1127 900 1271 937 Vocula,
1297 909 1396 940 quarn
1425 898 1515 929 dele-

814 960 899 990 mus,
912 960 1042 981 sensum
1062 949 1189 989 turbat,
1201 950 1348 990 nullique
1361 953 1413 979 est
1430 948 1515 980 usui.

815 1001 925 1032 Daris.
942 1010 1012 1032 cur.
1028 1010 1096 1030 sec.

860 1053 899 1081 14
923 1050 1066 1081 Arbitris
1085 1060 1103 1080 a
1120 1049 1237 1080 Senatu
1251 1048 1349 1089 datis]
1394 1049 1449 1079 Sic
1466 1058 1517 1079 re-

817 1102 986 1133 centiores
1002 1102 1129 1132 habent
1145 1101 1291 1133 Codices
1306 1112 1314 1139 ;
1338 1110 1412 1131 nain
1431 1110 1517 1140 prae-

817 1158 868 1182 ter
886 1152 964 1181 Pet.
978 1158 1013 1182 et
1030 1151 1155 1181 Eliens.
1167 1151 1270 1181 etiam
1287 1151 1406 1191 Sczilig.
1422 1149 1516 1181 Leid.

817 1211 867 1241 pr.
885 1206 921 1231 et
941 1200 1025 1230 Edd.
1041 1201 1179 1230 Vascos.
1196 1200 1355 1239 Stephan.
1385 1200 1517 1239 Gryph.

816 1256 906 1291 post.
934 1252 999 1282 Str.
1025 1251 1106 1282 dant
1133 1250 1267 1280 arbitros
1290 1260 1309 1279 a
1333 1260 1396 1280 sen.
1420 1250 1519 1281 datos.

816 1303 930 1334 Quare
947 1306 1077 1332 rectum
1103 1310 1175 1331 esse
1198 1305 1293 1340 puto,
1309 1299 1397 1341 quod
1411 1309 1520 1330 serva-

815 1352 864 1383 vit
887 1351 1104 1392 Cujacianus,
1125 1351 1257 1381 arbitrio
1283 1362 1301 1381 a
1323 1350 1377 1391 (ab
1394 1349 1519 1389 Dorv.)

814 1413 878 1433 sen.
895 1404 980 1433 dato.
1025 1400 1151 1433 Confer
1174 1411 1248 1442 qnae
1272 1401 1387 1431 notavi
1411 1400 1452 1431 ad
1476 1400 1517 1431 B.

817 1455 890 1485 Civ.
919 1462 976 1484 111.
999 1456 1052 1484 20.
1075 1453 1084 1469 ‘
1102 1452 1344 1490 Solutionibus,
1366 1461 1441 1493 quae
1458 1460 1520 1491 per

817 1505 992 1535 arbitrium
1010 1502 1154 1533 fierent.’
1186 1503 1240 1533 Sic
1256 1512 1322 1533 non
1339 1512 1422 1542 opus
1440 1502 1518 1540 erit,

816 1560 854 1586 ut
870 1565 944 1586 cum
963 1554 1107 1585 Davisio
1132 1553 1246 1584 deleas
1273 1556 1372 1592 atque.
1420 1552 1519 1583 Cete-

817 1616 887 1636 rum
906 1615 966 1645 pro
980 1609 1008 1636 et
1024 1605 1130 1647 questi,
1147 1613 1211 1635 non
1239 1603 1418 1644 legendum
1443 1613 1520 1634 cuin

817 1655 964 1686 Aicardo
981 1659 1010 1686 et
1033 1655 1084 1694 qui
1096 1655 1206 1694 questi,
1223 1654 1276 1684 vel
1289 1653 1519 1684 eruditissimo

818 1705 929 1736 Poeta
953 1704 1191 1744 Huidecopero
1212 1704 1265 1734 sed
1279 1704 1392 1743 questi.
1437 1703 1520 1733 Sub-

817 1755 1020 1795 intelligitur
1041 1755 1104 1794 qui.
1150 1753 1218 1784 Adi
1243 1754 1377 1784 omnino
1401 1757 1521 1784 notata

818 1807 859 1837 ad
877 1806 917 1836 B.
936 1806 980 1837 G.
996 1814 1044 1835 lv.
1063 1807 1094 1835 3.
1112 1805 1195 1835 eth.
1211 1804 1297 1835 libro
1314 1814 1343 1834 c.
1356 1806 1410 1834 64.

861 1858 1025 1887 xcv111.·2
1062 1855 1190 1886 Carales
1204 1855 1236 1884 in
1252 1853 1430 1884 Sardiniam
1452 1864 1521 1894 per-

817 1907 915 1947 tenit]
961 1908 1028 1938 Ms-
1054 1907 1161 1937 Norv.
1181 1915 1200 1936 a
1223 1905 1348 1936 Caralis
1362 1905 1394 1935 in
1411 1905 1519 1935 Sardi-

817 1958 913 1997 niam,
940 1957 1028 1988 unde
1053 1955 1286 1996 reponendum
1312 1957 1353 1985 aci
1382 1956 1520 1993 Carales,

817 2008 884 2045 vel,
915 2017 975 2048 pro
1003 2011 1121 2038 vetere
1154 2006 1324 2038 scribendi
1353 2015 1459 2046 more,
1480 2007 1519 2036 ad

819 2058 952 2089 Caralis.
1007 2058 1146 2089 Carales
1171 2056 1249 2087 urbs
1276 2061 1329 2087 est
1353 2055 1519 2087 Sardiniae

817 2108 990 2149 primaria,
1007 2118 1105 2149 quam
1123 2107 1239 2138 urbem
1266 2107 1396 2137 urbium
1418 2110 1520 2138 vocat

817 2159 937 2189 Florus
954 2167 994 2189 11.
1008 2161 1038 2189 6.
1073 2159 1186 2190 Datis.
1231 2160 1260 2189 A
1278 2158 1400 2189 Caralis
1416 2158 1518 2189 etiam

817 2209 938 2240 Petav.
963 2215 1124 2249 corrupte
1153 2219 1213 2249 pro
1240 2211 1292 2239 ad.
1350 2209 1479 2240 Contra
1500 2219 1519 2238 a

819 2259 984 2290 Caralibus
999 2259 1124 2290 statim.
1170 2261 1279 2299 Supra
1295 2259 1337 2289 de
1352 2259 1414 2289 hac
1432 2268 1518 2298 prae-

817 2308 998 2348 positionis
1035 2308 1209 2339 additione
1247 2309 1427 2349 aliquoties
1450 2309 1518 2349 egi-

817 2368 899 2389 mus.
944 2359 1053 2389 Porro
1076 2358 1272 2390 auctoribus
1297 2359 1417 2390 Petav.
1440 2359 1519 2390 Sca-

816 2408 876 2448 lig.
927 2408 1022 2439 Leid.
1063 2417 1111 2448 pr.
1148 2407 1344 2449 praeferrem
1372 2418 1410 2439 ιν
1437 2410 1517 2440 Kal.

818 2458 944 2494 Quinct.
960 2458 1041 2489 licet
1057 2459 1175 2489 Celsus
1196 2459 1300 2490 etiam
1315 2468 1358 2490 ιιι
1376 2459 1517 2499 scribat,

816 2509 1024 2540 recentiores
1049 2518 1193 2550 sequens
1211 2508 1364 2540 Codices.
1410 2509 1519 2539 Resti-

817 2559 867 2592 tui
897 2559 1032 2591 interim
1059 2563 1220 2600 provectus
1242 2559 1309 2590 fide
1337 2559 1421 2589 Mss.
1450 2567 1517 2589 om-

815 2612 908 2642 nium
938 2615 974 2641 et
1003 2610 1090 2641 Edd.
1124 2614 1251 2651 praeter
1281 2609 1391 2639 Amst.
1427 2609 1516 2640 DaV.

816 2659 924 2703 Lugd.
941 2664 977 2693 et
991 2659 1104 2692 Clark.
1150 2659 1239 2691 Vide
1255 2657 1298 2689 ad
1316 2666 1347 2689 v.
1363 2659 1393 2688 8.
