1850 3109
355 188 446 217 Lm.
482 187 552 215 ιι-ι.
585 185 692 215 OAP.
725 176 796 216 (58.
833 184 893 213 nn
930 185 1084 214 nmmo
1122 186 1292 215 cxvxm.

98 285 130 311 et
156 281 252 311 Voss.
276 279 476 311 Codicibus:
502 288 600 319 quem
619 276 794 308 Accusati-

100 339 176 360 unn
206 329 336 360 restitui
365 329 484 359 deletis
507 328 660 358 stellulis.
706 326 796 357 Mire

98 379 168 409 haec
186 378 368 419 interpolat
381 377 592 415 Ciam-onius,
609 376 664 417 qui
689 375 795 406 videri

100 433 226 467 potest.

139 486 251 508 van.
286 480 297 506 l
325 476 421 515 Signo
446 476 577 514 legionis
604 475 715 514 inlato]
742 475 796 506 Ci-

97 527 254 558 acconius
268 532 362 566 putat
388 526 564 565 legendnm
580 527 671 565 signa
686 526 795 556 inluta.

95 578 144 607 'l'n
159 587 247 613 vero,
269 577 311 606 ini
334 577 469 615 Lector,
492 577 537 607 nil
554 582 658 607 muta.
704 577 797 607 Solet

97 628 211 657 Caesar
230 625 429 657 Ablativum
447 627 635 657 absolutum
661 635 797 666 ponere,

94 676 335 707 subintellecto
352 686 432 707 casu
453 676 515 707 sub
539 677 645 707 verbo
667 676 795 707 addito.

95 727 143 758 Ut
159 726 212 758 hic
225 727 314 765 sig-no
332 728 429 766 illuto,
452 727 671 758 renunciarunt
693 736 727 756 co
750 736 796 757 sc.

94 777 219 815 signum
234 777 377 808 inlatum.
423 778 571 808 Consule
594 777 725 807 omnino
743 786 798 806 no-

96 834 167 858 tam
180 827 223 858 ad
239 836 303 858 vn.
319 829 351 858 4.
368 829 377 843 ‘
391 828 590 858 convocatis
615 827 681 858 suis
697 828 797 858 clien-

94 877 194 917 tibus,
218 876 317 908 t'acile
346 877 520 908 incendit!
580 876 668 908 Vide
695 878 797 908 etiam

94 929 215 960 Varias
236 928 302 960 LL.
320 939 349 959 c.
366 931 419 959 69.

139 981 176 1009 15
204 978 283 1009 Erat
300 978 432 1016 objectus
454 979 555 1018 portis
577 977 703 1018 eritius]
737 979 798 1009 Est

96 1028 201 1067 trabs,
229 1029 283 1059 cni
310 1028 422 1059 infixae
451 1030 562 1070 pinnae
588 1028 732 1068 t'erreae3
764 1034 798 1060 et

95 1089 187 1119 saepe
206 1080 387 1110 versatilis.
434 1080 547 1110 Hodie
576 1090 709 1121 quoqne
735 1080 798 1110 nti-

93 1139 169 1160 mur
185 1129 224 1159 iis
246 1139 484 1170 nonnunquam
507 1130 549 1160 ad
575 1131 798 1160 obstruendas

94 1189 210 1221 aquas,
238 1180 299 1210 uisi
323 1180 413 1221 qnod
437 1189 526 1211 nunc
551 1189 695 1220 superne
725 1185 797 1210 tan-

96 1235 167 1261 tum
183 1230 295 1261 aculei
312 1230 515 1271 infigantur:
545 1232 576 1261 in
600 1232 657 1262 illo
681 1236 798 1262 vetere

95 1289 137 1311 ex
155 1281 310 1312 omnibns
327 1281 501 1312 lateribus.
550 1281 707 1312 Meminit
731 1291 799 1312 ma-

95 1331 203 1363 chinae
223 1332 366 1363 Sisenna
387 1332 477 1372 apud
501 1331 650 1363 Nonium
674 1332 709 1362 in
733 1332 799 1362 Ve-

97 1387 230 1412 rntum:
271 1383 455 1422 ‘Saxaque
488 1382 640 1422 ingentia
670 1387 705 1413 et
736 1390 799 1411 axe

89 1432 219 1472 junctae
250 1432 376 1470 trabes,
408 1441 470 1472 per
505 1441 648 1471 pronum
680 1431 800 1461 incita-

97 1481 244 1512 bantur:
291 1481 477 1522 axibusque
515 1481 726 1520 eminebant,
766 1482 799 1511 in

96 1532 231 1563 modun:
249 1532 338 1563 eritii
355 1531 525 1571 militaris,
550 1537 667 1563 veruta
684 1532 799 1562 binum

97 1581 245 1622 pedum.'
290 1582 429 1613 Certum
451 1586 502 1612 est
528 1582 637 1612 locum
661 1590 799 1620 corrup-

98 1638 268 1662 tnmesse.
315 1631 356 1661 In
373 1631 482 1661 veteri
498 1631 632 1661 Veneta
648 1631 799 1661 editione

96 1681 277 1721 legebatur
291 1691 298 1719 ;
314 1682 322 1697 ‘
335 1681 493 1720 Saxaque
511 1680 676 1721 ingentia,
688 1681 797 1711 evinc-

98 1730 125 1761 ti
162 1730 258 1761 trabe
291 1739 352 1770 per
389 1739 531 1770 pronum
562 1729 798 1760 inutabanturss

99 1780 200 1812 Unde
225 1779 411 1811 faciebam:
436 1780 612 1820 ‘Saxaque
638 1780 800 1820 ingentia,

98 1831 252 1862 revincta
283 1831 379 1861 trabe
412 1840 473 1870 per
509 1840 651 1870 pronum
683 1830 799 1860 incita-

99 1881 246 1913 bantur.'
315 1881 401 1912 Nam
440 1881 496 1911 illa
535 1881 684 1911 violenta
722 1890 800 1911 vere

99 1932 252 1963 machina
279 1932 306 1962 si
331 1932 364 1961 in
390 1931 554 1962 lateribus
581 1931 740 1969 molares,
767 1931 800 1960 in

98 1981 209 2013 medio
226 1981 299 2012 axis
322 1981 451 2012 verutis
468 1980 632 2012 confixus.
676 1981 801 2010 Turne-

100 2032 161 2063 bus
178 2031 370 2063 scribebat:
389 2034 397 2048 ‘
412 2033 568 2072 Saxaque
585 2030 748 2071 ingentia,
766 2034 802 2061 et

101 2083 198 2115 orbes
219 2093 282 2114 axe
305 2083 441 2124 juncti!
487 2083 564 2114 Non
597 2081 738 2112 damno:
765 2080 801 2112 'si

101 2143 164 2174 per
189 2133 299 2173 orbes,
325 2139 362 2164 ut
391 2133 472 2172 dixi,
499 2132 668 2172 intelligas
698 2141 799 2163 saxa:

101 2193 179 2214 nam
201 2183 244 2214 de
262 2183 346 2214 rotis
376 2183 494 2223 ligneis
519 2183 547 2213 si
572 2183 731 2222 accipias,
755 2182 801 2213 vi-

102 2234 202 2266 detur
224 2244 290 2266 non
312 2243 450 2276 magnus
477 2234 624 2274 impetus
648 2243 721 2264 esse
747 2244 803 2274 po-

102 2285 220 2316 tuisse.
267 2285 400 2316 Nomen
428 2284 591 2315 machinae
618 2283 660 2314 ab
686 2283 803 2321 ericio,

101 2344 160 2366 seu
191 2335 346 2366 erinaceo
375 2334 521 2366 animali.
588 2334 629 2364 Iu
658 2334 735 2364 Pet.
768 2338 803 2364 et

102 2385 177 2416 Pal.
201 2390 399 2417 constanter
422 2391 566 2426 utroque
591 2385 665 2415 loco
688 2384 803 2415 scribi-

102 2440 160 2466 tur
176 2434 297 2466 en'cz'uS.
343 2435 382 2466 In
406 2436 573 2474 Bongars.
600 2435 648 2465 bis
672 2434 803 2476 erycius,

105 2487 195 2528 quod
211 2487 313 2526 addo,
330 2488 408 2528 qnia
424 2487 466 2518 de
493 2487 602 2518 literis
627 2487 725 2527 hujus
749 2496 804 2516 vo-

104 2537 154 2568 cis
179 2537 364 2578 disputare
402 2537 518 2568 doctos
565 2537 655 2567 viros
692 2536 804 2567 video.

111 2586 239 2623 Vossius.
284 2587 371 2618 Vide
388 2589 492 2619 etiam
509 2590 667 2619 Cnaccon.
684 2592 719 2618 et
735 2587 806 2618 Ho-

106 2641 187 2668 tom.
230 2638 299 2670 Per
313 2649 329 2668 c
345 2639 447 2670 etiam
467 2639 628 2670 scribitur
649 2638 684 2668 in
709 2637 805 2669 Leid.

106 2696 158 2727 pr.
175 2695 243 2718 sec.
268 2688 392 2719 Lovan.
417 2689 540 2730 scalig.
564 2694 600 2719 et
624 2688 713 2720 Edd.
737 2688 805 2729 pri-

107 2736 169 2768 mis
184 2736 324 2778 aliisque
339 2747 348 2777 ;
364 2739 453 2780 quod
470 2739 635 2771 revocavi.

1437 177 1458 215 1
1465 175 1548 216 :303

891 279 931 309 16
955 278 1154 316 Pugnatum
1168 288 1270 318 quum,
1285 278 1355 318 δῖα]
1385 279 1548 317 Scaliger,

847 337 961 358 errore
982 327 1036 360 (ut
1052 328 1186 369 opinor)
1205 329 1463 369 typographico,
1482 329 1550 358 edi-

847 377 919 408 dit:
950 382 1134 417 pugnatum.
1192 378 1304 418 Quum,
1333 381 1384 418 &a
1438 382 1546 412 Quem

847 428 990 458 absurde
1009 429 1118 459 secuti
1135 434 1213 460 sunt
1231 429 1464 467 nocentiores,
1476 438 1548 458 sen-

848 480 958 510 tentia
976 479 1073 518 plane
1093 480 1192 510 nulla.
1229 480 1335 509 Clurlc.

893 531 931 558 17
956 529 1116 570 Pulc-ioue]
1147 529 1186 560 1n
1215 529 1297 559 Mss.
1326 529 1446 559 Petav.
1476 529 1549 559 Pal.

849 577 1008 608 Ciaccon.
1030 584 1065 609 et
1083 579 1169 608 Edd.
1194 580 1288 608 Rom.
1316 578 1409 608 Med.
1433 577 1550 608 scribi·

849 632 904 658 tur
934 629 1078 666 Pulajuue
1107 629 1161 659 vel
1190 630 1331 660 Pnleone.
1387 628 1426 658 In
1457 629 1550 658 Leid.

850 687 899 718 pr.
928 678 1068 709 Pulz'one.
1116 679 1256 719 I'ulfione
1283 679 1408 709 faciunt
1434 681 1551 709 Ciacc.

848 733 883 758 et
903 728 1083 759 Gruterus.
1128 728 1216 759 Vide
1241 729 1282 758 az}
1307 737 1340 758 v.
1364 731 1416 758 44.
1464 729 1551 758 Nar-

848 778 934 808 ratio
951 782 1063 808 autem
1089 778 1129 808 de
1160 777 1354 818 proditio-m
1379 777 1550 807 exercitus

849 827 1045 866 Antoniani,
1061 834 1098 858 ut
1114 837 1215 867 supra
1232 828 1388 866 diximus,
1403 827 1514 867 periit.

892 881 932 909 18
962 878 992 908 Ε
1019 878 1096 919 loco]
1142 879 1207 909 Ms.
1236 879 1363 908 Elicns.
1396 883 1430 907 et
1458 877 1550 908 Edit.

850 929 948 960 Rom.
979 939 1012 959 co
1054 931 1128 960 loco.
1184 925 1276 962 Quae*
1308 930 1413 959 lectio
1454 938 1551 969 mque

850 980 947 1011 bona.
973 981 1080 1010 Clark.
1132 981 1176 1010 Eo
1199 981 1262 1010 loco
1285 980 1411 1010 habeut
1439 987 1552 1009 omnes

851 1029 942 1060 Editi
966 1035 1044 1060 ante
1071 1029 1244 1067 Ursinum,
1265 1029 1320 1069 qui
1337 1039 1352 1059 e
1369 1030 1431 1059 loco
1447 1038 1465 1059 e
1484 1029 1550 1058 Ms.

849 1090 908 1110 suo
934 1080 1051 1119 reponi
1073 1080 1196 1120 jussit:
1223 1079 1321 1119 eique
1346 1079 1553 1118 adstipulan-

850 1135 904 1159 tur
940 1130 1061 1160 Petav.
1087 1129 1181 1159 Leid.
1211 1139 1261 1168 pr.
1290 1129 1382 1159 Voss.
1410 1134 1445 1158 et
1471 1127 1550 1158 alii:

853 1183 882 1210 et
911 1180 972 1209 Ioco
997 1183 1050 1209 est
1076 1179 1109 1208 in
1135 1179 1245 1208 Palat.
1283 1178 1324 1209 V.
1341 1178 1384 1208 ad
1401 1186 1480 1208 x'111.
1499 1180 1551 1207 19.

849 1232 858 1247 ⁴
875 1231 1052 1271 proeliante
1071 1230 1204 1261 Corbeo
1221 1239 1262 1259 ex
1280 1229 1396 1260 silvis!

893 1283 932 1310 21
959 1281 1016 1319 Et,
1033 1281 1112 1319 qnod
1128 1290 1161 1310 eo
1183 1281 1271 1319 pulsa
1287 1280 1367 1318 legio
1383 1289 1447 1310 sese
1470 1289 1552 1310 rece-

847 1329 954 1371 perat]
984 1330 1024 1360 In
1049 1330 1239 1360 Petaviano
1266 1329 1303 1359 τὸ
1330 1333 1359 1360 et
1385 1330 1556 1361 desidera-

851 1386 917 1412 tur.
978 1381 1153 1411 Palatinus
1185 1380 1288 1411 habet
1321 1384 1350 1410 ct
1381 1390 1437 1420 quo
1466 1380 1556 1419 pulsa

851 1432 930 1472 legio
956 1442 1020 1462 sese
1048 1435 1214 1472 receperat.
1262 1431 1458 1471 Legendum
1487 1431 1553 1469 aio,

851 1493 907 1522 quo
928 1483 1016 1522 pulsu
1030 1483 1050 1512 l.
1057 1482 1112 1520 gio
1129 1491 1193 1512 sese
1213 1485 1380 1520 receperat.
1421 1480 1555 1511 Vossius.

853 1532 1001 1563 Perinde
1023 1541 1095 1562 esse
1120 1532 1168 1562 ait
1193 1532 1359 1562 Clarkius.
1405 1530 1556 1562 Meliori-

856 1583 916 1613 bus
933 1588 1044 1613 tamen
1061 1583 1144 1613 Mss.
1161 1582 1425 1623 obsequendum.
1471 1582 1557 1612 Con-

850 1633 1023 1673 jecturam
1055 1633 1163 1663 Vos-sii
1201 1632 1336 1663 omnino
1377 1631 1557 1662 confirmat

858 1683 1074 1713 Lovaniensis
1100 1683 1292 1722 irruperunt,
1317 1691 1376 1721 quo
1395 1682 1496 1721 pulsa,
1518 1685 1557 1712 ut

857 1732 1016 1772 niujoieni
1035 1732 1285 1762 distinctionem
1303 1741 1464 1771 ponamus
1481 1735 1558 1771 post

856 1786 1022 1822 receperat.
1071 1782 1113 1812 Et
1131 1782 1234 1812 etiam
1250 1791 1316 1812 non
1333 1785 1508 1822 comparet
1524 1781 1558 1812 in

859 1833 953 1863 Leid.
978 1843 1028 1873 pr.
1049 1839 1084 1863 et
1099 1832 1195 1862 Voss.

900 1892 1028 1914 vaut.
1061 1885 1079 1913 3
1116 1882 1325 1913 Munitionem
1363 1882 1458 1921 enim]
1502 1882 1559 1913 Sic

858 1935 924 1965 Ms.
941 1935 1025 1975 Reg.
1043 1939 1078 1965 et
1090 1933 1180 1965 Edit.
1195 1934 1293 1964 Rom.
1316 1934 1356 1963 In
1374 1933 1447 1963 aliis
1463 1933 1558 1963 deest

857 1984 948 2015 enim.
996 1984 1104 2015 Clark.
1152 1984 1247 2014 Enim
1269 1983 1399 2014 addunt
1423 1992 1558 2023 quoque

858 2033 946 2064 Edd.
965 2033 1059 2063 Med.
1078 2034 1162 2064 Ven.
1180 2033 1269 2063 Flor.
1287 2033 1424 2063 Vascos.
1439 2032 1557 2072 Steph.

857 2084 971 2115 Strad.
997 2084 1128 2124 Grypb.
1158 2089 1242 2124 post.
1289 2084 1355 2114 Sed
1383 2093 1448 2114 non
1473 2093 1560 2114 com-

859 2141 956 2176 paret
973 2136 1005 2166 in
1021 2145 1172 2166 meorum
1189 2136 1257 2166 ullo
1271 2135 1400 2167 codice.

901 2190 920 2217 4
946 2186 1146 2226 Pertingere]
1182 2186 1450 2217 Rescribendum
1477 2192 1560 2227 puto

854 2237 1031 2276 pertincre;
1055 2237 1165 2267 altera
1181 2236 1271 2266 enim
1295 2246 1378 2267 voce
1399 2246 1559 2276 nusquam

859 2285 942 2316 aubi
959 2295 1036 2316 usus
1053 2290 1106 2316 est
1123 2286 1249 2323 Caesar,
1266 2290 1432 2326 perpetuo
1445 2290 1560 2316 autem

860 2345 900 2366 ea
927 2345 1025 2376 quam
1051 2335 1133 2366 dixi.
1166 2336 1276 2366 Dacis.
1322 2336 1429 2366 Recte
1455 2334 1562 2365 Davi-

860 2385 928 2415 sius
954 2385 1170 2424 suspicatur3
1199 2384 1469 2426 confirmantque
1498 2385 1562 2416 Co-

860 2435 953 2466 dices
969 2435 1088 2475 optimi
1108 2435 1203 2466 Leid.
1229 2445 1279 2475 pr.
1305 2440 1340 2466 et
1356 2436 1480 2466 Lovan.
1505 2436 1561 2476 qui

861 2485 942 2516 dant
958 2486 1126 2526 pertinere.
1173 2485 1273 2518 Quod
1290 2490 1326 2516 et
1341 2485 1434 2526 alibi,
1458 2490 1494 2516 nt
1518 2486 1559 2515 B.

865 2536 962 2568 Alex.
992 2546 1022 2567 c.
1051 2540 1082 2567 5.
1112 2539 1164 2567 35.
1190 2536 1224 2566 in
1251 2537 1442 2576 pertingere,
1470 2534 1560 2575 quod

862 2596 904 2617 ne
928 2586 1066 2627 quidem
1088 2591 1141 2617 sat
1164 2586 1249 2616 bene
1277 2587 1398 2616 Latine
1421 2584 1560 2621 dicitnr,

863 2642 1105 2668 commutatum
1132 2643 1197 2667 est.
1247 2636 1316 2666 Adi
1346 2635 1480 2665 omnino
1509 2634 1562 2664 cl.

864 2688 1093 2718 Bumnaunum
1107 2686 1150 2717 ad
1164 2686 1327 2718 Quinctil.
1340 2683 1450 2714 Instit.
1464 2684 1562 2714 Orat.

865 2747 904 2769 11.
919 2741 950 2768 4.
969 2742 1003 2768 ct
1020 2746 1102 2778 quos
1118 2735 1246 2767 laudat.
