1850 3109
490 200 552 232 ΒΕ
585 200 701 230 νιφΑ
736 198 867 230 sumi
903 197 1135 230 erasmus.
1422 186 1534 231 1721

87 302 204 347 novit,
238 299 481 339 Suessionum
516 298 610 335 fines
643 297 798 335 Rliemis
831 296 1014 347 proximis
1048 296 1252 346 ingressus.
1312 295 1535 335 65Νοῐηοόί-

89 379 190 404 nium
211 363 367 413 opidum
388 362 621 411 aggreditur,
642 360 744 410 quod
774 360 1011 398 indefensum
1040 359 1141 396 sarna
1171 358 1389 407 vulgaverat
1418 366 1457 396 et
1484 359 1538 397 sic

85 434 190 467 erat:
221 427 285 464 sed
307 433 420 463 nocte
448 425 666 462 Suessiones
699 425 919 475 introgressi
946 423 1207 461 defensionem
1229 429 1432 472 apparant.
1489 424 1539 460 Et

86 491 179 528 dum
201 490 329 527 vineas
349 489 542 527 admoveri
575 489 688 525 muris
714 494 924 532 cernerent,
961 494 1081 524 turres
1111 492 1148 523 et
1179 487 1373 523 machinas
1408 486 1540 536 quales

88 566 158 592 nec
179 554 351 591 viderant
373 552 528 603 quidem
552 565 731 602 unquam,
766 565 835 589 nec
857 551 1069 595 audierant,
1097 550 1312 600 stupefacti,
1342 552 1543 599 oppugna-

90 618 188 655 tione
210 630 285 654 non
307 623 522 666 expectata,
554 616 706 652 numios·
727 615 889 664 opidum
909 628 1026 664 seque
1057 627 1127 650 sua
1161 614 1345 650 dedentes
1375 613 1423 650 ad
1456 614 1541 651 Cae-

88 694 206 719 sarem
245 681 515 725 transmittunt,
549 694 592 717 ac
627 680 725 716 (latis
760 679 962 716 obsidibus
995 678 1242 714 nobilissimis
1274 677 1411 726 gentis,
1446 676 1544 714 inter

90 758 186 795 quos
208 744 287 782 duo
309 744 373 781 tilii
398 745 493 793 regis
515 750 634 788 erant,
665 743 888 792 traditisque
917 742 1029 779 armis·
1056 742 1235 778 omnibus
1264 741 1299 777 in
1327 742 1544 778 Romanam

91 807 206 845 fidem
229 808 459 845 Rliemorunr
483 807 661 856 precibus
683 813 771 843 sunt
792 806 946 856 recepti.
1006 805 1106 842 Hinc
1130 805 1165 841 in
1188 805 1414 842 Bellovacos
1435 805 1545 850 itum,

91 871 156 921 qui
194 884 281 908 curn
319 885 357 908 se
391 871 428 908 in
468 870 628 920 opidum
669 870 856 907 ninnitnni
896 882 941 906 ac
981 868 1147 906 validum
1183 868 1445 913 contulissent,
1485 867 1547 905 cui

91 933 448 984 ⁶⁶Bracuspantium
471 947 609 971 nomen
632 941 724 977 erat,
753 933 922 971 exercitu
955 933 1253 983 propinquante,
1286 945 1417 970 omnes
1450 932 1548 981 pub-

93 999 169 1036 lico
195 998 243 1036 de
273 999 432 1035 consilio
466 997 630 1046 majores
658 1004 765 1043 natu,
794 998 947 1034 obviant
980 998 1120 1047 egressi
1149 996 1323 1033 manibus
1354 995 1468 1033 tensis
1498 994 1547 1031 ad

93 1064 282 1100 Caesareni
313 1062 391 1099 alta
420 1075 514 1098 voce
545 1074 583 1097 se
618 1060 655 1096 in
689 1060 804 1098 tidem
833 1059 955 1110 6⁷ejus
990 1061 1228 1098 committere
1260 1073 1384 1110 neque
1414 1049 1549 1096 contra

96 1127 288 1163 Romanos
320 1138 426 1162 arina
455 1124 633 1162 movendi
669 1125 839 1160 animuin
876 1125 1015 1162 habere
1050 1125 1178 1162 testati
1214 1131 1313 1161 sunt.
1371 1124 1549 1172 Cumque

94 1189 282 1227 exercitus
322 1188 481 1238 opidum
521 1188 680 1237 propius
712 1188 949 1232 accessisset,
989 1188 1088 1224 idem
1124 1188 1172 1224 de
1207 1187 1323 1224 muris
1356 1187 1552 1224 faciebant

97 1253 391 1303 clamabantque
414 1252 587 1290 mulieres
609 1266 653 1289 ae
675 1252 808 1301 pueri:
841 1260 985 1289 motuni
1009 1253 1201 1289 Caesarem
1229 1250 1452 1300 spectaculo
1485 1249 1553 1286 Di-

98 1316 260 1354 vitiacus
283 1316 416 1354 Eduus
438 1317 473 1353 in
496 1317 594 1353 lianc
626 1317 848 1353 senteutiam
881 1316 1071 1354 allocutus
1097 1323 1178 1353 est:
1212 1316 1396 1364 ‘Semper
1425 1313 1551 1351 Bello-

100 1393 217 1418 vacos
243 1393 411 1418 servasse
432 1379 548 1417 fidem
571 1387 608 1418 et
635 1380 842 1418 amicitiam
867 1380 1107 1424 Heduorum,
1135 1393 1238 1417 nunc
1260 1377 1361 1415 salsis
1384 1377 1553 1415 consiliis

99 1443 263 1494 agitatos
282 1458 303 1481 a
325 1444 402 1481 suis
422 1444 668 1494 primoribus,
701 1445 766 1494 qui
796 1444 968 1482 dicerent
999 1444 1130 1481 Eduos
1161 1443 1263 1493 turpi
1298 1443 1449 1479 servitio
1483 1454 1555 1492 op-

100 1520 248 1558 pressos
269 1522 288 1545 a
310 1508 463 1546 Caesare
484 1507 596 1558 digna
617 1514 654 1545 et
676 1508 830 1557 indigna
854 1508 946 1558 pati,
977 1514 1178 1545 execratos
1207 1506 1430 1556 patientiam
1462 1505 1556 1542 ami-

101 1584 251 1615 corum,
291 1571 587 1620 Romanumque
624 1580 843 1608 recusantes
884 1571 1099 1621 imperium,
1146 1570 1429 1608 consurrexisse
1466 1582 1555 1608 cum

104 1635 269 1679 caeteris,
289 1641 327 1671 et
354 1633 518 1672 6Ssurore
539 1635 700 1684 publico
721 1635 930 1684 scripsisse,
953 1635 1105 1672 tandem
1127 1635 1263 1672 fraude
1284 1634 1492 1684 recognita,
1520 1639 1558 1671 et

106 1698 333 1736 Bellovacos
360 1698 409 1736 ad
436 1699 734 1736 misericordiam
765 1699 927 1737 Caesaris
952 1698 1174 1747 confugere,
1203 1706 1241 1736 et
1270 1698 1438 1748 perfidos
1468 1711 1559 1735 con-

106 1762 264 1800 sultores
286 1762 541 1812 recogitantes
563 1762 655 1812 quid
679 1763 766 1799 mali
796 1763 871 1800 suis
902 1763 1048 1800 civibus
1076 1762 1299 1808 invexerint,
1336 1760 1421 1812 [48]
1453 1758 1560 1798 meri*-

103 1832 187 1864 tum
215 1826 447 1875 supplicium
479 1833 692 1863 metuentes
721 1826 757 1863 in
787 1826 1018 1863 Britanniam
1050 1825 1280 1875 profugisse.
1339 1825 1460 1863 Orare
1481 1836 1570 1862 non.

106 1902 171 1928 eos
191 1889 308 1927 modo
329 1890 394 1939 qui
419 1897 652 1935 erraverunt,
682 1891 747 1927 sed
777 1904 814 1927 se
846 1904 1015 1940 quoque,
1046 1903 1113 1927 suo
1141 1890 1252 1927 simul
1284 1896 1399 1938 atque
1429 1887 1562 1925 Hedu-

108 1966 215 1991 orum
237 1953 389 1990 nomine
412 1960 452 1990 ut
472 1954 525 1990 eis
545 1953 754 2004 indulgeat.
815 1955 857 1992 ld
880 1954 980 1991 enim
1000 1961 1036 1991 et
1056 1953 1176 2003 ipsius
1198 1953 1360 1990 Caesaris
1389 1959 1426 1990 et
1458 1951 1562 1988 Edu-

109 2029 215 2055 orum
236 2017 282 2054 ad
305 2017 460 2067 gloriam
482 2019 686 2067 pertinere,
709 2019 738 2056 si
759 2026 797 2056 et
818 2032 905 2056 eum
928 2025 1003 2055 tam
1026 2018 1107 2054 miti
1128 2030 1210 2054 esse
1234 2017 1362 2054 animo
1393 2021 1431 2053 et
1458 2014 1560 2065 apud

110 2093 196 2118 eum
237 2081 366 2118 Eduos
399 2087 549 2119 tantum
585 2095 697 2132 posse
733 2082 963 2119 itmotnerit.’
1027 2081 1175 2118 Annuit
1209 2081 1340 2118 Caesar
1375 2092 1493 2129 seque
1524 2084 1564 2115 et

112 2143 294 2181 Divitiaci
315 2151 350 2182 et
373 2144 570 2182 Eduorum
590 2146 709 2195 gratia
730 2146 955 2184 Bellovacos
977 2145 1171 2194 recipere;
1207 2157 1352 2194 eosque
1384 2156 1423 2180 se
1458 2143 1563 2180 inco-

111 2207 231 2244 lumes
261 2214 498 2244 servaturum
533 2209 634 2246 bona
666 2208 745 2246 fide.
777 2209 966 2258 professus
997 2216 1067 2253 est,
1101 2208 1251 2245 traditis
1291 2215 1416 2244 tamen
1450 2205 1565 2242 armis

114 2270 304 2316 omnibus,
324 2283 369 2308 ac
391 2272 578 2308 sexcentis
598 2272 806 2316 obsidibus,
829 2284 989 2321 quorum
1012 2277 1158 2308 tantum
1181 2283 1378 2307 numerum
1402 2276 1443 2306 ut
1463 2273 1568 2319 pete-

113 2340 183 2379 ret,
215 2334 319 2373 urbis
353 2334 541 2372 suadebat
570 2348 615 2372 ac
649 2335 785 2385 populi
817 2334 1056 2384 magnitudo.
1114 2333 1207 2370 Inde
1239 2332 1435 2378 Ambiani,
1471 2331 1567 2370 fines

115 2410 244 2435 eorum
266 2398 433 2448 ingresso
450 2399 608 2444 Caesari,
629 2399 755 2436 statim
776 2412 812 2437 se
834 2410 978 2448 suaque
998 2397 1125 2434 omnia
1143 2396 1340 2434 dedidere.

170 2461 301 2499 Nervii
321 2463 538 2506 restabant;
571 2463 677 2501 ferox
705 2477 836 2514 genus,
867 2470 904 2500 et
934 2461 1214 2499 mercatoribus
1245 2460 1475 2498 adversum:
1509 2459 1567 2496 his

117 2526 323 2576 praesertim
344 2526 410 2575 qui
431 2526 578 2564 delitias
608 2533 672 2565 aut
693 2527 782 2565 vina
808 2526 1078 2570 conveherent,
1107 2526 1286 2575 opinione
1306 2524 1433 2568 insita,
1461 2536 1568 2561 ener-

120 2588 198 2626 vari
215 2589 329 2626 rebus
347 2589 526 2627 mollibus
545 2590 705 2636 animos,
726 2597 766 2628 et
784 2603 806 2628 a
833 2590 925 2628 belli
954 2589 1091 2627 studiis
1121 2590 1325 2639 elanguere
1357 2601 1401 2625 ae
1430 2587 1568 2623 lentes-

161 2696 203 2730 65
225 2694 329 2736 Lege,
347 2696 659 2728 Noviodunum—66
682 2697 946 2739 Bratuspantium
960 2697 1086 2738 legitur
1109 2696 1146 2743 in>
1159 2694 1393 2727 Caesare.—67
1419 2692 1522 2731 Lege,
1534 2700 1567 2722 se

122 2745 154 2780 in
161 2745 261 2791 fldem
276 2747 338 2788 ejas
352 2758 382 2781 se
396 2749 682 2782 committere.-68
698 2751 814 2792 Forte,
823 2750 931 2790 furori
943 2749 1064 2792 publico
1075 2748 1259 2781 consensisse
1274 2748 1333 2778 aut
1347 2742 1570 2787 subscripsiue.
