1850 3109
243 165 355 209 1606

814 277 946 308 Nonius

654 327 769 368 Atque
791 329 946 367 particula

245 280 308 313 ego
346 273 494 305 lembum
548 276 748 317 conspicor.’

246 323 432 355 Marcellus
464 335 496 365 p.
513 329 606 357 554.:

346 375 503 416 significat
532 377 625 407 ctiam
651 378 812 408 celeriter
836 382 865 408 ct
882 384 948 408 sta·

247 424 321 463 tim,
342 429 375 455 ul
410 427 562 465 Virgilius
579 429 695 466 Gcorg.
721 437 744 457 1.
767 431 840 458 203.
887 432 894 445 ‘
913 428 946 458 Si

246 473 386 505 brachia
416 475 503 506 forte
538 477 677 512 remisit,
718 479 820 517 Atque
854 477 946 508 illum

245 523 278 553 iu
297 534 451 565 praeceps
470 535 575 565 prono
593 527 684 566 rapit
701 528 817 558 alveus
835 528 947 558 amni.'

247 573 334 604 Haec
352 574 406 604 ille
438 580 554 605 mutuo
578 577 698 607 sumsit
722 587 763 607 ex
787 578 825 609 Α.
844 578 948 609 Gellii

249 623 350 654 Noct.
369 625 475 655 Attio.
494 633 528 656 x.
543 629 595 656 29.
634 628 747 658 Daris.
783 629 949 668 I'nsequum

347 676 529 711 πιλῆσι-παίω
563 682 666 718 atque
696 678 727 708 in
754 689 948 719 numnquam-

246 734 304 764 que
334 726 437 756 collem
474 730 576 757 turres
602 728 808 766 ——snccre
838 730 950 770 carpit:

246 775 311 815 Ere„
344 774 499 807 Aduolat
516 778 686 816 Davisius,
715 789 830 810 vocem
847 784 949 819 atque,

247 824 309 855 hoc
327 825 358 855 in
377 826 450 856 loco
466 837 530 857 nou
545 838 618 859 esse
634 829 831 868 particulam
848 840 950 870 copu-

249 875 390 914 lantem,
419 877 478 907 sed
506 878 593 908 idem
621 889 740 909 sonare
766 890 803 910 ac
820 881 950 915 statium

246 926 386 965 antique
414 927 586 967 videlicet,
617 938 655 959 ac
687 940 778 960 more
807 932 950 971 quodam

249 975 403 1006 Poeticm
465 978 529 1007 Sed
561 988 740 1019 perperam
771 982 951 1013 admodum

247 1025 310 1056 hoc
327 1025 423 1056 finxit
442 1027 474 1056 iu
492 1027 644 1060 Auctore
662 1034 729 1061 tam
755 1032 952 1071 perspicuo,

249 1087 348 1118 quam
366 1083 418 1108 est
436 1078 582 1110 Hirtius.
623 1081 706 1112 Cum
724 1083 813 1113 euim
830 1094 869 1114 ea
887 1094 952 1115 vox

249 1127 282 1157 in
313 1128 380 1158 Ms.
411 1129 522 1160 Vossii
553 1131 665 1169 desi13
690 1132 789 1165 facile
807 1133 879 1164 lieri
897 1144 954 1174 po-

249 1179 328 1217 tuit,
355 1185 391 1210 ut
422 1180 647 1212 Librariorum
676 1183 804 1215 incuria
830 1186 894 1215 huc
912 1196 953 1215 ex

250 1229 340 1260 linea
387 1236 550 1270 sequente
596 1232 794 1273 irrepserit3
849 1240 953 1276 atque

252 1278 348 1318 adeo,
361 1280 418 1310 illa
426 1280 552 1321 deleta,
565 1282 627 1322 legi
637 1283 774 1323 debeat,
787 1285 955 1326 Postquam

351 1331 533 1368 ‹zdsceudit;
564 1333 597 1363 in
626 1344 865 1376 ununquemque
894 1338 954 1367 col-

251 1381 310 1410 lem
358 1384 461 1413 turres
583 1383 693 1422 fucere
737 1387 853 1427 (πρίω
902 1390 954 1424 ἅτ.

250 1431 362 1462 Multo
389 1432 452 1463 hoc
483 1434 614 1474 melius,
642 1445 742 1476 quain
766 1437 854 1477 quod
879 1448 956 1469 con-

245 1480 335 1521 jecit
377 1483 577 1523 Goduinus3
616 1495 739 1526 nempe
781 1487 955 1519 interstin-

251 1533 419 1574 guendum
437 1535 500 1566 isto
516 1536 614 1567 modo
630 1547 637 1567 ε
663 1537 831 1579 Postquam
848 1541 888 1570 ad
901 1540 956 1577 J’u-

248 1594 325 1623 gum

250 1645 395 1676 quemque
411 1638 514 1668 collem
528 1649 539 1675 ;
562 1643 664 1671 turres
678 1659 763 1664 —-—
771 1640 879 1678 jacere
901 1653 957 1673 coe-

247 1687 310 1726 pit,
333 1688 386 1727 Syc.
432 1689 611 1730 Multoque
638 1693 802 1723 utrumvis
826 1693 956 1733 melius,

251 1747 352 1777 quam
370 1738 458 1778 quod
476 1745 685 1772 commentus
709 1747 761 1773 est
787 1743 956 1775 Davisius.

250 1785 392 1827 Verum,
418 1793 454 1819 ut
470 1789 559 1830 quod
576 1800 629 1822 res
646 1797 698 1823 est
715 1792 838 1832 dicam,
866 1795 957 1825 nulla

251 1837 386 1868 omnino
411 1838 464 1869 hic
491 1849 576 1879 opus
599 1846 651 1872 cst
674 1842 819 1874 medela.
867 1845 955 1875 Nam

252 1892 288 1918 et
316 1898 380 1918 vox
409 1890 466 1919 illa
490 1894 581 1931 atque
609 1893 690 1923 satis
717 1899 770 1925 est
798 1905 890 1934 sana,
921 1903 956 1927 et

251 1940 377 1971 usitato
393 1942 494 1973 etiam
508 1945 703 1984 significatu
718 1956 776 1977 suo
790 1948 957 1987 particula

252 1996 306 2022 est
322 1992 496 2033 copulans,
523 1996 795 2037 sententiamque
821 2000 878 2036 (ue
909 1998 955 2028 iu-

252 2043 492 2081 terpunctione
530 2044 666 2085 quidem
705 2047 852 2087 mutata)
884 2058 957 2088 per-

251 2091 402 2131 spicuam
420 2091 537 2124 efficit.
580 2095 729 2134 Etenim,
744 2098 850 2137 (quod
867 2098 956 2129 viros

251 2140 351 2173 hosce
369 2141 488 2173 doctos
505 2142 670 2184 fugerat‚)
697 2146 827 2186 periodi
850 2147 958 2178 ἀπόδο-

253 2203 300 2224 σις
326 2203 391 2224 uon
415 2195 478 2226 hoc
504 2197 536 2226 in
561 2198 633 2228 loco
658 2199 860 2238 inciioatui·;
886 2202 958 2240 sed,

252 2244 399 2285 προτάσει
424 2247 622 2279 continuata
646 2258 750 2290 nsque
775 2250 815 2280 ad
840 2262 957 2283 vocem

254 2296 476 2335 Numidarum,
504 2298 624 2339 incipit
654 2299 797 2331 ἀπόδοσις
823 2301 956 2334 demum

253 2356 273 2376 a
291 2347 428 2378 vocibus
447 2348 623 2389 I’aullisper
638 2355 851 2383 commoratus.
880 2353 956 2385 Hoc

252 2396 352 2427 modo
366 2408 372 2427 z
390 2398 558 2438 Postquam
576 2401 682 2431 Caesar
698 2402 860 2441 udjugum

251 2447 409 2478 adscendit
424 2458 434 2483 ;
457 2451 548 2488 atque
568 2452 776 2491 (postquam)
790 2471 875 2475 ———-
890 2457 956 2484 tur-

252 2506 301 2528 res
311 2498 603 2538 castellaquesacere
614 2501 726 2540 capit,-
745 2503 956 2543 (postquam)

255 2558 291 2580 ca
407 2550 534 2590 effecil;
557 2552 621 2590 (sic
639 2552 726 2582 enim
745 2563 786 2583 ex
803 2553 955 2585 omnibus

254 2600 340 2632 Mss.
358 2601 537 2641 legendnm
552 2615 559 2640 ;
584 2612 662 2641 non,
678 2603 770 2644 efficit
784 2603 810 2641 ;)
824 2607 854 2634 ce
875 2608 956 2644 post-

251 2660 342 2691 quam
472 2656 695 2693 stattonemque
725 2654 956 2685 Numidarum:

251 2703 357 2744 (tuin)
368 2705 535 2746 mullisper
550 2709 764 2747 commoratus,
778 2707 831 2746 ξε.
863 2706 956 2738 Nihil

448 1588 618 1628 adscendit,
655 1593 746 1629 atque
782 1590 815 1620 in
852 1600 958 1621 unum-

710 181 852 213 No'rAE
885 182 1108 214 VARIORU
1119 185 1149 213 M
1186 185 1236 214 IN

997 278 1196 310 exidentius.
1223 281 1328 311 Clark.
1353 281 1443 312 Dele
1460 286 1573 313 notam
1597 285 1628 314 3.
1650 292 1699 314 re-

999 339 1084 368 pone
1116 340 1217 361 vero:
1271 333 1372 371 Atque
1403 332 1435 362 in
1462 342 1700 373 unumquemque

997 380 1111 410 collem.
1146 381 1260 410 Prima
1278 391 1340 411 vox
1359 382 1447 413 idem
1462 392 1701 424 nonnunquam

998 435 1094 459 souat
1111 439 1149 460 ac
1163 432 1281 467 statim,
1311 438 1347 462 ut
1365 432 1589 463 observarunt
1604 432 1703 468 Agel-

1001 479 1062 509 lius
1081 488 1114 509 x.
1133 484 1184 511 29.
1211 487 1245 511 et
1271 482 1401 512 Nouius
1419 484 1452 512 iu
1467 486 1569 522 atque.
1614 482 1704 513 Vide

1001 529 1042 558 sis
1073 535 1106 560 et
1145 531 1179 561 J.
1215 531 1269 561 Fr.
1305 533 1511 564 Gronovium
1543 533 1585 563 ad
1618 533 1704 564 Livii

1002 587 1105 610 xxvi.
1139 583 1190 610 30.
1252 582 1298 612 Ea
1333 580 1449 613 tamen‘
1476 593 1558 613 voce
1590 583 1705 614 deleta

1001 630 1126 668 malim,
1156 631 1323 671 Postquam
1343 634 1448 662 Coesar
1462 635 1501 663 ud
1517 634 1642 673 jugum,
1667 635 1705 666 de

1001 692 1059 720 quo
1088 682 1188 721 ‹lot-ui,
1215 683 1384 722 adsccndit,
1408 684 1440 713 in
1467 694 1706 725 unumquemque

1001 732 1117 769 collem,
1143 734 1194 771 «ξι-ε.
1242 732 1293 764 Ac
1310 733 1358 763 ita
1375 734 1499 764 diserte
1517 743 1704 774 repraesen-

1004 788 1074 814 tant
1094 784 1158 814 ΜΞ.
1182 784 1538 826 Vossiamis‚etlitiquc
1553 785 1705 816 Floreat.

1003 834 1136 873 Grypli.
1152 839 1187 864 et
1206 835 1360 875 Lugdun.
1380 838 1473 866 1576.
1498 835 1609 866 Daris.
1635 844 1709 867 cur.

1004 895 1072 915 sec.
1110 886 1213 925 Atque
1242 886 1341 918 abest
1373 887 1413 917 ab
1447 887 1533 917 Edd.
1565 887 1706 919 Vascos.

1001 935 1120 975 Stepli.
1137 936 1270 976 Grypli.
1289 942 1374 976 post.
1399 942 1433 967 et
1452 937 1593 968 Strada’.
1638 937 1708 970 Sed

1004 990 1099 1017 recte
1117 986 1218 1017 docet
1235 986 1401 1025 elai—kias,
1423 986 1541 1017 adesse
1565 987 1707 1027 debere,

1005 1037 1055 1066 uti
1086 1046 1159 1066 eam
1193 1046 1313 1067 vocem
1349 1042 1537 1078 agnoscunt
1575 1047 1708 1079 quoque

1005 1086 1088 1117 Mss.
1104 1097 1231 1124 onmes,
1249 1097 1311 1118 nec
1329 1097 1392 1118 non
1410 1087 1514 1128 efficit
1528 1098 1604 1118 cum
1618 1087 1707 1119 Edd.

1004 1137 1187 1167 nominatis
1217 1137 1408 1178 ceterisque
1440 1138 1606 1177 vetustis3
1644 1138 1707 1169 nisi

1005 1186 1093 1226 quod
1111 1187 1206 1217 Leid.
1233 1196 1300 1218 sec.
1326 1189 1432 1218 Dorv.
1457 1193 1491 1218 et
1507 1188 1595 1218 Edd.
1614 1189 1710 1219 Rom.

1006 1236 1147 1267 Mediol.
1164 1247 1203 1267 ac
1221 1238 1307 1268 Ven.
1324 1237 1472 1268 habeant
1487 1237 1580 1275 fecit.
1607 1240 1710 1279 Atque

1006 1286 1105 1316 aliter
1135 1287 1237 1317 ctiam
1268 1287 1353 1317 sumi
1385 1297 1445 1327 pro
1471 1288 1580 1318 statim
1608 1287 1712 1320 docet

1006 1346 1141 1377 quoque
1159 1336 1269 1367 Cerda
1296 1337 1329 1366 in
1351 1337 1485 1377 virgilii
1501 1338 1588 1369 loco.
1621 1338 1710 1370 Vide

1006 1386 1108 1416 etiam
1140 1397 1222 1427 quos
1261 1387 1376 1418 laudat
1414 1387 1487 1418 Cel.
1519 1387 1636 1418 Burm.
1667 1387 1709 1418 ad

1007 1436 1144 1467 l'haedr.
1164 1438 1200 1468 F.
1219 1440 1269 1468 16.
1294 1439 1303 1454 ‘
1319 1438 1452 1478 Rapere
1470 1442 1573 1479 atque
1591 1437 1713 1468 abire.'

1008 1488 1237 1528 Glandorpius
1268 1498 1403 1529 quoque
1432 1498 1493 1528 pro
1520 1488 1629 1519 statim
1656 1497 1710 1520 ca-

1008 1536 1124 1578 piebat
1141 1537 1193 1568 hic
1211 1538 1289 1578 loci,
1305 1539 1358 1569 vel
1375 1538 1523 1568 deletum
1540 1538 1688 1569 volebat.

1051 1591 1069 1618 3
1091 1587 1222 1628 Effecit]
1255 1588 1310 1619 Ita
1324 1588 1616 1619 consentientibus
1627 1589 1712 1620 Mss.

1007 1638 1162 1669 omnibus
1178 1643 1214 1669 et
1230 1639 1339 1670 Editt.
1357 1644 1442 1671 vett.
1460 1639 1605 1670 restitui.
1634 1640 1713 1671 Edi-

1008 1692 1099 1719 torcs
1117 1689 1238 1730 nuperi
1252 1694 1488 1730 reposuerant,
1502 1689 1593 1731 ‹fficit
1608 1700 1618 1726 ;
1635 1690 1714 1730 quia

1006 1739 1174 1779 Syntaxin
1207 1739 1310 1770 totius
1336 1739 1468 1780 periodi
1498 1749 1565 1770 non
1590 1739 1712 1771 intelli-

1008 1795 1129 1829 gerent
1145 1789 1289 1821 scilicet.
1316 1790 1423 1820 Clark.

1053 1843 1090 1871 13
1119 1841 1352 1880 Pedestremque
1366 1840 1499 1880 copiam]
1528 1839 1713 1872 Pedestres

1007 1891 1136 1931 copias,
1153 1892 1209 1922 Sic
1224 1891 1383 1931 Virgilius
1395 1891 1469 1921 AEn.
1487 1900 1527 1922 ιι.
1541 1894 1615 1922 564.
1629 1891 1638 1908 ‘
1651 1891 1715 1922 Re-

1006 1941 1125 1981 spicio,
1142 1946 1190 1981 et,
1215 1951 1290 1982 quae
1314 1942 1357 1972 sit
1380 1952 1433 1972 me
1461 1942 1588 1972 circum
1612 1942 1713 1982 copia,

1007 1993 1138 2023 lustr0.’
1174 1993 1240 2023 Ubi
1253 1993 1401 2033 servius,
1416 1994 1425 2010 ‘
1440 1993 1650 2032 notandum,'
1668 1994 1715 2024 in-

1009 2044 1093 2085 quit,
1118 2046 1126 2061 ‘
1145 2043 1187 2075 de
1211 2044 1366 2075 exercitu
1391 2053 1529 2074 numero
1550 2053 1626 2074 eum
1644 2043 1715 2074 dix-

1008 2095 1074 2124 isse
1091 2095 1262 2134 singulari,
1279 2105 1354 2125 cum
1371 2095 1475 2133 copias
1500 2094 1540 2125 de
1558 2094 1714 2125 exercitu

1008 2155 1147 2175 numero
1166 2145 1287 2185 plurali
1303 2145 1477 2175 dicamus.'
1500 2145 1601 2176 Silius
1618 2144 1715 2176 ltali-

1009 2205 1068 2226 cus
1085 2204 1135 2226 xi.
1153 2199 1227 2226 267.
1251 2196 1260 2211 ‘
1280 2195 1380 2226 Nunc
1405 2195 1526 2226 deinde
1544 2195 1714 2236 pedestris

1012 2246 1109 2286 Copia
1127 2251 1254 2287 quanta
1272 2246 1357 2277 viri.’
1381 2246 1470 2277 Vide
1487 2246 1590 2277 ctiam
1607 2250 1715 2278 notat.

1008 2296 1051 2326 ad
1093 2297 1131 2327 B.
1162 2298 1201 2327 C.
1239 2305 1264 2326 1.
1300 2298 1351 2327 45.
1413 2295 1526 2326 Editio
1552 2295 1703 2327 Beroald

1008 2349 1233 2386 eqnestremque
1249 2347 1366 2386 capiam
1386 2345 1442 2376 hic
1469 2355 1648 2386 perperam
1665 2355 1716 2377 re-

1009 2400 1207 2436 praesentat.
1232 2396 1343 2426 Duris.
1382 2395 1469 2426 Vide
1494 2396 1535 2426 ad
1558 2397 1600 2427 B.
1622 2396 1715 2428 Gall.

1010 2456 1034 2477 1.
1051 2449 1104 2476 48.
1129 2447 1138 2462 ‘
1158 2447 1252 2478 Quos
1276 2455 1318 2487 ex
1342 2445 1431 2476 omni
1460 2446 1559 2486 copia
1582 2446 1715 2488 delege-

1009 2496 1110 2527 rant!

1053 2556 1182 2578 xxxix.
1206 2549 1226 2577 6
1254 2547 1389 2587 Imperat
1412 2549 1523 2577 turma·
1550 2546 1645 2587 Hisp.
1670 2550 1717 2587 ut,

1007 2597 1076 2637 Qu]
1106 2597 1248 2638 Optime
1265 2607 1284 2627 a
1300 2597 1409 2628 Codd.
1427 2597 1550 2638 Scalig.
1568 2601 1604 2628 et
1618 2597 1714 2629 Leid.

1009 2659 1060 2690 pr.
1079 2650 1211 2680 exsulat
1227 2649 1422 2688 conjunctio
1442 2651 1498 2679 ut.-
1520 2658 1624 2690 quare
1639 2658 1714 2680 eam

1009 2700 1131 2732 delevi.
1176 2699 1264 2731 Vide
1283 2704 1380 2731 notas
1398 2699 1440 2730 ad
1457 2708 1506 2730 ιν.
1524 2701 1575 2731 16.
1599 2703 1636 2731 et
1658 2708 1715 2731 sae-
