1850 3109
233 184 342 226 1486

232 295 312 325 aeta
332 290 421 322 baud
443 290 546 322 dubie
559 294 637 323 sunt
660 291 773 331 cilicia,
788 299 930 331 quorum

233 343 268 376 in
286 342 376 374 bello
392 352 470 373 unus
487 342 528 373 ad
547 342 710 382 tegendas
737 342 839 372 etiam
863 347 931 372 tur-

230 402 296 426 res.
340 394 476 424 Servius
505 394 538 424 in
563 402 617 424 ιιι.
644 393 770 431 Georg.
791 392 833 423 ad
862 401 932 423 ver-

230 453 302 475 sum
319 446 392 475 313.
419 444 428 460 ‘
443 449 601 483 setasque
625 447 799 473 comantes
826 443 931 474 Usum

231 494 266 525 in
303 499 490 524 castrorum
526 497 563 522 et
601 492 730 523 miseris
761 493 930 523 velamina

233 543 365 575 nautis¹
402 543 469 573 ait:
504 541 573 572 ‘de
601 541 719 573 ciliciis
755 542 930 581 poliuntur

230 594 357 631 loricae,
371 597 406 623 et
420 597 584 632 teguntur
599 591 753 622 tabulata
769 592 909 623 turrium
923 603 933 630 3

233 652 274 674 ne
296 643 400 683 jactis
423 641 554 673 facibus
572 641 659 682 ignis
686 643 794 682 possit
822 641 932 673 adhar-

232 691 330 723 rere.'
362 691 429 722 Ubi
453 690 632 722 confundit
656 696 818 723 centones
834 698 870 724 et
887 693 934 723 ci-

230 742 321 781 licia,
348 752 422 782 quae
453 741 606 772 disertim
636 741 890 782 distinguuntur
915 752 934 772 a

234 792 379 824 Sisenna
396 792 485 832 apud
505 793 664 823 Nonium.
710 792 830 825 Cilicio
857 804 936 834 quo-

234 852 298 883 que
323 848 461 883 postera
477 847 558 874 aetas
583 852 654 881 usa,
679 848 714 874 et
737 848 866 875 vestem
885 849 934 875 ta-

231 894 297 924 lem
310 898 475 923 vocarunt
492 893 672 923 cilicinam.
712 894 810 924 Unde
824 894 934 926 Tlieo-

234 943 354 974 baldus
382 943 415 973 in
442 943 511 972 vita
528 942 560 972 S.
576 943 743 973 wilhelmi
761 944 935 983 Eremitae,

234 1004 264 1026 c.
280 997 331 1033 24.
349 994 358 1009 ‘
376 994 526 1024 Cilicinis
552 1002 655 1033 super
672 993 813 1024 loricam
831 994 935 1025 vesti-

234 1044 295 1075 bus
323 1044 441 1074 diebus
472 1049 507 1074 et
537 1043 696 1074 noctibus
726 1044 934 1076 utebantur!

233 1095 279 1126 Et
307 1093 426 1125 eodem
451 1093 551 1124 modo
581 1093 744 1124 hactenus
763 1094 796 1124 in
821 1094 935 1125 Solino

233 1144 426 1185 legebatur.
484 1144 601 1174 Mutat
642 1149 754 1175 tamen
796 1153 935 1184 magnus

234 1195 415 1226 Salmasius
447 1203 489 1224 ex
513 1203 544 1224 v.
567 1203 597 1225 c.
613 1199 649 1224 et
665 1204 726 1234 pro
741 1194 864 1225 cilicina
887 1204 937 1225 re-

236 1244 353 1275 scribit
383 1244 497 1275 cilicia.
557 1243 618 1274 Ait
652 1249 767 1274 autem
804 1244 937 1275 Solinus

236 1294 346 1325 cilicia
371 1294 485 1325 vocari
508 1294 551 1325 ab
569 1293 739 1324 Arabibus
767 1295 939 1326 velamenta

234 1354 250 1375 e
272 1354 435 1384 caprarum
463 1343 538 1384 pilis
562 1347 663 1375 texta.
709 1345 808 1377 Quod
835 1351 939 1386 negat

235 1404 353 1425 verum
369 1403 440 1425 esse
456 1395 649 1433 Salmasius,
668 1395 802 1435 quando
825 1396 940 1427 κιλίκια

237 1446 361 1477 Graeca
375 1455 440 1476 vox
457 1450 521 1484 est,
550 1450 584 1475 et
606 1446 694 1476 vesti
721 1446 799 1478 huic
817 1457 939 1478 nomen

237 1496 280 1527 ab
309 1495 411 1526 hircis
429 1495 602 1533 Cilicibus,
627 1495 685 1536 qui
707 1496 853 1528 maxime
880 1497 940 1528 vil-

237 1546 313 1578 losi.
356 1546 500 1577 Secutus
523 1545 673 1576 Solinum
692 1545 843 1578 Isidorus
862 1556 938 1580 xnt.

237 1600 290 1630 26.
314 1598 381 1628 ait:
399 1598 408 1614 ‘
427 1597 549 1628 Cilicia
577 1597 709 1628 Arabes
739 1603 939 1639 nuncupant

237 1648 432 1679 velamenta
462 1647 538 1687 pilis
563 1656 742 1686 caprarum
766 1653 939 1688 contexta,

238 1710 278 1731 ex
293 1699 413 1741 quibus
425 1698 488 1728 sibi
506 1698 652 1729 tentoria
668 1697 820 1730 faciunt?
873 1700 942 1731 Ne·

240 1759 305 1791 que
334 1747 490 1789 profecto
514 1748 567 1778 vel
594 1747 648 1778 bic
672 1749 724 1779 vel
747 1749 804 1780 ille
835 1759 940 1790 usque

240 1799 326 1831 adeo
367 1797 587 1835 accusandus,
631 1798 721 1838 quod
765 1799 800 1830 id
837 1799 942 1831 dicat.

240 1851 328 1882 Nam
346 1848 504 1880 Hebraeis
521 1835 647 1901 0⁹95?
668 1850 836 1888 kebagnim,
853 1850 943 1891 quod

240 1904 366 1942 akelag
387 1902 478 1943 (nam
498 1906 532 1947 y
554 1904 655 1933 litera
671 1903 778 1934 mixta
800 1913 842 1934 ex
860 1913 884 1943 g
907 1909 944 1934 et

240 1967 259 1986 n
274 1960 340 1994 est,
357 1956 442 1987 adeo
459 1961 496 1986 ut
513 1966 574 1996 pro
588 1966 611 1995 g
627 1964 760 1997 quoque
785 1966 804 1986 a
830 1955 944 1988 Jndae-

239 2015 334 2036 orum
345 2006 514 2036 nonnullis
539 2006 683 2036 subinde
709 2005 873 2046 ponatur)
887 2015 943 2037 no-

241 2061 290 2087 tat
313 2056 472 2094 cortinas,
488 2056 554 2086 imo
571 2062 606 2087 et
623 2056 772 2086 tentoria
788 2066 827 2087 ac
841 2056 918 2087 vela
935 2067 942 2086 :

241 2110 279 2136 ut
294 2105 434 2145 exponit
448 2105 662 2135 doctissimus
681 2105 795 2136 David
811 2104 854 2136 de
878 2105 945 2136 Po-

241 2155 303 2185 mis
332 2155 365 2185 in
386 2159 461 2194 ἾἾἾ
483 2158 590 2197 1703.
636 2155 709 2186 Etsi
739 2155 863 2186 talibus
887 2165 944 2186 no-

242 2217 319 2238 men
342 2208 385 2240 R.
412 2209 570 2239 Selomoh
597 2210 770 2249 putaverit
797 2209 844 2240 ita
872 2220 945 2241 esse

246 2263 395 2297 vocatas,
411 2259 465 2299 qui
491 2258 673 2299 perforatae
691 2264 804 2290 essent
828 2260 860 2290 in
877 2270 946 2290 mo-

243 2307 322 2339 dum
354 2309 467 2339 cribri.
515 2309 581 2340 Sed
613 2310 723 2350 potius
748 2311 947 2342 accesserim

243 2366 285 2397 R.
296 2366 409 2397 David
424 2367 558 2398 Kimelii
572 2368 627 2408 qui
641 2378 758 2399 vocem
776 2356 948 2421 ”737pr

242 2419 285 2450 ab
302 2420 420 2451 eadem
440 2421 553 2452 radice
584 2422 774 2453 venientem
792 2425 947 2463 exponit,

243 2482 406 2524 0’5’2707
439 2482 582 2526 12*an
595 2484 694 2521 utu-5
706 2484 806 2522 ΓΠῐυ
820 2485 949 2523 mum

244 2544 373 2581 ΠἼΟΠ
395 2544 578 2582 ἸίΟἾζΙΣἾί]
601 2542 727 2583 figuras
759 2543 869 2582 campi,
898 2554 948 2575 η.

237 2594 371 2632 jusmodi
403 2599 473 2625 sunt
499 2594 601 2625 herlae
637 2599 667 2625 et
699 2597 874 2634 ramusculi,
896 2597 947 2636 qm·

245 2653 384 2684 campum
411 2648 534 2676 ornant.
580 2644 680 2677 Quod
708 2655 822 2676 verum
852 2652 946 2686 puta-

247 2693 366 2732 verim,
383 2694 572 2734 praesertim
587 2704 664 2725 cum
678 2695 844 2736 hodieque
859 2695 947 2727 obti-

247 2760 328 2783 nere
344 2760 471 2784 morem
487 2750 623 2783 videam
650 2751 812 2793 pingendi
835 2752 869 2784 id
892 2762 948 2794 ge·

696 193 837 225 NOTAE
869 193 1131 226 vamoRUM
1165 194 1216 225 ΙΝ

982 299 1042 320 nus
1057 289 1172 329 figuris
1197 286 1357 320 tentoria.
1401 289 1509 321 Certe
1526 292 1563 320 nt
1580 289 1690 322 eisteti

982 349 1136 380 magnam
1150 349 1226 370 cum
1241 339 1304 370 liae
1319 348 1401 369 voce
1426 338 1679 371 similitudinem

980 390 1129 427 habent;
1146 390 1192 421 ita
1209 391 1240 420 in
1259 390 1399 420 Polluce
1412 390 1552 429 legimus
1567 401 1573 420 :
1586 388 1682 427 Βαίτη

981 438 1138 478 προμήκης
1146 439 1255 478 χιτόν·
1269 439 1348 470 οὕτω
1357 439 1388 470 δὲ
1400 442 1562 479 Σοφοκλῆς
1571 440 1621 471 καὶ
1628 439 1685 472 τὰς

982 488 1096 526 σκηνὰς
1105 488 1162 520 τὰς
1177 490 1365 529 βαρβαρικὰς
1377 492 1476 521 καλεῖ.
1510 490 1616 530 Bai-tn,
1635 491 1683 521 in-

985 540 1072 580 quit,
1093 540 1243 579 promam
1257 544 1301 570 est
1318 542 1442 572 tunica.-
1457 545 1486 572 et
1502 542 1545 572 sic
1570 551 1686 582 quoque

984 588 1290 629 Sophoclestentoria
1302 589 1462 621 barbarica
1476 596 1572 623 vocat.
1591 592 1686 623 Nihil

985 638 1196 669 manifestius
1214 648 1312 679 quam
1328 640 1409 671 illud
1426 641 1521 679 Βαίτη
1544 652 1617 673 esse
1641 642 1684 674 ab

987 688 1138 719 Hebraeo
1160 691 1246 729 D'E
1270 690 1367 729 buith,
1384 691 1471 732 quod
1487 693 1607 722 «imnum
1619 693 1687 724 illis

986 741 1139 773 denotat.
1196 743 1383 773 centonum
1411 742 1442 772 in
1475 742 1563 773 bello
1590 752 1688 774 usum

987 791 1196 822 demonstrat
1209 792 1374 832 Vegetius
1401 801 1450 823 w.
1469 795 1518 823 15.
1537 802 1613 823 cum
1638 793 1688 824 ait

987 842 995 858 ‘
1015 842 1128 872 crudis
1143 852 1180 873 ac
1199 842 1393 873 recentibus
1411 842 1523 880 coriis,
1541 843 1592 873 vel
1609 851 1690 873 cen-

987 892 1121 922 tonibus
1136 892 1252 931 operiri
1269 893 1424 923 vinearum
1439 892 1556 923 lutera!
1575 892 1689 923 Etiam

987 951 1089 972 naves
1113 943 1182 981 tegi
1210 943 1283 973 istis
1322 942 1425 973 docet
1452 943 1604 974 disertim
1638 943 1690 974 Si-

986 1000 1089 1022 senna
1103 992 1193 1032 apud
1214 993 1382 1023 Nonium:
1400 995 1409 1010 ‘
1429 994 1566 1034 Pnppes
1589 998 1690 1025 aceto

987 1040 1186 1073 madefactis
1231 1043 1433 1074 centonibus
1478 1044 1691 1084 integuntur,

987 1102 1070 1133 quos
1087 1102 1190 1133 supra
1215 1098 1380 1134 perpetua
1404 1095 1502 1125 classi
1527 1100 1690 1135 suspensa

987 1142 1101 1174 cilicia
1132 1143 1387 1174 obtenduntur!
1447 1144 1516 1175 Ubi
1554 1145 1690 1186 egregie

989 1193 1147 1224 emendat
1163 1203 1302 1233 magnus
1321 1195 1516 1231 Salmasius,
1541 1198 1692 1235 perpetua

988 1254 1024 1274 ac
1039 1245 1110 1275 laxe
1132 1254 1286 1284 suspensa.
1332 1246 1442 1277 Quam
1459 1245 1692 1285 conjecturam

989 1293 1150 1325 confirmo
1182 1293 1353 1324 Ammiani
1385 1294 1499 1325 verbis
1531 1295 1553 1325 l.
1582 1303 1690 1328 xxiv.

990 1354 1022 1384 p.
1047 1346 1123 1374 257.
1156 1344 1165 1360 ‘
1192 1344 1259 1374 Per
1289 1344 1545 1384 propugnacula
1574 1345 1692 1377 cilIciis

989 1395 1140 1436 undique
1157 1394 1266 1425 laxius
1295 1395 1423 1435 pansis,
1447 1406 1522 1437 quae
1550 1395 1702 1428 telorum

990 1445 1138 1485 impetus
1168 1445 1390 1476 cohiberent!
1435 1445 1605 1478 Centones
1637 1457 1697 1478 au·

990 1499 1059 1526 tem
1076 1499 1152 1526 sunt
1169 1494 1291 1534 ῥαπτοὶ,
1309 1505 1368 1526 seu
1393 1501 1505 1527 vestes
1529 1506 1571 1526 cx
1595 1497 1696 1529 variis

991 1549 1076 1580 lanis
1093 1552 1152 1579 aut
1168 1549 1288 1588 pannis
1306 1553 1470 1580 consutae.
1517 1549 1572 1579 De
1594 1548 1693 1580 coriis

991 1604 1134 1630 notares
1151 1603 1212 1630 est.
1232 1599 1363 1630 Vossius.
1409 1599 1474 1629 Adi
1489 1599 1593 1630 etiam
1603 1600 1695 1640 Lips.

989 1649 1047 1680 lib.
1064 1658 1121 1680 ιιι.
1144 1649 1219 1679 Mil.
1247 1649 1340 1680 Dial.
1365 1651 1397 1679 ὓ.
1423 1653 1459 1680 et
1483 1650 1597 1690 Cujac.
1623 1649 1696 1681 ob-

991 1709 1079 1730 serv.
1104 1708 1138 1730 v.
1171 1702 1223 1730 11.
1271 1699 1339 1731 Qui
1366 1709 1385 1730 e
1416 1709 1474 1730 suo
1497 1700 1624 1731 Codice
1648 1710 1696 1730 co-

991 1750 1071 1781 actis
1086 1749 1247 1789 restituit,
1264 1758 1341 1781 cum
1359 1750 1457 1790 vulgo
1474 1750 1695 1782 exhiberetur

993 1799 1182 1839 Subcoactis,
1200 1800 1290 1840 quod
1316 1800 1402 1831 male
1428 1801 1591 1831 Cellarius
1618 1800 1697 1831 reti·

994 1851 1086 1881 nuit:
1112 1851 1165 1881 vel
1181 1850 1326 1887 subactis,
1345 1856 1381 1881 ut
1398 1851 1494 1881 estin
1513 1851 1580 1881 Ms.
1598 1851 1696 1882 Ciac·

994 1901 1302 1932 con.Palat.Leid.
1319 1909 1387 1931 sec.
1425 1901 1473 1931 At
1500 1901 1532 1930 in
1558 1901 1695 1942 reliquis

994 1951 1080 1981 Mss.
1099 1950 1193 1990 meis,
1209 1950 1292 1981 item
1308 1950 1436 1989 Ursini,
1450 1950 1577 1991 legitur
1588 1961 1627 1981 ex
1650 1960 1697 1981 co-

993 2000 1084 2030 actis.
1131 1999 1172 2031 In
1198 2000 1293 2031 Leid.
1323 2009 1374 2040 pr.
1404 1999 1511 2030 minus
1539 1999 1623 2031 bene
1645 2010 1698 2031 ex-

995 2050 1114 2081 coactis
1135 2050 1323 2081 centonibus.
1370 2050 1460 2081 Dein
1477 2049 1613 2080 exhibui
1630 2059 1699 2080 rur-

996 2111 1052 2131 sus
1068 2101 1237 2139 tegimenta
1252 2100 1453 2130 auctoritate
1487 2099 1569 2130 Mss.
1584 2100 1700 2141 CuJae.

996 2150 1118 2181 Petav.
1132 2151 1228 2180 Voss.
1241 2149 1337 2180 Leid.
1366 2149 1406 2180 Iu
1419 2149 1525 2180 tribus
1537 2149 1608 2180 aliis
1622 2155 1698 2182 erat

996 2203 1187 2239 tegumenta,
1211 2200 1309 2240 vulgo
1331 2202 1498 2238 tegnunta.
1543 2200 1630 2231 vide
1655 2200 1698 2231 ad

1000 2251 1039 2280 B.
1057 2250 1148 2281 Gall.
1165 2259 1205 2280 11.
1222 2253 1275 2281 21.
1289 2251 1298 2266 ‘
1314 2250 1495 2290 Scutisque
1512 2250 1698 2291 tegimenta

998 2299 1230 2332 detrahenda!

1043 2359 1125 2382 xu‘.
1153 2354 1166 2381 l
1198 2351 1233 2380 Vi
1250 2354 1375 2390 uterque
1398 2350 1551 2382 utebatur.
1577 2350 1699 2391 Caesar]

998 2401 1117 2432 Scribo
1134 2410 1176 2432 ex
1194 2401 1279 2431 Mss.
1294 2401 1536 2441 Petav.130ng.
1551 2401 1699 2441 Cujacii,

998 2462 1111 2490 magna
1139 2451 1170 2481 υἱ
1197 2453 1323 2489 uterque
1345 2450 1513 2489 nitebatur,
1530 2451 1637 2481 soesar
1653 2455 1699 2491 ut,

997 2503 1048 2539 “5⁶-
1088 2501 1224 2531 Vossius.
1272 2500 1451 2532 Nitebatur.
1482 2500 1538 2531 Ita
1555 2511 1596 2532 ex
1614 2501 1697 2532 Mss.

999 2551 1066 2581 suis
1091 2551 1218 2590 optime
1241 2551 1392 2581 restituit
1414 2550 1561 2581 Vossius.
1607 2551 1699 2583 Quo-

998 2601 1099 2633 modo
1114 2607 1148 2632 et
1165 2601 1198 2631 in
1216 2602 1283 2632 Ms.
1302 2601 1428 2632 Eliensi
1453 2601 1617 2642 scriptum
1634 2606 1698 2634 est.

998 2652 1053 2685 ΑΙ.
1070 2652 1222 2683 utebatur.
1270 2651 1369 2684 Quod
1386 2651 1492 2682 hocin
1508 2651 1581 2683 loco
1598 2653 1698 2694 longe

998 2702 1106 2733 minus
1122 2706 1173 2732 est
1196 2701 1346 2741 elegans.
1374 2702 1479 2732 Clark.
1530 2701 1701 2733 Videbatur

998 2752 1119 2784 vitiose
1149 2751 1310 2784 scribitur
1335 2752 1370 2783 in
1393 2752 1489 2784 Leid.
1513 2762 1566 2794 pr.
1589 2753 1698 2786 Recte
