1850 3109
546 178 608 207 uz
641 176 755 206 vri-A
790 174 922 205 sumi
958 173 1189 203 cAESARw.
1476 164 1589 204 1795

137 290 215 314 non
236 275 383 318 audito,
403 287 470 310 seu
498 272 645 310 fervore
678 270 821 308 Martio
853 269 1070 319 impellente
1100 269 1266 314 animos:
1299 271 1473 319 quamvis
1503 273 1589 310 reti-

137 340 315 377 nentibus
352 336 485 385 legatis
525 335 667 384 quibus
705 334 780 371 hoc
815 334 864 371 ab
898 334 1122 383 imperatore
1160 332 1381 370 mandatum
1419 342 1519 379 erat;
1551 344 1590 375 et

137 401 266 439 virtuti
297 398 428 437 ⁴⁶tanti
463 399 641 448 propriae,
676 404 712 434 et
747 397 848 447 fugae
884 397 1047 434 hostium
1079 396 1237 441 confisa,
1272 403 1309 434 et
1344 397 1589 437 victoriarum

137 477 289 502 suarum
311 461 494 500 memoria
525 462 576 498 nil
602 461 786 509 judicans
808 460 985 505 difficile;
1018 474 1094 497 non
1129 460 1234 510 prius
1265 460 1412 510 insequi
1444 461 1591 500 destitit

137 541 252 577 quam
274 527 321 564 ad
345 533 475 575 portas
495 526 599 574 opidi
620 525 845 575 perveniret.
896 525 1124 574 Tantusque
1147 523 1317 573 undique
1338 524 1512 562 sublatus
1532 534 1592 564 est

137 592 281 628 clamor
300 596 338 627 et
358 589 515 627 clamori
535 589 647 627 etiam
675 589 816 626 mixtus
848 602 988 631 rumor,
1019 590 1212 625 Romanos
1232 588 1353 638 opido
1373 589 1512 638 potiri:
1550 597 1592 628 ut

138 654 205 704 qui
225 654 341 691 altera
374 652 456 690 ex⁴⁷
491 653 575 702 ipso
595 666 677 689 sese
709 653 828 702 opido
858 651 1145 702 praecipitanter
1163 653 1373 700 eriperent;
1406 661 1591 692 matronae

137 723 263 755 autem
293 715 426 753 flentes
446 717 593 753 veniam
621 722 786 760 orarent,
807 714 929 759 ⁴⁸nec,
951 715 1048 752 sicut
1070 715 1224 752 Avarici
1243 723 1393 765 gestum
1415 724 1508 761 erat,
1523 716 1593 756 soe·

138 781 250 818 minae
271 781 386 818 etiam
409 787 522 829 atque
543 779 707 816 infantes
721 778 1008 816 occideremur:
1041 784 1160 827 utque
1182 777 1219 815 id
1243 778 1392 815 facilius
1413 780 1594 829 impetra-

136 852 217 882 rent
238 858 258 881 e
280 844 395 881 muris
415 852 559 881 vestem
581 849 859 892 argentumque
875 840 1126 891 projicereut;
1150 841 1326 891 quaedam
1349 856 1504 892 quoque
1523 856 1601 893 perv

139 922 289 945 murum
310 908 487 945 demissae
517 921 596 945 sese
628 907 823 944 traderent
854 905 891 942 in
922 905 1038 942 fidem
1071 912 1109 942 et
1144 905 1299 942 brachia
1328 907 1593 944 Romanorum

138 972 311 1010 militnm.
369 972 513 1008 Lucius
543 970 706 1007 Sabinus
736 977 884 1006 octavae
905 969 1076 1006 centurio
1097 968 1267 1017 legionis,
1288 969 1416 1006 multis
1435 970 1594 1008 audien-

139 1035 240 1072 tibus
258 1035 318 1072 die
341 1035 405 1072 illo
425 1035 588 1078 dixerat,
606 1047 643 1071 se
672 1033 836 1082 praemiis
858 1033 1169 1077 Avaricensibus,
1189 1033 1331 1082 quibus
1346 1033 1476 1070 Caesar
1495 1034 1595 1071 muri

136 1099 235 1136 illius
254 1111 494 1136 ascensorem
517 1098 683 1147 primum
711 1096 935 1141 donaverat,
964 1097 1193 1140 excitatum;
1225 1110 1301 1133 non
1330 1110 1530 1146 passurum
1554 1104 1596 1135 ut

139 1162 341 1212 quisquam
363 1162 576 1211 Gorgomae
599 1172 746 1196 murum
765 1166 854 1196 ante
879 1173 917 1196 se
938 1159 1153 1197 scanderet.
1211 1160 1247 1196 Is
1269 1173 1357 1198 cum
1379 1161 1524 1210 primus
1544 1161 1593 1198 ad

139 1238 289 1263 murum
312 1225 487 1270 venisset,
507 1225 623 1261 trium
645 1236 799 1260 suorum
821 1236 896 1273 ope
916 1223 1213 1273 manipularium
1234 1223 1270 1260 in
1293 1223 1398 1260 illum
1421 1224 1596 1261 subleva-

138 1296 212 1334 tus,
235 1296 352 1339 atque
373 1289 456 1338 ipse
477 1302 542 1326 eos
561 1287 704 1336 ⁴⁹capti
723 1287 829 1337 opidi
851 1287 1015 1336 speciem
1032 1287 1264 1337 praebuerat.
1303 1287 1378 1324 Sed
1400 1287 1595 1325 temeritas

140 1359 183 1389 ut
202 1365 304 1402 saepe
324 1353 416 1390 laeta
442 1351 644 1401 principia,
677 1350 732 1387 sic
762 1357 918 1387 moestos
940 1349 1056 1387 habet
1075 1357 1246 1387 eventus.
1314 1350 1475 1387 Alverni
1491 1351 1596 1388 enim

139 1415 205 1466 qui
225 1415 388 1453 adversa
407 1416 444 1452 in
476 1423 584 1466 parte
616 1421 738 1458 erant,
770 1414 904 1451 audito
937 1413 1043 1463 capti
1075 1413 1179 1463 opidi
1209 1426 1373 1458 rumore,
1397 1413 1597 1463 glomerati

139 1479 332 1523 advolant,
353 1480 536 1529 eligentes
558 1479 675 1517 credo
696 1479 732 1515 in
753 1477 974 1516 defensione
995 1477 1128 1527 patriae
1158 1477 1252 1514 mori
1272 1477 1400 1526 potius
1422 1478 1595 1522 honeste,

141 1557 258 1593 quam
280 1544 442 1593 turpiter
460 1545 496 1580 in
518 1543 632 1581 exilio
663 1542 903 1580 ⁵0sustiuere:
934 1548 973 1578 et
1004 1548 1259 1590 praecurrente
1289 1541 1461 1590 equitatu
1493 1541 1598 1578 nullo

141 1608 273 1644 ordine
293 1613 432 1644 caetera
466 1608 579 1644 turba
609 1605 869 1655 consequitur,
903 1617 1018 1654 seque
1047 1616 1115 1653 pro
1148 1604 1264 1641 muris
1296 1603 1454 1653 objicit:
1485 1605 1599 1656 [143]

142 1670 233 1708 hinc
262 1671 410 1710 animus
442 1670 582 1707 crescit
615 1669 794 1714 obsessis,
831 1676 871 1706 ut
901 1674 1098 1712 matronae,
1133 1680 1220 1716 quae
1253 1667 1370 1704 modo
1402 1669 1598 1706 Romanos

143 1734 243 1772 sicut
262 1734 430 1771 diximus
452 1734 629 1777 orabant,
656 1733 740 1781 jam
762 1731 904 1782 sparsis
937 1744 1044 1768 more
1073 1730 1197 1779 patrio
1232 1730 1379 1780 capillis
1399 1737 1436 1767 et
1470 1731 1602 1780 ⁵¹prae-

143 1798 237 1836 tenti
258 1797 492 1848 pignoribus,
528 1811 635 1834 orare
670 1810 758 1834 suos
783 1796 1012 1846 inciperent.
1070 1794 1310 1831 Instauratur
1342 1806 1473 1843 pugna
1504 1794 1599 1832 locis

143 1861 336 1906 omnibus,
371 1861 438 1898 sed
473 1861 605 1910 iniquo
639 1860 807 1910 partium
839 1869 1060 1896 concursu:
1090 1869 1180 1894 nam
1219 1870 1265 1893 ex
1301 1857 1378 1894 alto
1414 1857 1602 1895 dimicant

143 1924 311 1969 Alverni,
344 1937 391 1961 ex
424 1923 600 1960 inferiore
633 1924 719 1960 loco
753 1928 880 1959 autem
902 1919 1080 1965 Romani,
1101 1925 1139 1957 et
1160 1933 1290 1970 pugna
1309 1920 1542 1969 praecedenti
1563 1927 1602 1959 et

143 1999 307 2025 ascensu
341 1986 443 2024 fessi.
502 1987 620 2030 Quod
652 1988 780 2023 Caesar
814 1984 951 2034 procul
983 1983 1187 2033 aspiciens,
1220 1983 1443 2034 exitumque
1478 1985 1601 2034 qualis

144 2049 294 2088 futurus
325 2057 407 2087 erat
438 2049 664 2099 intelligens,
700 2049 868 2098 legatum
901 2046 1034 2084 Titum
1075 2045 1248 2083 Sextium
1286 2060 1373 2084 cum
1409 2047 1601 2097 expeditis

146 2113 372 2150 cohortibus
391 2113 438 2150 ad
462 2112 630 2150 radicem
653 2113 760 2149 collis
780 2112 895 2155 misit,
916 2117 957 2147 ut
990 2111 1019 2147 si
1054 2123 1143 2147 suos
1164 2116 1268 2160 terga
1299 2110 1388 2146 dare
1408 2112 1602 2160 continge-

145 2183 216 2220 ret,
238 2176 367 2213 hostes
399 2177 450 2213 ab
482 2175 722 2224 insequendo
753 2173 962 2224 repelleret.
1020 2174 1109 2222 lpse
1130 2180 1259 2210 autem
1293 2173 1472 2221 quoniam
1493 2173 1601 2212 locus

146 2239 344 2289 pugnandi
359 2239 468 2288 justa
488 2239 570 2276 acie
591 2251 664 2275 non
685 2245 778 2282 erat,
800 2237 853 2274 rei
874 2236 1018 2274 exitum
1042 2236 1175 2273 anxius
1194 2235 1440 2284 expectabat.
1497 2237 1603 2275 Galli

148 2303 306 2353 quidem
326 2303 414 2340 loco
440 2310 479 2340 et
499 2315 667 2347 numero,
702 2300 860 2338 Romani
882 2300 960 2337 sola
982 2300 1122 2337 virtute
1143 2300 1405 2349 praestabant;
1438 2312 1524 2349 quae
1546 2307 1604 2338 ta-

148 2378 234 2402 men
267 2365 316 2403 ad
349 2366 522 2403 ultimum
555 2365 654 2403 mole
686 2363 852 2401 hostium
885 2363 983 2400 victa
1016 2362 1237 2400 succubuit.
1293 2364 1431 2412 ltaque
1460 2363 1603 2402 Lucius

149 2428 312 2466 Sabinus
331 2442 351 2466 e
372 2441 494 2473 muro,
525 2429 564 2465 in
590 2441 703 2478 quem
724 2426 868 2477 primus
885 2425 1127 2470 ascenderat,
1150 2439 1237 2463 cum
1261 2427 1469 2464 comitibus
1490 2427 1604 2465 inter-

190 2582 233 2610 46
269 2579 375 2619 Lege,
402 2581 617 2610 tuntum—47
649 2579 792 2620 Supple,
822 2581 1011 2619 parta-48
1049 2579 1164 2618 Forte,
1200 2580 1335 2609 nen—19
1375 2576 1545 2615 Escipiens
1570 2575 1604 2606 in

151 2641 274 2663 murum
303 2633 477 2673 extulisset,
508 2642 550 2663 ex
577 2633 713 2664 Caesare
743 2633 961 2674 supple.—50
993 2632 1084 2663 Puto
1112 2631 1244 2670 deesse,
1275 2630 1465 2660 vitam—51
1500 2628 1605 2669 Lege,

147 2685 322 2726 proetentis.
