1850 3109
425 201 614 233 1.113.111.
643 200 750 230 cur.
782 189 852 230 53.

137 297 191 327 cui
214 295 256 327 ad
279 296 320 327 B.
339 295 385 326 G.
403 303 451 326 ιν.
475 296 527 325 2-1.
549 293 559 310 ‘
576 293 617 324 ln
635 293 715 324 litus
733 291 836 323 telum

137 347 240 386 adjici
259 345 395 386 posset:

133 416 137 419 -
179 399 220 427 2¹
251 394 438 434 Communit]
463 393 518 425 Ob
542 394 646 425 verba
669 393 836 434 praeteriti

138 445 310 486 temporis,
341 444 538 485 quibuscum
566 444 628 476 boc
658 445 837 476 committi-

138 500 202 535 tur,
225 496 298 535 lege
323 504 364 524 cx
389 493 487 524 editt.
511 495 596 525 Ven.
620 495 738 535 steph.
759 505 837 525 com—

130 545 259 583 muniit,
287 544 339 574 vel
372 553 412 575 ex
447 545 510 575 Ms.
543 545 682 580 Norvic.
714 549 749 576 et
779 546 838 576 im-

128 595 258 635 pressis
298 594 393 625 Rom.
432 594 592 626 nen-eald.
627 594 836 625 communivit.

135 645 257 675 Utrum
296 645 416 685 eligas,
453 645 533 676 nihil
569 644 685 677 refert.
723 646 835 676 Ducis.

134 694 273 735 Optime
306 697 500 735 postulante
531 695 603 736 ipsa
632 697 835 736 Temporum

134 746 277 781 ratione.
299 749 334 776 et
358 745 630 777 adsentientibus
650 746 730 776 Mss.
753 747 835 786 Rog.

132 801 167 825 et
197 795 313 826 t'oesii.
340 795 395 826 Al.
412 796 588 826 communit.
608 797 717 827 Clark.
748 797 836 826 Com-

131 846 245 875 ’muniit
268 846 322 876 hic
351 846 486 885 praetuli
511 856 641 887 quoque
667 856 742 877 cum
767 847 834 877 ΜΒ.

128 896 261 927 Lovan.
300 896 439 936 aliisque
477 901 511 928 et
558 897 644 927 Edu.
696 897 834 928 Vascos.

132 945 278 986 Grypli„
294 947 354 978 ἃς.
382 947 589 977 Communiiril
604 952 655 978 cst
668 947 698 977 in
716 946 834 978 Leidd.

131 996 230 1027 Voss.
248 1002 283 1027 et
299 997 362 1027 Ed.
379 997 471 1028 Med.

177 1055 235 1077 ιιι.
259 1050 278 1077 2
315 1048 678 1089 Pariter—tentaverat]
715 1050 834 1087 Simul,

131 1097 251 1127 eodem
284 1101 451 1137 tempore.
485 1098 640 1129 ,Iustinus
666 1108 754 1129 xvii.
785 1103 832 1130 ll.

129 1147 139 1163 ‘
156 1147 309 1186 Regnum
322 1146 532 1178 Macedoniae
546 1156 620 1177 euin
635 1148 703 1179 vita
713 1149 835 1188 pariter

130 1197 280 1228 amittit!
325 1197 503 1228 Sallustius
519 1197 600 1237 Jug.
625 1208 652 1229 c.
669 1201 720 1230 68.
745 1200 753 1215 ‘
772 1200 835 1229 Pa-

129 1247 212 1277 riter
232 1256 307 1278 cum
331 1257 450 1279 occasu
475 1247 573 1278 solis!
620 1247 729 1279 Abest
753 1259 833 1279 sane

129 1306 194 1327 vox
223 1306 242 1327 a
269 1297 335 1328 Ms.
371 1297 509 1328 Nox-vic.
534 1297 622 1338 quod
650 1298 735 1329 hanc
762 1299 833 1338 ejus

129 1351 334 1386 potestatem
368 1356 434 1378 non
471 1352 612 1387 caperet
649 1347 833 1379 Librarius.

130 1397 242 1428 Dotis.

173 1456 249 1479 Lm.
273 1450 292 1478 3
324 1448 376 1479 Ad
391 1457 419 1479 11
450 1448 570 1479 milium
597 1448 737 1488 numero]
772 1449 834 1479 Lo-

128 1507 202 1529 cum
226 1499 313 1530 hunc
331 1508 394 1530 non
412 1508 486 1529 esse
510 1506 706 1539 corruptum
723 1504 834 1530 osten-

128 1548 180 1579 dit
196 1549 310 1580 similis
328 1549 455 1580 locutio
471 1558 587 1589 supra,
606 1550 644 1580 B.
662 1549 706 1580 G.
723 1558 763 1579 11.
781 1551 833 1580 33.

127 1599 136 1615 ‘
156 1598 289 1630 Occisis
321 1599 361 1629 ad
402 1599 573 1629 hominunm
604 1599 738 1630 milibus
774 1598 832 1629 ιν.)

129 1649 326 1687 eujusmodi
341 1649 607 1679 constructionis
624 1649 780 1689 exempla
799 1655 834 1680 et

127 1708 169 1729 ex
187 1699 259 1730 aliis
278 1700 372 1730 bonis
393 1699 590 1730 auctoribus
609 1698 710 1730 affert
726 1699 833 1731 Cella-

127 1749 205 1779 rius.

127 1799 348 1837 ve1·biaiite1·;
383 1799 485 1830 sicuti
510 1799 659 1834 ἀνείπη
693 1805 751 1831 aut
777 1809 833 1840 po-

128 1850 193 1880 tius
211 1850 328 1880 subest
351 1849 489 1889 Ellipsis
503 1850 542 1879 ad
557 1859 705 1880 summam
721 1850 782 1881 hoc
799 1850 831 1880 in

127 1900 221 1938 loco;
238 1902 279 1931 ad
294 1910 451 1931 ‚numerum
465 1900 498 1930 in
511 1900 624 1940 priore
637 1900 706 1930 ino.
724 1901 831 1932 (flarlc.

126 1951 254 1982 Lovan.
272 1951 433 1990 Bongars.
453 1954 532 1981 tert.
556 1955 592 1981 et
620 1951 759 1982 Norvic.
776 1951 832 1981 ha·

126 2000 208 2032 bent
223 2002 262 2032 ad
277 2002 335 2031 duo
351 2000 449 2031 millia
461 2010 597 2038 numero,
616 2000 829 2040 quemadmo-

126 2052 204 2082 dum
222 2051 372 2083 Faiirnus
390 2051 492 2081 etiam
508 2050 735 2090 reponendum
754 2061 830 2081 cen-

126 2103 205 2133 suit.
251 2102 383 2132 Carrar.
401 2107 527 2140 autern,
549 2102 588 2131 ad
610 2102 738 2131 duorum
761 2102 829 2131 mi!-

125 2153 199 2183 lium
214 2162 384 2189 numerum,
403 2161 464 2181 ncc
483 2151 583 2182 aliter
599 2151 774 2192 Grypliius
791 2162 829 2182 ac

124 2202 316 2241 Stephanus
333 2201 522 2231 ediderunt.
561 2201 767 2232 Movendam
782 2208 831 2232 ta-

124 2262 202 2283 men
220 2251 307 2282 haud
331 2256 413 2291 puto
439 2256 611 2291 receptam
636 2251 830 2291 lectionem,

125 2311 200 2332 nam
218 2306 344 2342 praeter
360 2302 514 2331 Siceunae
532 2301 654 2339 locum,
675 2302 731 2342 qui
747 2302 830 2342 legi-

125 2357 179 2384 tur
202 2351 293 2393 apud
325 2351 472 2383 Nouium
502 2352 534 2381 in
565 2350 670 2381 binum
698 2352 829 2382 millium

124 2413 260 2440 numero,
274 2413 438 2444 quemque
452 2403 651 2434 Ciacconius
665 2403 806 2434 adduxit
819 2414 827 2441 ;

124 2454 306 2485 Suetonius
323 2455 354 2484 in
372 2454 464 2486 Julio
489 2463 520 2484 c.
538 2456 590 2484 20.
614 2455 623 2471 ‘
642 2454 682 2484 ad
708 2453 828 2493 viginti

124 2505 270 2536 millibus
287 2504 421 2535 civinm'
446 2505 546 2541 dixit,
566 2510 600 2535 et
623 2506 631 2521 ‘
649 2505 770 2535 occisis
787 2505 828 2535 ad

125 2553 294 2585 homiuum
307 2555 453 2586 millibus
467 2554 529 2593 1v‚'
548 2560 662 2586 noster
672 2554 714 2585 de
728 2556 768 2586 B.
784 2556 828 2586 G.

126 2612 168 2633 ιι.
192 2607 244 2636 33.
269 2605 320 2635 Ac
348 2605 357 2622 ‘
374 2605 417 2635 ad
441 2605 563 2645 viginti
586 2606 747 2636 matronis
770 2616 830 2646 per

123 2653 289 2691 ‚victorem
305 2655 433 2686 accitis'
457 2656 572 2686 Livius
588 2665 666 2687 vni.
682 2658 735 2686 18.
761 2656 830 2687 Da-

127 2704 193 2733 viss
210 2714 280 2735 cur.
305 2715 372 2736 sec.
400 2706 569 2737 Numerum
591 2711 644 2737 est
671 2706 773 2738 otiam
795 2707 828 2736 in

129 2753 265 2784 novitiis
289 2755 454 2786 nonnullis
477 2756 563 2787 Edd.
591 2757 731 2788 Rectius
747 2757 829 2787 Mss.

262 1749 333 1779 Aut
363 1748 470 1789 igitur
496 1754 678 1788 usurpatur
707 1750 747 1779 ad
778 1749 836 1779 ad-

887 199 948 229 on
984 200 1138 229 numo
1174 200 1343 229 οικίιι.
1481 190 1594 231 1495

889 292 1043 334 plerique
1059 292 1185 324 liabent
1207 293 1248 323 ad
1269 293 1329 322 duo
1349 292 1435 322 milia
1459 302 1591 323 numero.

889 343 930 374 Β.
955 342 1062 374 Afric.
1089 354 1118 374 c.
1141 346 1193 374 79.
1217 344 1227 360 ‘
1247 343 1311 373 vim
1334 342 1480 372 hostium
1497 343 1537 372 aii
1555 352 1591 373 ιν

889 394 980 424 milia
1003 403 1142 424 numero
1163 392 1355 424 sustinere!
1399 391 1468 422 Sed
1495 393 1594 423 Peta-

888 443 1006 474 vianus
1024 453 1098 474 cum
1112 443 1200 475 Edd.
1219 442 1466 474 Vetustissimis
1479 447 1595 473 servat

888 494 928 523 ud
944 503 970 524 ιι
990 494 1110 524 milium
1124 503 1261 524 munero.
1307 491 1418 523 Paiat.
1433 492 1473 522 ad
1489 501 1593 522 eorum

888 543 954 574 mil.
984 554 1118 575 numero.
1166 543 1270 574 Plura
1297 543 1323 574 si
1351 543 1401 573 vis
1426 543 1594 582 exempla,

889 594 966 625 vide
1003 594 1045 625 de
1082 604 1228 635 praepos.
1257 594 1297 624 ud
1323 598 1359 624 et
1387 603 1512 624 numero
1547 592 1590 623 ad

888 647 1020 674 νιιι.4.
1054 645 1063 661 ‘
1081 644 1122 674 ad
1153 653 1179 674 11
1209 644 1300 675 milia
1326 643 1528 674 numinum?
1556 649 1593 675 et

889 694 931 724 B.
950 695 992 725 G.
1014 703 1038 724 1.
1064 697 1117 726 49.
1141 695 1333 725 ‘hominnm
1362 703 1502 724 numero
1528 702 1592 724 xvi

887 744 1014 775 miliaz’
1037 745 1091 775 vel
1119 745 1221 776 etiam
1245 745 1286 775 ad
1313 745 1402 775 Hirt.
1427 745 1469 776 Β.
1484 743 1593 775 Afric.

888 803 918 824 c.
935 796 987 825 23.
1011 794 1019 810 ‘
1037 804 1175 825 numero
1198 794 1239 824 ad
1265 803 1292 824 ιι
1317 793 1469 832 inilium‚’
1486 793 1536 824 vel
1554 795 1594 823 ud

886 853 1056 874 numerum.
1098 844 1168 875 Pro
1199 844 1363 875 haberetur
1391 843 1592 875 ciacconius

888 895 1024 926 volebat
1037 895 1182 925 iniretur.
1220 895 1287 925 Sed
1305 895 1380 926 vide
1398 894 1439 925 ad
1460 903 1521 927 vn.
1538 898 1591 926 75.

885 945 894 961 ‘
910 943 1070 975 frumenti
1094 945 1260 976 rationem
1281 945 1405 976 habere
1430 944 1593 986 possent!

887 994 1027 1025 luit-etur
1054 995 1080 1025 si
1112 995 1145 1026 in
1174 996 1256 1026 Mss.
1283 1001 1385 1035 esset,
1410 1004 1591 1036 sequerer:

888 1045 963 1075 vide
977 1045 1056 1075 ibid.
1073 1054 1103 1076 c.
1119 1048 1170 1076 71.

931 1098 969 1125 13
1006 1096 1137 1126 Inventa
1174 1099 1244 1126 sunt
1286 1096 1319 1127 in
1361 1106 1394 1127 eo
1431 1095 1593 1133 foramina

886 1145 1024 1184 ccxxx]
1054 1146 1110 1175 Sic
1136 1146 1265 1185 vulgati
1287 1151 1323 1178 et
1345 1146 1521 1177 Petavian.
1540 1157 1593 1177 co-

887 1195 963 1224 dex.
1010 1194 1076 1224 Sed
1100 1194 1176 1225 Pal.
1193 1203 1275 1226 cxx.
1292 1200 1328 1226 et
1344 1195 1455 1235 Bong.
1471 1199 1593 1226 centum

886 1254 948 1275 xx.
995 1245 1040 1276 Et
1055 1245 1103 1276 sic
1120 1255 1255 1287 quoque
1274 1246 1455 1276 Suetonius
1471 1250 1592 1277 centum

884 1298 1001 1337 viginti
1033 1297 1153 1337 ictibus,
1182 1299 1263 1329 item
1300 1299 1430 1330 Celsus.
1477 1300 1592 1332 Quare

884 1347 934 1378 ita
950 1347 1106 1385 emendo,
1118 1357 1179 1379 uec
1197 1348 1268 1379 sola
1285 1348 1461 1380 Plutarchi
1478 1355 1592 1380 aucto-

885 1398 966 1429 ritas
991 1399 1066 1429 mibi
1087 1399 1173 1429 tanti
1191 1404 1254 1439 est,
1269 1403 1307 1431 ut
1323 1399 1398 1431 ideo
1415 1405 1449 1431 et
1473 1401 1591 1432 Sueto-

883 1449 974 1480 nium
1002 1453 1038 1480 et
1060 1450 1196 1481 Celsum
1223 1450 1256 1480 in
1285 1451 1397 1481 mendi
1428 1452 1591 1491 suspicio-

883 1509 959 1530 nem
990 1500 1076 1530 trahi
1105 1500 1215 1532 velim.
1252 1501 1385 1532 Vossius.
1422 1501 1590 1532 Cellarius

884 1559 1017 1590 quoque
1034 1560 1052 1581 e
1067 1550 1231 1581 Suetonio
1243 1557 1279 1582 et
1292 1553 1365 1582 Vol.
1380 1552 1473 1584 Max.
1488 1561 1543 1583 ιιι.
1560 1555 1590 1583 2.

884 1599 1037 1639 reposuit
1060 1609 1142 1631 cxx.
1169 1601 1225 1641 qui
1249 1612 1325 1633 cuni
1350 1603 1506 1634 Manutio
1532 1603 1591 1634 do-

884 1653 953 1685 cet,
982 1659 1001 1679 a
1030 1648 1219 1681 Plutarchc'»
1258 1652 1428 1682 numerari
1460 1656 1590 1683 tautum

884 1703 1002 1730 centum
1027 1703 1055 1730 et
1079 1701 1239 1738 triginta,·
1263 1706 1366 1742 atque
1389 1702 1436 1732 ita
1459 1712 1533 1733 esse
1554 1702 1588 1732 iu

884 1750 951 1779 ΜΞ.
979 1749 1089 1790 Regio
1119 1756 1267 1781 testatur
1295 1752 1465 1783 Clarkius.
1512 1752 1586 1783 Nee

885 1800 983 1830 aliter
1000 1800 1096 1831 Leid.
1111 1810 1179 1831 sec.
1196 1802 1322 1832 Verum
1339 1802 1427 1834 Scal.
1444 1809 1475 1834 ct
1494 1803 1592 1835 Leid.

884 1859 934 1890 pr.
966 1851 1050 1881 daut
1079 1860 1184 1882 ccxx.
1244 1852 1313 1884 Sed
1342 1853 1415 1884 haec
1445 1854 1589 1884 incerta.

882 1899 951 1931 Adi
969 1901 1060 1931 viros
1075 1901 1196 1932 doctos
1213 1902 1255 1932 ad
1271 1903 1367 1934 Suet.
1391 1912 1422 1933 c.
1437 1906 1489 1934 68.
1508 1903 1591 1934 item

883 1952 972 1982 Flor.
987 1961 1036 1982 ιν.
1055 1955 1085 1983 2.
1101 1955 1154 1982 41.
1191 1953 1308 1983 Barth.
1321 1953 1362 1984 ad
1381 1954 1465 1984 Stat.
1482 1954 1588 1985 Theb.

883 2011 922 2032 ιι.
964 2004 1038 2032 606.
1100 2002 1188 2033 Nam
1226 2007 1261 2033 et
1301 2003 1343 2034 de
1386 2005 1589 2044 sagittarum

881 2061 1022 2082 numero
1060 2051 1149 2082 intra
1187 2053 1310 2082 vallum
1345 2053 1483 2084 invento
1522 2063 1588 2085 non

881 2107 1049 2133 constant.
1073 2102 1253 2133 Suetonius
1268 2111 1366 2133 cxxx
1377 2103 1465 2133 milia
1480 2103 1564 2134 dicit
1581 2115 1589 2134 ;

880 2152 968 2183 uude
993 2163 1054 2193 pro
1071 2153 1197 2183 circiter·
1221 2153 1405 2193 Manutius,
1433 2153 1589 2193 Ursinus,

880 2207 916 2234 et
942 2203 999 2233 alii
1021 2203 1076 2234 hic
1100 2207 1224 2234 centum
1241 2209 1422 2244 reponunt,
1437 2205 1492 2234 vel
1509 2213 1589 2235 con-

881 2258 935 2282 tra
949 2253 1074 2283 circiter
1089 2254 1121 2283 in
1139 2253 1314 2284 Suetonio.

923 2306 963 2333 1-1
1001 2303 1158 2333 Donatum
1188 2313 1228 2333 m.
1255 2305 1286 2333 d.
1313 2303 1350 2334 ab
1382 2304 1459 2344 oct.]
1494 2304 1587 2336 Editi

879 2353 1005 2384 habent
1021 2356 1165 2384 donatum
1181 2353 1315 2384 millibus
1329 2355 1468 2385 ducentis
1486 2355 1561 2386 oeris
1578 2366 1586 2393 ;

879 2402 939 2433 sed
956 2412 1073 2433 vocem
1098 2403 1188 2433 iilam
1214 2403 1287 2433 oerz's
1311 2409 1505 2444 suspectam
1531 2405 1588 2435 lia—

880 2453 961 2484 bent
977 2454 1041 2484 viri
1057 2453 1162 2484 docti.
1199 2453 1364 2485 Testatur
1382 2455 1584 2486 Ciacconius

880 2515 953 2536 eam
968 2515 1009 2536 ex
1026 2505 1153 2536 Codice
1166 2515 1224 2536 suo
1238 2505 1370 2541 abesse,
1384 2511 1418 2536 et
1427 2505 1586 2536 Davisius

879 2556 998 2586 abesse
1022 2565 1096 2586 eam
1121 2565 1163 2586 ex
1187 2555 1315 2586 Codice
1342 2555 1493 2591 Eliensi3
1525 2554 1584 2584 sed

878 2605 1050 2637 falluntur.
1097 2606 1175 2637 Non
1203 2606 1288 2636 enini
1315 2614 1451 2645 prorsus
1474 2603 1583 2634 abest.

878 2656 946 2687 Sed
974 2656 1008 2686 in
1032 2655 1105 2686 istis
1133 2655 1316 2686 Codicibus
1340 2654 1508 2693 scriptum
1530 2659 1584 2684 cst

879 2710 988 2745 atque.-
1013 2705 1045 2735 id
1075 2705 1165 2746 quod
1182 2705 1239 2735 alii
1256 2708 1428 2734 mutarunt
1445 2702 1478 2732 in
1501 2703 1584 2734 oeris.

879 2756 947 2786 Ms.
990 2756 1116 2793 Regius
1151 2755 1247 2793 plane
1292 2752 1427 2783 exhibet
1456 2754 1582 2784 donarit
