1850 3109
526 209 588 239 nn
622 207 736 238 νιτΑ
775 207 909 237 sumi
944 206 1176 237 coesAnrs.
1463 198 1578 240 1695

123 302 289 353 ingenio,
327 307 368 340 ut
401 301 471 351 ipsi
503 307 578 338 tres
609 300 719 350 ¹⁸qui
753 300 950 350 republica
972 313 1088 337 iulum
1117 307 1263 343 esseut:
1293 301 1373 338 sore
1396 309 1510 348 ratus,
1537 310 1577 341 ut

121 365 226 416 quod
246 365 301 403 eis
318 365 524 414 placuisset
545 364 669 401 nullus
689 364 909 414 infringeret
927 380 938 403 ι
969 378 1038 402 nec
1058 364 1190 402 fefellit
1206 378 1291 414 spes
1309 380 1317 403 :
1352 373 1470 414 utque
1486 367 1576 404 ami-

120 430 248 468 citiam
269 427 598 476 consanguinitate
620 427 800 473 firmaret,
835 429 951 466 filiam
985 442 1091 466 suain
1113 430 1252 467 Juliam
1281 430 1461 479 Pompeio
1483 444 1578 467 con-

113 494 247 542 jugem
266 491 392 528 dedit:
424 499 461 528 et
479 492 647 541 undique
669 493 740 529 sibi
762 492 994 531 adminicula
1014 508 1251 538 coacervans,
1276 494 1354 544 ipse
1377 495 1580 545 Calpurni-

119 569 178 593 am
201 556 242 593 L.
276 556 422 593 Pisonis
456 556 667 593 successuri
687 556 757 593 sibi
778 557 813 593 in
835 558 1040 594 consulatu
1073 558 1191 594 filiam
1225 559 1260 594 iu
1295 559 1576 597 matrimonium

117 619 290 670 accepit:
322 620 549 669 generisque
570 633 614 658 ac
637 621 758 658 soceri
780 621 969 671 suffragiis
990 621 1120 665 fultus,
1143 636 1188 659 ex
1209 624 1386 660 omnibus
1422 624 1579 672 provin·

117 683 184 721 ciis
204 684 350 721 Gallias
371 691 488 734 atque
513 685 707 735 lllyricum
730 685 938 735 praeelegit,
972 686 1242 735 amplissimam
1278 688 1423 725 seilicet
1458 701 1576 737 opum

116 747 214 785 viam
235 754 352 798 atque
376 749 603 785 uberrimam
638 749 833 786 materiam
868 749 1169 799 triumphorum:
1201 764 1275 787 non
1298 752 1402 800 quod
1425 759 1578 790 senatus

115 811 150 850 ei
170 812 458 862 Transalpinam
480 813 648 850 Galliam
669 812 786 850 libere
807 813 924 858 daret,
959 813 1026 850 sed
1061 813 1200 851 veritus
1220 827 1267 850 ne
1294 827 1315 850 a
1340 828 1379 851 se
1398 823 1578 865 negatum

117 876 286 926 populus
309 876 516 925 largiretur,
547 883 585 913 et
605 877 707 925 quod
730 890 837 914 suum
869 877 1014 914 nollent
1047 891 1186 915 munus
1225 878 1368 916 ¹⁹fieret
1400 880 1579 918 alienum.

118 939 202 977 Nec
221 939 315 977 dum
337 940 480 977 invidia
508 940 740 989 quiescente,
769 940 852 989 jam
890 941 1132 990 ²0pr0vectus
1154 942 1189 978 in
1211 943 1463 991 provinciam,
1494 944 1581 994 [15]

117 1011 321 1042 accusatus
340 1005 390 1041 ab
412 1004 556 1041 aemulis
579 1004 803 1053 procuravit
834 1010 877 1042 ut
909 1005 1047 1042 absens
1068 1005 1292 1055 reipublicae
1312 1020 1428 1044 causa
1449 1008 1579 1045 vocari

119 1067 168 1105 ad
184 1068 378 1117 judicium
402 1081 477 1104 non
499 1076 642 1117 posset,
664 1068 873 1117 posuitque
904 1068 940 1105 in
974 1069 1156 1114 animum,
1190 1084 1322 1108 omnes
1343 1072 1409 1120 qui
1430 1072 1477 1109 ad
1500 1086 1580 1110 ma-

118 1131 297 1181 gistratus
333 1131 561 1168 2¹assensuri
581 1138 721 1175 essent,
753 1131 826 1168 sibi
847 1144 992 1169 amicos
1011 1132 1174 1178 efficere,
1209 1142 1327 1183 atque
1347 1149 1392 1171 ex
1413 1135 1477 1172 illo
1498 1137 1582 1173 nul-

117 1195 193 1232 lum
215 1194 413 1244 adjuvare,
435 1193 501 1231 sed
523 1206 593 1243 pro
619 1193 764 1231 viribus
794 1194 989 1244 impedire,
1021 1196 1089 1232 nisi
1111 1196 1177 1244 qui
1198 1197 1271 1233 sibi
1304 1198 1580 1247 pollicerentur

118 1271 158 1296 se
178 1258 263 1308 ejus
295 1258 507 1296 absentiam
529 1256 777 1302 defensuros;
811 1264 852 1295 ut
881 1271 904 1295 a
934 1258 1124 1296 nonnullis
1156 1260 1227 1297 liae
1249 1261 1296 1297 (le
1325 1274 1362 1297 re
1383 1261 1581 1310 jusjuran-

119 1321 209 1359 dum
231 1333 278 1358 ac
297 1321 598 1371 chirographum
619 1334 696 1358 non
735 1322 924 1360 2⁷'veretur
952 1323 1144 1373 accipere.
1204 1323 1378 1362 Audiens
1415 1339 1505 1362 vero
1539 1328 1581 1365 L.

119 1385 334 1423 Domitium
368 1385 603 1423 consularem
640 1384 889 1422 candidatum
911 1387 974 1435 qui
1008 1399 1095 1423 eum
1118 1394 1259 1436 praetor
1278 1401 1378 1425 auno
1399 1389 1473 1425 alio
1494 1403 1582 1426 vex-

118 1462 181 1488 are
203 1450 385 1494 voluerat,
400 1449 554 1499 jactare
575 1448 727 1486 solitum
749 1461 800 1493 se,
832 1449 936 1498 quod
958 1456 1101 1498 praetor
1120 1451 1362 1500 nequivisset,
1384 1453 1579 1490 consulem

117 1512 360 1559 effecturum,
383 1513 532 1563 sibique
552 1512 765 1550 exercitum
785 1519 1007 1562 erepturum
1025 1527 1034 1556 ;
1074 1514 1173 1551 illius
1195 1515 1437 1553 consulatum
1458 1517 1580 1566 impe-

119 1577 253 1616 diendi
271 1577 370 1614 viam
393 1590 506 1616 unam
530 1576 751 1621 meditatus,
774 1589 896 1615 novos
919 1577 1063 1615 amicos
1085 1579 1311 1629 Pompeium
1339 1587 1378 1617 et
1399 1581 1579 1618 Crassum

119 1641 168 1679 ad
190 1654 230 1679 se
252 1641 500 1689 Lucaiujure
519 1640 699 1678 amicitiae
720 1640 756 1676 in
776 1640 1014 1691 colloquium
1035 1649 1225 1687 evocatos,
1247 1642 1401 1681 induxit
1429 1652 1470 1681 ut
1491 1645 1580 1682 anni

120 1705 296 1742 instantis
313 1705 557 1742 consulatum
574 1711 768 1753 peterent:
800 1711 988 1754 quatenus
1017 1707 1133 1743 tantis
1163 1708 1481 1757 competitoribus
1517 1708 1580 1746 ille

121 1768 411 1813 succumberem
443 1768 729 1819 providensque
749 1768 786 1805 in
809 1776 1017 1818 posterum,
1046 1783 1093 1807 ne
1114 1770 1206 1820 quid
1229 1770 1264 1808 in
1285 1784 1322 1808 se
1342 1772 1439 1808 livor
1457 1772 1580 1821 possit

122 1834 282 1878 hostilis,
300 1833 392 1871 illud
411 1846 567 1883 quoque
584 1833 1021 1883 suffragatoribustantis
1033 1834 1422 1884 obtinuit,imperium
1437 1848 1456 1871 a
1474 1848 1581 1872 sena-

122 1905 162 1938 tu
194 1897 269 1935 sibi
289 1898 326 1934 in
348 1897 651 1947 quinquennium
672 1898 894 1948 prorogari:
927 1911 1013 1948 quae
1034 1898 1192 1949 quidem
1212 1905 1248 1935 et
1266 1899 1301 1935 in
1323 1898 1461 1943 Gallia,
1483 1905 1519 1936 et
1539 1899 1578 1935 in

122 1960 244 2007 Italia,
283 1969 321 1999 et
358 1961 396 1999 in
436 1968 519 1999 toto
566 1962 659 1999 orbe
702 1975 926 2012 magnorum
960 1970 1136 2000 motuum
1183 1974 1298 2000 causa
1345 1961 1431 1999 fuit.
1507 1961 1579 2000 His

121 2026 223 2065 enim
258 2025 309 2064 ad
344 2031 434 2063 vota
461 2025 668 2063 fluentibus
700 2027 784 2075 jam
828 2027 1007 2072 securior,
1040 2033 1078 2064 et
1115 2025 1292 2076 despexit
1328 2024 1578 2070 adversarios,

122 2097 162 2128 et
189 2090 404 2141 legionibus
439 2088 547 2127 noxis
580 2103 650 2140 pro
683 2089 842 2127 arbitrio
878 2089 1117 2140 conscriptis,
1149 2103 1261 2127 omne
1295 2089 1579 2140 quantumlibet

122 2153 376 2203 periculosum
401 2159 439 2191 et
458 2167 569 2204 grave
587 2154 675 2191 belli
694 2167 814 2204 genus
830 2167 1031 2205 aggressus
1050 2154 1113 2191 illa
1131 2152 1251 2204 gessit
1269 2153 1317 2191 de
1335 2153 1476 2204 quibus
1496 2153 1578 2204 ipse

114 2219 199 2268 jam
223 2217 312 2255 hinc
330 2231 440 2267 agere
461 2217 672 2267 aggrediar.

177 2283 399 2332 Scripturus
420 2295 479 2319 res
507 2281 599 2319 Julii
620 2282 782 2319 Caesaris
803 2289 930 2330 gestas
951 2282 988 2319 in
1008 2282 1160 2326 Galliis,
1192 2283 1357 2331 primum
1380 2294 1462 2319 esse
1486 2280 1581 2318 mihi

124 2345 272 2384 credidi
305 2345 518 2383 Galliarum
553 2345 662 2382 situm
696 2345 763 2382 ubi
797 2358 853 2382 res
875 2351 993 2395 gestae
1014 2352 1123 2382 erant
1144 2345 1386 2382 describere:
1419 2344 1525 2395 quod
1556 2357 1579 2381 a

125 2409 355 2460 quibusdam
385 2409 544 2447 confuse
560 2409 658 2446 adeo
678 2408 822 2447 factum
852 2415 923 2453 est,
947 2418 984 2446 ul
1008 2409 1166 2460 legentis
1187 2409 1381 2460 ingenium
1403 2422 1424 2446 a
1444 2408 1579 2446 notitia

123 2486 247 2512 rerum
266 2480 395 2511 arceat
415 2474 496 2523 ipsa
517 2473 739 2522 descriptio.
797 2474 896 2518 Quae
917 2487 973 2511 res
994 2487 1041 2511 eo
1061 2473 1213 2511 facilior
1233 2474 1323 2511 mihi
1344 2487 1425 2511 esse
1445 2473 1576 2517 debet,

125 2551 203 2589 quo
230 2538 426 2588 regionum
464 2537 612 2575 illarum
641 2536 940 2575 (listantissimos
974 2536 1069 2575 fines
1103 2537 1179 2575 fere
1217 2551 1362 2583 omnes,
1394 2550 1494 2574 nunc
1531 2549 1576 2573 ex

169 2678 208 2705 18
230 2675 346 2714 Forte,
362 2676 494 2707 in.—19
516 2676 632 2716 Forte,
647 2676 825 2718 siah-20
850 2677 955 2717 Lege,
969 2675 1219 2716 projectus-21
1245 2676 1345 2715 Lege,
1368 2671 1577 2704 ascensuri.—

125 2729 166 2758 22
189 2727 294 2769 Lege,
307 2733 474 2760 vereretur.
