1850 3109
387 180 563 210 1Ass.1r
596 167 886 208 CAP.36.DE
921 174 1280 206 BELLO(nV1LL

112 272 220 304 Clark.
266 273 337 304 Hac
359 273 458 304 etiam
482 271 541 302 dat
568 271 642 302 Pet.
659 274 694 302 et
710 270 805 300 Voss.

110 328 146 354 ct
173 333 288 363 margo
319 323 450 364 Gryph.
489 322 545 360 Af.
577 325 628 352 est
655 322 689 352 in
719 320 805 351 Edd.

109 375 211 405 Vasc.
235 375 302 406 Str.
325 374 444 413 Steph.
462 373 594 414 Gryph.
612 376 699 413 post.
716 370 806 412 quod

110 424 180 454 sive
195 423 233 454 ab
248 423 325 454 mihi
348 423 453 463 magis
471 422 656 461 adrideret,
672 421 698 452 si
714 420 806 452 fave-

112 476 185 504 rent
198 471 305 503 codd.
351 472 399 502 Eo
416 470 499 502 facit
517 471 605 511 quod
622 482 640 501 α
656 471 745 501 turba
762 471 806 500 sit

109 522 142 554 in
158 521 240 553 Mss.
266 522 347 552 Lov.
366 522 472 553 Dorv.
489 522 561 552 Pal.
586 522 692 561 Bong.
711 520 805 552 Leid.

109 581 177 604 sec.

152 624 190 652 15
216 621 292 652 Tum
308 622 418 653 nzunit.
438 625 512 653 cast.
528 622 648 653 aditum
666 621 805 662 prohibe-

107 671 179 706 bah·
200 671 294 712 quod]
331 672 388 703 Sic
405 672 505 713 vulgo
518 672 606 703 hunc
623 672 733 702 iocum
751 671 805 702 edi

107 720 236 760 videas,
264 721 342 752 satis
372 722 500 762 inepte,
526 721 559 752 ni
590 721 699 760 failor,
729 730 806 752 cum

107 770 175 802 Ms.
192 772 326 803 Carrar.
372 771 426 802 An
453 773 541 803 enim
566 772 641 803 ideo
663 772 806 802 munitio

105 826 290 853 castrorum
307 822 435 853 aditum
453 822 636 864 prohibuit,
653 823 731 864 quia
747 821 804 853 mi-

105 872 185 903 lites
209 873 409 904 necessariis
437 873 536 905 rebus
563 873 605 904 ad
634 873 806 914 obpugna-

105 922 233 954 tionem
263 922 447 955 carebant?
485 923 570 956 Quis
598 924 648 955 his
672 923 806 955 ratioci-

105 972 208 1004 nandi
225 973 341 1004 modus
358 974 429 1004 est?
467 973 606 1014 Optime
621 983 702 1013 ergo
719 974 804 1004 Mss.

108 1029 144 1055 et
160 1024 247 1055 Edd.
273 1026 410 1056 Vascos.
435 1024 566 1065 (ἐι-Χρὴ.
594 1025 753 1065 Stephan.
771 1029 807 1055 et

105 1074 181 1106 aliae
214 1078 244 1105 et
273 1084 312 1105 m.
340 1077 418 1104 cast.
447 1074 566 1104 aditum
591 1074 709 1113 prohib.
740 1077 807 1104 tum

105 1125 196 1166 quod.
243 1124 372 1155 Milites
397 1123 662 1163 prohibebantur
678 1129 806 1154 castro-

105 1183 179 1205 rum
203 1173 297 1204 aditu
324 1176 389 1204 tum
417 1177 560 1214 propter
587 1177 742 1204 naturam
768 1177 806 1204 'ct

105 1223 328 1255 munitionem
359 1223 436 1262 loci,
467 1227 531 1254 tum
561 1223 649 1265 quod
684 1223 806 1254 instru-

107 1274 230 1306 mentis
243 1273 456 1314 obpugnandi
469 1279 583 1304 castra
596 1272 805 1314 indigebant.

106 1323 318 1354 Prohibebant
346 1328 457 1354 autem
486 1328 540 1355 est
565 1324 599 1354 in
624 1323 706 1353 Mss.
731 1323 805 1354 Pal.

107 1373 201 1405 Carr.
232 1373 340 1414 Bong.
367 1373 463 1404 Leid.
489 1383 559 1405 sec.
581 1373 689 1404 Dorv.
715 1373 804 1403 Edd.

105 1422 206 1454 Rom.
225 1423 311 1454 Ven.
329 1423 422 1454 Med.
449 1428 484 1454 et
508 1423 625 1463 Steph.
677 1423 805 1453 Verum

105 1473 224 1514 optimi
242 1474 325 1505 Mss.
342 1473 466 1505 docent
483 1472 562 1514 quid
578 1474 698 1513 latere,
716 1473 803 1514 quod

105 1528 219 1555 tamen
236 1523 382 1555 noudum
395 1533 515 1555 eruere
532 1532 677 1564 possum.
714 1524 804 1555 Nam

104 1583 166 1615 pro
182 1573 301 1604 aditum
312 1573 504 1614 prohibebat,
517 1577 594 1614 tum,
617 1574 649 1605 in
666 1574 804 1605 Petavi-

106 1633 170 1655 ano
187 1623 346 1655 scribitur
371 1624 454 1654 adiri
470 1626 542 1654 tunc
557 1633 615 1654 non
629 1627 729 1663 posset
735 1635 747 1661 ;
771 1622 805 1653 in

105 1673 236 1705 Lovan.
264 1673 347 1704 adiri
376 1676 442 1704 tum
470 1683 530 1704 non
555 1676 689 1713 poterat.
756 1672 805 1703 At

107 1733 187 1754 vero
203 1723 237 1754 in
253 1723 446 1764 Cujaciano,
463 1722 558 1754 Leid.
571 1723 693 1763 Scalig.
706 1723 804 1753 Voss.

106 1773 190 1805 adiri
207 1777 277 1805 tunc
293 1775 347 1805 vel
363 1777 439 1805 tum.
484 1774 607 1805 Verius
622 1774 742 1804 saltem
758 1773 806 1803 vi-

107 1822 208 1855 detur
232 1825 331 1856 aditu.
376 1824 464 1855 Vide
491 1824 533 1855 ad
557 1824 596 1855 B.
623 1824 694 1855 Civ.
711 1832 734 1854 1.
750 1825 803 1854 68.

106 1878 142 1907 et
159 1874 302 1915 saepius:
329 1875 411 1906 item
443 1875 486 1906 ad
516 1875 633 1906 Front.
651 1882 676 1905 1.
690 1874 803 1914 ’ὰς-2.

107 1925 318 1966 Quamquam
341 1934 407 1956 non
432 1934 518 1966 nego
543 1924 586 1956 ab
608 1924 681 1955 aliis
699 1923 804 1964 prohi-

106 1974 176 2007 bere
201 1979 232 2007 et
265 1986 370 2008 arcere
395 1976 561 2006 transitum
587 1975 642 2006 vel
671 1975 803 2014 aditum,

106 2025 275 2066 usurpari.
318 2026 374 2057 Sic
399 2025 487 2057 enim
514 2025 605 2056 Hirt.
628 2025 670 2056 B.
692 2023 804 2056 Afric.

107 2083 138 2106 c.
161 2077 215 2106 31.
236 2075 399 2108 ‘Aditum
427 2075 626 2106 adversariis
649 2075 804 2115 prohibe-

107 2123 213 2156 baut.'
258 2125 325 2157 Adi
352 2126 489 2167 insuper
516 2125 559 2157 ad
585 2126 702 2157 Front.
729 2134 754 2156 1.
771 2128 804 2157 4.

108 2175 171 2215 ςιι.
194 2183 253 2206 111.
269 2179 300 2206 7.
316 2177 332 2216 §
346 2179 378 2207 2.

152 2228 191 2256 17
217 2225 294 2261 Quae
307 2225 374 2265 res]
415 2226 471 2257 Sic
486 2227 552 2258 Ms.
570 2226 653 2266 Reg.
678 2225 718 2256 Iu
732 2226 804 2257 aliis

107 2275 205 2308 deest
221 2286 286 2307 vox
300 2287 360 2308 res.
379 2278 486 2308 Clark.
509 2276 605 2308 Leid.
619 2276 722 2307 etiam
736 2286 803 2307 sec.

107 2326 167 2358 sed
184 2327 436 2358 recentissimus
463 2327 559 2358 addit
582 2336 642 2367 res,
667 2332 706 2357 ut
732 2336 806 2357 sex-

107 2376 237 2409 centies
251 2377 401 2418 loquitur
417 2382 547 2408 auctor.
591 2376 679 2407 Vide
707 2376 749 2406 ad
765 2376 805 2408 B.

108 2425 200 2458 Gall.
226 2436 267 2459 11.
291 2430 343 2458 18.
367 2428 376 2444 ‘
391 2427 472 2459 Loci
496 2432 618 2458 natura
633 2432 707 2458 erat
722 2427 807 2467 haec,

107 2485 208 2518 quem
224 2477 358 2517 locum,’
373 2480 436 2509 ἃς.
454 2483 492 2509 ut
508 2487 526 2509 e
539 2479 622 2509 Mss.
639 2478 783 2509 restitui.

151 2529 193 2558 20
214 2527 263 2559 Ac
278 2537 306 2558 M
320 2528 505 2568 vulneratis]
548 2528 589 2558 In
613 2529 686 2559 aliis
702 2529 805 2559 omni-

109 2573 171 2606 bus
192 2575 316 2617 legitur
335 2580 424 2618 atque
439 2578 618 2617 vulneratis,
634 2578 724 2609 unde
748 2579 803 2610 Fr.

110 2623 345 2658 Hotomannus
359 2628 590 2668 reponendum
603 2629 737 2669 putavit
751 2633 806 2659 aut

111 2676 288 2718 vulneratis,
312 2683 351 2710 ut
376 2679 544 2710 vulnerati
570 2690 635 2711 una
659 2690 734 2711 cum
757 2680 806 2710 in-

113 2724 266 2757 terfectis
280 2736 454 2759 numerum
477 2729 571 2761 ilium
587 2729 808 2762 confecerint.

112 2776 180 2808 Sed
195 2777 265 2818 eJus
292 2779 521 2819 conjecturam
537 2782 664 2814 evertit
679 2781 807 2823 Appia-

1445 166 1555 214 1437

859 276 932 306 nus,
958 267 1015 307 qui
1043 267 1129 298 Beli.
1157 267 1230 298 Civ.
1258 268 1277 298 Ι.
1304 276 1346 298 11.
1363 277 1396 308 p.
1413 271 1485 300 455.
1509 271 1555 303 D.

859 314 1025 355 Κουρίωνος
1046 315 1112 356 μὲν,
1127 316 1249 357 inquit,
1275 315 1316 347 eis
1343 317 1416 357 ἀνὴρ
1434 317 1555 357 ἔπεσεν,

858 365 978 406 Οὐάρου
1004 365 1036 396 δὲ
1064 365 1224 406 ἑξακόσιοι,
1251 367 1300 397 καὶ
1323 368 1558 408 κατετρώθησαν

859 418 903 449 ἔτι
919 419 1068 451 πλείονες.
1100 420 1282 450 Verissima
1299 420 1402 459 igitur
1421 420 1558 452 videtur

857 470 993 501 Codicis
1022 470 1193 501 1'rsiuiani
1225 470 1403 509 scriptura.
1443 470 1557 503 Dacis.

858 520 943 550 Mss.
968 530 1083 550 omncs
1109 530 1144 550 nc
1157 530 1186 550 r.
1203 520 1264 550 uisi
1282 520 1370 560 quod
1388 520 1485 551 Voss.
1503 521 1559 551 ha-

858 568 989 599 beatae
1011 580 1044 600 eo
1067 571 1150 600 ruln.
1175 574 1335 609 corrupte
1355 570 1426 599 sine
1443 570 1559 611 dubio,

857 629 900 650 ex
931 625 1011 651 nota
1038 620 1238 650 millenaria.
1263 619 1349 651 Eud.
1378 620 1493 661 primae
1521 627 1557 652 et

856 670 932 700 aliae
945 673 1047 710 atque.

900 728 1030 751 xxxw.
1048 723 1062 751 l
1091 720 1352 760 circummunire]
1397 720 1436 751 In
1459 721 1557 753 Leid.

856 779 905 811 pr.
920 771 1012 810 legas
1029 771 1270 802 circummuniri.
1297 770 1364 801 Adi
1382 776 1500 802 notata
1514 772 1557 802 ad

856 830 885 852 c.
902 823 953 852 31.
977 821 1024 852 At
1039 821 1071 851 in
1088 821 1176 852 Edd.
1196 822 1290 852 Rom.
1310 821 1452 852 Mediol.
1470 822 1557 853 Ven.

857 872 1000 914 aliisque
1017 877 1070 904 est
1094 873 1328 912 circumvenire,
1354 872 1444 912 quod
1467 882 1485 903 e
1501 882 1558 904 ve-

856 923 921 954 teri
939 923 1058 955 codice
1081 924 1202 964 probat
1230 921 1388 954 Gifanius
1412 922 1558 954 Observ.

858 973 953 1013 Ling.
984 975 1057 1005 Lat.
1083 984 1113 1005 c.
1139 976 1192 1004 32.
1220 977 1255 1004 et
1282 973 1421 1004 Hotom.
1469 973 1557 1005 Vide

856 1022 898 1052 ad
925 1023 963 1054 B.
981 1023 1053 1053 Civ.
1068 1031 1091 1054 1.
1107 1026 1158 1054 18.
1183 1022 1192 1039 ‘
1204 1022 1366 1062 oppidum
1385 1023 1470 1054 vallo
1487 1033 1560 1055 cas-

857 1073 1014 1114 tellisque
1027 1074 1272 1105 circumvenire
1289 1073 1461 1104 instituit!
1487 1074 1558 1105 Pro

853 1125 978 1154 moem're
1012 1125 1088 1155 vide
1115 1125 1232 1155 Heius.
1262 1124 1304 1155 ad
1334 1123 1437 1155 Ovid.
1467 1125 1556 1156 Met.

855 1182 904 1205 zv.
917 1176 991 1204 645.

895 1226 915 1254 2
940 1223 1077 1254 Insolens
1092 1223 1178 1263 belli]
1227 1222 1317 1254 Belli
1334 1223 1477 1255 insueta.
1502 1224 1557 1256 Ci-

854 1283 932 1304 cero
949 1274 990 1304 de
1008 1274 1106 1305 Orat.
1123 1283 1147 1305 1.
1164 1276 1218 1305 48.
1254 1274 1323 1304 ‘Ea
1339 1274 1557 1315 requiruntur

855 1333 874 1354 a
889 1334 956 1363 me,
973 1334 1112 1365 quorum
1130 1335 1203 1355 sum
1227 1325 1364 1365 ignarus
1382 1329 1483 1366 atque
1509 1325 1556 1356 in-

854 1374 987 1406 solens!
1031 1374 1205 1406 Sallustius
1221 1375 1370 1406 Prooem.
1386 1375 1473 1406 Bell.
1492 1377 1556 1407 Ca-

854 1423 904 1454 til.
929 1425 938 1440 ⁴
951 1424 1036 1457 Quae
1054 1425 1190 1455 tametsi
1208 1425 1336 1455 animus
1353 1425 1557 1465 aspernaba-

854 1476 909 1503 tur
922 1473 1067 1504 insolens
1083 1474 1244 1505 maiarum
1261 1473 1408 1505 artium.'
1438 1475 1557 1506 Erant.

853 1523 941 1555 Vide
958 1524 1158 1555 Lambinum
1178 1524 1220 1556 ad
1237 1525 1371 1556 Horatii
1400 1524 1456 1556 od.
1474 1534 1498 1557 1.
1523 1530 1555 1557 5.

852 1575 965 1605 Daris.
1022 1575 1214 1607 Insolenter
1245 1575 1341 1606 Leid.
1370 1584 1421 1616 pr.
1451 1575 1555 1607 habet

853 1624 907 1655 hic
924 1625 1077 1657 insollers.

896 1677 915 1705 4
931 1675 1140 1706 Amicissimi:
1156 1678 1331 1715 contentus,
1340 1676 1391 1715 qui
1407 1685 1445 1706 ex
1460 1676 1558 1708 variis

850 1724 1015 1763 generibes
1037 1725 1204 1765 constaret]
1257 1726 1337 1757 Non
1364 1736 1556 1766 peccavero

853 1774 887 1804 in
916 1773 1196 1814 perspicuitatem
1227 1780 1263 1806 et
1300 1776 1555 1815 simplicitatem

852 1824 1008 1863 Caesaris,
1031 1825 1058 1855 si
1083 1835 1126 1855 ex
1143 1825 1227 1856 Cod.
1244 1825 1363 1865 Cujac.
1380 1825 1459 1856 Pet.
1478 1826 1554 1858 Pal.

852 1877 888 1904 et
920 1874 1029 1914 Bong.
1067 1875 1199 1915 legam:
1237 1874 1418 1905 amicissimi
1454 1880 1556 1916 erant,

850 1926 1014 1956 conventus
1037 1924 1075 1964 is,
1090 1925 1142 1964 qui
1157 1934 1197 1955 ex
1211 1925 1319 1962 variis,
1335 1926 1387 1963 ᾂϊ.
1432 1924 1474 1955 In
1502 1935 1555 1957 co-

851 1965 982 2006 dicibus
998 1984 1080 2017 qnos
1103 1974 1175 2005 dixi
1193 1983 1253 2016 pro
1269 1974 1298 2004 is
1313 1978 1388 2005 erat
1403 1974 1444 2014 si,
1464 1975 1554 2007 haud

853 2024 956 2056 dubie
982 2025 1216 2066 depravatum.
1261 2025 1476 2068 Porrovnota
1499 2025 1554 2057 hic

855 2080 1058 2107 conventum
1073 2076 1115 2107 ab
1138 2074 1357 2107 Uticensibus
1385 2075 1466 2115 ipsis
1489 2075 1555 2106 dis-

854 2126 987 2168 tingui:
1012 2132 1051 2158 ut
1078 2126 1214 2158 credam
1244 2130 1448 2158 conventum
1476 2136 1555 2157 con—

855 2177 981 2208 stitisse
996 2186 1038 2208 ex
1062 2180 1159 2217 parte
1184 2176 1409 2215 Uticensium‚
1425 2180 1461 2207 et
1475 2176 1555 2207 civi-

853 2229 916 2261 bus
933 2229 1107 2269 Romanis,
1131 2228 1298 2270 quomodo
1323 2230 1436 2260 Caesar
1453 2238 1555 2270 supra

853 2279 918 2310 hoc
955 2279 1044 2310 libro
1080 2279 1170 2310 dixit
1205 2279 1248 2309 de
1280 2279 1554 2319 Hispalensibus,

854 2329 864 2345 ‘
879 2329 967 2369 quod
981 2328 1109 2361 factum
1125 2329 1208 2361 adeo
1220 2334 1405 2360 conventus
1421 2329 1495 2370 ejus
1512 2329 1558 2360 ci-

854 2389 912 2410 ves
927 2379 1071 2410 Romani
1089 2379 1331 2420 probaverunt,
1343 2379 1440 2410 erat.'
1457 2380 1556 2410 Tales

854 2434 967 2460 autem
1003 2432 1190 2460 conventus
1222 2428 1294 2459 fere
1331 2429 1365 2459 in
1401 2429 1556 2460 omnibus

854 2479 1034 2520 provinciis
1061 2480 1289 2510 Romanorum
1309 2477 1458 2518 fuerunt,
1475 2478 1556 2510 His-

854 2530 965 2571 pania,
997 2530 1126 2569 Gallia,
1152 2529 1280 2568 Sicilia,
1309 2528 1448 2560 Achaia.
1509 2529 1556 2559 Et

854 2580 1003 2612 arbitror
1017 2581 1050 2611 in
1075 2579 1141 2610 illis
1165 2579 1391 2610 conventibus
1407 2579 1555 2618 plerum-

855 2640 920 2672 que
936 2631 1061 2662 multos
1076 2630 1165 2661 cives
1182 2630 1349 2660 Romanos
1369 2627 1557 2666 habitasse,

854 2681 934 2722 quia
948 2681 1030 2711 illud
1047 2681 1208 2711 honorum
1222 2678 1354 2710 civitati
1365 2681 1452 2716 erat,
1463 2677 1552 2717 quod

854 2732 890 2761 in
906 2741 979 2762 eam
997 2741 1017 2762 a
1033 2730 1252 2771 praetoribus,
1269 2732 1327 2758 aut
1343 2727 1418 2757 aliis
1434 2727 1554 2768 magis-

856 2782 1002 2813 tratibus
1018 2783 1286 2813 convocarentur
1300 2777 1403 2810 totius
1419 2777 1552 2820 provin·
