1850 3109
371 168 464 198 mu.
498 166 571 196 iii.
604 165 712 194 cAP.
743 153 814 194 73.
850 165 911 193 DE
948 164 1101 193 annno
1135 166 1307 196 etvini.

122 263 182 294 lat.
205 272 265 303 qua
276 260 446 299 felicitate,
460 268 562 300 quare
579 258 627 289 sic
655 256 817 289 rescribo.

127 312 262 344 Vossius.
307 312 417 352 Supra
435 311 466 341 in
496 310 556 340 bac
573 308 692 339 eadem
711 317 746 338 re
767 308 818 338 ln-

120 363 261 394 credibili
277 361 447 399 felicitate.
493 359 592 392 Quod
623 364 657 389 et
688 357 819 389 monuit

120 413 338 449 Ciacconius;
372 420 474 452 quare
505 411 640 442 omnino
662 409 819 447 felicitate

119 463 264 505 reposui,
292 461 568 493 confirmantibus
607 462 638 492 id
682 461 819 501 iusuper

119 514 215 546 Leid.
233 523 282 554 pr.
301 518 335 544 et
353 512 439 544 Edd.
455 514 554 544 vase.
570 512 816 553 Stepliani.Gr.

119 569 208 605 post.
225 565 376 605 aliisque,
399 574 508 605 neque
534 564 633 595 aliter
662 563 818 594 exhibuit

111 615 183 655 jam
209 615 378 646 Clarkius.

164 667 201 695 17
228 665 306 703 Ejus
324 665 395 703 juri
409 665 525 705 polius]
570 666 751 696 Fortunam
770 665 817 695 in·

117 714 253 755 telligit,
268 725 354 756 qua»,
380 720 417 746 ut
441 716 594 757 queritur
608 715 704 746 Pedo
722 715 817 746 Albi-

118 775 265 797 novanus
282 767 379 806 Eleg.
401 776 424 797 1.
441 769 495 797 5-1.
541 768 549 783 ‘
569 766 736 807 Injnstum
760 767 817 807 jus

117 815 181 846 sibi
209 815 332 857 ubique
357 816 463 848 facit.'
487 816 595 848 Editt.
615 818 710 848 Rom.
730 818 817 848 ven.

117 867 279 899 Beroald.
310 868 364 899 hic
394 868 556 900 exhibent
585 870 740 900 exercitus
764 879 817 909 po-

115 917 201 953 tin-w
224 917 291 948 Ms.
317 923 430 948 autem
448 919 590 951 Norvic.
613 919 747 957 cujusvis
764 929 818 959 po-

115 967 188 998 tius.
233 967 290 998 Sic
307 972 342 998 et
359 968 414 998 alii
432 969 540 999 Codd.
585 969 653 1000 Sed
671 969 744 1000 haec
761 979 819 1000 va-

118 1018 220 1049 rietas
243 1028 285 1049 ex
302 1028 341 1049 eo
370 1023 420 1050 est
447 1024 533 1059 orta,
550 1020 638 1060 quod
664 1020 731 1051 vim
748 1020 819 1051 Cae-

116 1077 222 1098 sareae
239 1068 417 1099 locutionis
434 1078 498 1099 non
514 1074 675 1109 caperent
703 1070 820 1101 Libra-

115 1117 167 1148 rii.
213 1118 325 1149 Dacis.
370 1119 597 1149 Ciacconiano
615 1120 725 1150 codici
741 1130 818 1150 con-

116 1168 202 1199 cinit
238 1168 327 1199 solus
356 1169 531 1200 Leideusis
558 1179 626 1200 sec.
655 1170 720 1208 ejus
733 1171 817 1209 juri.

116 1219 217 1252 Quod
233 1229 313 1250 sane
328 1219 503 1260 eleganter
519 1220 647 1252 dictum
664 1222 785 1253 merito
798 1231 817 1252 a

116 1269 291 1308 Scaligero
322 1269 354 1299 in
382 1274 514 1300 textum
550 1276 727 1311 receptum
751 1276 816 1303 est.

117 1319 171 1350 Sic
188 1319 309 1350 Cicero
333 1329 395 1360 pro
418 1320 526 1351 Marc.
556 1330 586 1352 c.
604 1325 635 1352 2.
681 1322 690 1338 ‘
707 1322 817 1352 Maxi-

115 1378 203 1400 mam
240 1379 321 1401 vero
361 1375 491 1411 partem
523 1371 617 1412 quasi
648 1382 707 1402 suo
736 1372 816 1413 jure

117 1420 266 1451 Fortuna
314 1420 378 1451 sibi
412 1421 587 1452 vindicat-¹
645 1422 817 1453 Exercitus

114 1481 192 1502 curn
223 1470 309 1502 Edd.
340 1471 456 1511 primis
492 1472 619 1503 habent
651 1473 747 1503 Carr.
781 1478 816 1504 et

116 1521 225 1561 Boug.
251 1521 348 1552 cuivis
375 1522 454 1553 Bas.
484 1523 585 1554 Vasc.
611 1524 730 1564 Steph.
757 1524 816 1555 sed

115 1571 246 1609 cuiusvis
267 1576 321 1602 est
345 1571 379 1602 in
404 1572 487 1603 Mss.
511 1573 634 1604 ceteris
651 1573 819 1614 omnibus,

117 1626 155 1652 ut
183 1626 219 1652 et
246 1621 333 1652 Edd.
351 1621 443 1661 Aldi,
462 1623 621 1663 Gryphii,
646 1624 815 1655 Manutii:

116 1670 206 1712 quod
224 1679 436 1712 nequaquam
461 1677 574 1702 tamen
590 1673 817 1712 spernendum

118 1721 265 1752 videtur.
289 1722 448 1762 Sequitur
463 1722 551 1752 enim
566 1723 694 1761 statim,
723 1725 731 1740 ‘
748 1724 818 1755 sive

115 1772 267 1812 ipsorum
294 1771 509 1812 perturbatio
537 1772 607 1803 sive
633 1783 728 1804 eri-or
763 1774 821 1804 ali-‘

118 1821 206 1862 quis,
221 1822 290 1852 sive
308 1823 408 1853 etiam
424 1822 594 1853 Fortuna!

111 1884 114 1887 *
160 1873 200 1902 18
222 1871 338 1902 Locum
351 1881 383 1902 se
403 1875 468 1902 tum
483 1873 523 1903 ad
543 1873 752 1905 dimicandum
768 1876 818 1905 de-

114 1921 212 1962 disse]
244 1922 300 1953 Ita
322 1922 487 1963 Scaliger,
503 1923 559 1964 qui
587 1928 720 1955 textum
746 1935 819 1956 cor·

115 1972 207 2013 rupit
221 1973 338 2013 magis,
351 1983 451 2014 quam
467 1974 671 2005 emendavit.
704 1975 818 2006 Antea

114 2022 282 2063 scriptum
307 2024 340 2054 in
358 2024 459 2056 editis
481 2024 655 2056 codicibus
683 2032 758 2057 erat
774 2036 818 2057 se-

115 2083 233 2105 curum.
277 2074 344 2104 Sed
366 2074 400 2104 iu
418 2085 477 2106 vv.
503 2085 554 2107 cc.
582 2075 714 2107 duobus
743 2082 817 2107 erat

114 2133 227 2164 secum,
250 2125 339 2156 unde
356 2125 412 2155 ille
430 2125 513 2157 fecit
540 2136 571 2157 se
598 2129 676 2158 tum.
722 2127 817 2157 Nihil

117 2173 225 2205 miuus
259 2175 373 2214 potuit
409 2175 451 2205 ad
490 2181 638 2207 mentem
672 2177 816 2208 Caesaris

115 2223 204 2254 dici:
227 2223 310 2254 illud
340 2234 491 2263 securum,
520 2225 610 2265 quod
629 2226 662 2255 in
689 2225 816 2258 duobus

113 2273 358 2314 manuscriptis
390 2274 503 2305 Palat.
521 2280 556 2305 et
583 2276 702 2306 Petav.
721 2286 817 2317 repe-

115 2324 217 2363 ritur,
231 2324 338 2355 multo
356 2324 399 2355 ad
416 2334 530 2356 veram
546 2325 726 2356 lectionem
741 2337 817 2367 pro-

114 2373 190 2414 pius
221 2374 366 2406 accedit.
424 2376 497 2416 Ego
529 2375 641 2406 scribo
665 2377 764 2407 locum
786 2387 818 2407 se

114 2427 217 2455 tutum
247 2426 288 2456 ad
309 2425 519 2457 dimicandum
549 2427 678 2458 dedisse.
726 2427 814 2458 Nam

113 2476 178 2507 hoc
214 2477 430 2518 imperatoris
466 2483 531 2517 est,
570 2484 748 2520 praestare,
779 2486 817 2511 ut

115 2534 212 2566 aequo
241 2531 277 2558 et
303 2532 379 2559 tuto
406 2528 480 2559 loco
512 2539 659 2570 pugnam
690 2530 817 2562 milites

117 2581 305 2615 capessant.
348 2577 397 2609 At
413 2579 524 2610 locum
548 2581 816 2622 qualemcunque

116 2623 199 2655 dare
215 2628 436 2666 pugnaturis;
460 2629 494 2660 id
510 2639 591 2660 vero
615 2630 718 2660 etiam
742 2641 815 2670 pos-

116 2672 174 2712 sit,
188 2675 250 2715 qui*
261 2675 348 2707 bella
374 2687 546 2719 nunquam
564 2679 660 2710 vidit.
701 2681 817 2713 Quare

118 2731 200 2764 ergo
231 2724 273 2756 ad
301 2726 354 2757 sui
391 2729 720 2761 commendationem
752 2730 817 2761 hoc

1461 157 1571 199 1500

871 257 988 287 (sa-sar
1010 257 1125 288 dicat?
1148 258 1226 290 „lam
1246 268 1326 290 vero
1341 260 1439 291 video
1456 262 1486 291 in
1505 262 1572 294 alio

871 316 1006 347 qnoque
1022 307 1153 347 codice,
1165 318 1264 349 quem
1279 310 1404 340 Brutus
1416 313 1571 353 contulit,

871 356 937 397 legi
954 367 984 387 se
1000 361 1133 396 tantum,
1151 369 1211 399 pro
1237 369 1269 390 se
1284 370 1436 400 securum,
1464 372 1572 402 quare

870 407 1060 439 certissima
1099 415 1151 440 est
1199 411 1401 451 conjectura
1445 419 1570 446 nostra.

874 457 1008 489 Vossius.
1056 460 1163 492 Editt.
1183 466 1266 493 vett.
1288 463 1385 493 locum
1410 474 1571 496 securum:

868 508 941 540 JOS.
957 509 1110 548 Scaliger
1136 511 1245 542 edidit
1268 513 1363 543 locum
1380 523 1412 543 se
1435 517 1511 552 tum,
1528 524 1571 545 ex

868 559 1035 589 nonnullis
1046 560 1153 591 Codd.
1171 562 1226 601 qui
1243 572 1341 592 secum
1353 563 1572 595 exhibebant.

868 609 966 641 Joan.
986 611 1232 641 Freinshemius
1249 613 1290 643 ad
1318 613 1426 644 Curtii
1452 624 1500 645 iv.
1519 618 1571 647 14.

871 663 920 692 12.
944 661 1091 701 conjecit
1107 663 1200 692 locum
1221 674 1253 694 se
1269 667 1375 703 atpium
1393 666 1443 695 vcl
1460 670 1573 704 lulum,

869 721 943 752 quae
955 712 1092 752 quidem
1103 713 1293 744 emendatio
1307 715 1428 745 Vozsio
1440 715 1471 746 in
1483 727 1572 747 meu-

869 765 938 791 tcm
970 767 1120 793 venerat.
1179 763 1257 794 Pet.
1289 765 1459 795 Victorius
1493 767 1570 798 ἵεν.

869 812 965 842 Lect.
982 821 1069 843 xxx.
1087 816 1139 843 22.
1165 819 1201 844 et
1226 814 1302 845 Ald.
1322 816 1497 847 Manutius
1520 828 1570 848 ro-

869 868 1002 903 ponunt
1026 864 1123 894 locum
1149 874 1180 895 se
1196 875 1337 906 oequum;
1361 866 1420 897 sed
1438 867 1569 898 lancem

869 913 1030 954 deprimit
1061 915 1126 946 Ms.
1146 916 1286 947 Norvic.
1316 927 1413 958 quem
1445 919 1476 948 in
1507 919 1570 949 liae

869 963 1020 995 editione
1064 975 1135 995 suin
1177 972 1333 1005 secutus;
1383 978 1569 1009 pronomen

870 1014 958 1044 enim
996 1016 1206 1056 reciprocum
1245 1018 1417 1049 subaudiri
1457 1029 1567 1059 posse,

870 1066 1041 1096 sexcentis
1071 1067 1235 1107 exemplis
1263 1074 1408 1100 constat.
1454 1071 1568 1100 Duris.

870 1115 971 1146 Quod
1000 1116 1109 1147 edidit
1137 1118 1300 1158 Scaliger,
1331 1120 1499 1160 abjectum
1517 1125 1570 1151 est

870 1170 903 1194 et
921 1165 1130 1204 languidum.
1177 1169 1276 1199 Quod
1296 1169 1401 1199 voluit
1418 1170 1569 1209 Vossius,

870 1215 1025 1256 quodque
1041 1216 1170 1250 habent
1185 1218 1295 1248 Editt.
1318 1219 1413 1249 Vett.
1431 1220 1569 1250 nimium

869 1270 921 1296 est
938 1271 973 1297 et
997 1267 1154 1298 insolens.
1202 1270 1398 1310 Opportuna-s
1413 1270 1501 1301 enim
1527 1271 1570 1301 ad

868 1315 1096 1347 dimicandum
1109 1324 1224 1358 potest
1241 1329 1314 1350 esse
1331 1320 1422 1350 locus
1436 1321 1570 1361 aliquis,

868 1371 954 1398 tutus
965 1373 998 1399 et
1010 1379 1206 1400 securusuou
1222 1376 1344 1410 potest.
1366 1372 1570 1403 Veralectio

868 1418 1050 1450 manifesto
1061 1425 1111 1450 est
1126 1421 1178 1450 vel
1194 1421 1325 1451 Davisii
1337 1422 1574 1462 Iocunzcz’quum,

869 1469 919 1498 vel
938 1469 1094 1508 Mauufii,
1111 1470 1166 1510 qui
1183 1470 1301 1501 eodeni
1313 1472 1416 1509 redit,
1430 1477 1464 1503 et
1478 1472 1572 1512 paul-

867 1520 900 1550 lo
917 1525 968 1551 est
988 1521 1129 1561 plenior,
1152 1523 1333 1562 puilloque
1357 1524 1495 1563 propius
1526 1524 1569 1554 ad

869 1571 1014 1610 plurium
1028 1572 1189 1603 Codicum
1204 1574 1407 1613 scripturam
1424 1575 1572 1614 accedit,

870 1620 983 1651 Locum
1008 1631 1043 1651 se
1070 1632 1198 1662 oequum.
1248 1625 1356 1654 Clark.
1407 1625 1481 1655 Non
1511 1626 1573 1656 ‹lu—

871 1672 1045 1703 bitauduiu
1069 1680 1121 1704 est
1136 1674 1178 1705 (le
1195 1676 1431 1705 emendatione
1456 1676 1575 1706 Victo-

871 1722 909 1751 rii
925 1732 956 1752 se
968 1733 1085 1763 oequum
1098 1734 1107 1752 :
1124 1724 1246 1754 namin
1264 1725 1339 1755 Pal.
1355 1732 1390 1755 ct
1408 1727 1515 1765 Bong.
1530 1737 1573 1757 ae

870 1772 964 1802 Leid.
995 1783 1062 1804 sec.
1094 1775 1262 1814 reperitur
1286 1785 1435 1811 securum,
1466 1783 1503 1807 ut
1535 1778 1572 1808 in

870 1822 958 1853 Edd.
983 1824 1126 1863 pi·iscis;
1155 1826 1317 1855 secundum
1339 1826 1372 1856 iu
1404 1826 1502 1858 Voss.
1534 1832 1572 1857 at

867 1873 1154 1914 secuminScalig.
1184 1875 1261 1906 Pet.
1293 1876 1411 1915 Cujac.
1442 1878 1571 1909 Lovan.

869 1927 904 1953 et
918 1923 1012 1954 Leid.
1027 1933 1076 1964 pr.
1092 1934 1123 1954 se
1136 1927 1236 1955 tutum
1251 1925 1409 1965 placebat
1434 1936 1571 1967 quoque

870 1974 1065 2005 Ciaccouio.

911 2028 952 2056 22
985 2026 1231 2066 Interpellasset]
1264 2027 1319 2057 Sic
1350 2036 1392 2057 ex
1421 2027 1503 2057 Mss.
1536 2031 1575 2057 et

869 2075 964 2106 editt.
1012 2077 1105 2107 Vett.
1142 2077 1290 2108 restitui.
1335 2077 1575 2115 Recenfiores,

867 2126 1033 2166 Scaligeri
1062 2136 1210 2158 errorem
1238 2129 1293 2168 (ut
1310 2127 1446 2167 opinor)
1473 2132 1575 2167 typo-

869 2177 1066 2217 graphicum
1109 2177 1260 2208 fideliter
1295 2177 1416 2216 secuti,
1455 2177 1575 2208 edide-

870 2231 948 2258 runt
982 2228 1237 2267 interpellassent.
1301 2229 1408 2258 Clark.
1463 2227 1572 2268 Atqui

868 2277 1110 2316 interpellassent
1148 2278 1260 2308 inveni
1299 2279 1371 2318 jain
1403 2278 1436 2308 iu
1481 2277 1571 2309 Edd.

870 2327 1001 2366 Grypll.
1032 2328 1162 2358 Muuut.
1193 2328 1309 2358 Plaut.
1341 2328 1451 2358 male:
1476 2328 1571 2358 inter-

868 2379 997 2417 polwrset
1013 2378 1097 2409 Edd.
1115 2379 1230 2418 prima»
1247 2385 1280 2409 et
1297 2379 1382 2408 aliae.
1400 2378 1570 2419 Rescripsi

869 2428 1122 2468 interpellat-isset
1133 2429 1329 2460 auctoribus
1347 2430 1466 2470 anac.
1480 2429 1569 2462 Scal.

869 2478 990 2509 l'etav.
1011 2479 1104 2509 Leid.
1122 2490 1171 2519 pr.
1190 2481 1315 2511 Lovan.
1332 2486 1367 2511 et
1381 2481 1467 2511 Edd.
1486 2481 1570 2510 Vas-

869 2537 938 2558 cos.
964 2529 1080 2569 steph.
1100 2530 1231 2570 Grypli.
1247 2536 1335 2571 post.
1376 2531 1510 2571 Reliqui
1525 2532 1569 2561 ἰη-

869 2580 1071 2620 terpellussct.

912 2633 951 2659 23
978 2631 1066 2665 Quod
1077 2632 1105 2661 si
1119 2632 1339 2670 essetsactum,
1350 2631 1569 2661 ‹lctrimcnmm

868 2680 899 2709 in
927 2680 1037 2710 bonum
1065 2683 1214 2721 verteret]
1252 2681 1394 2720 Gryphii
1437 2680 1566 2710 editio:

867 2731 947 2770 quod
959 2731 987 2761 si
1003 2735 1079 2762 esset
1092 2731 1228 2770 suctum,
1244 2734 1272 2761 tt
1301 2731 1518 2761 detriimntum
1536 2730 1569 2760 in
