1850 3109
461 192 566 221 CAP.
598 180 665 220 14.
701 189 793 218 [ΑΒ.
830 188 890 218 DE
924 189 1080 218 ummo
1114 190 1310 220 uisum.

165 283 334 315 adi-marii
365 281 527 314 delendas
555 280 729 312 existimat
759 279 863 311 Scali-

166 343 234 371 ger.
282 333 438 363 Davisius
460 331 681 361 mutationem
699 330 798 361 istam
815 329 865 361 ni—

165 384 263 413 mium
281 381 476 419 arbitratus,
501 380 622 410 omissa
639 380 710 410 sola
727 379 792 409 ista
808 389 864 410 vo—

167 434 245 463 cula
261 433 323 472 qui,
346 436 478 462 ceteras
496 431 634 469 retinet,
648 430 737 461 sicut
754 434 787 460 et
805 440 864 462 uos

166 483 343 514 edidimus.
391 481 430 512 In
456 491 495 512 eo
528 487 641 512 tamen
666 481 720 511 hic
749 480 798 510 uti
829 485 863 511 ct

165 533 244 563 aiibi
274 536 366 562 errat
393 533 443 562 vir
474 532 726 569 Doctissimus3
774 531 863 572 quod

165 583 388 623 posteriorem
412 583 502 613 iliam
527 586 629 613 tumen
658 592 718 623 pro
741 583 865 612 eundem

167 633 336 664 eximium-t
354 643 426 665 esse
444 639 651 674 usurpatam.
699 634 759 664 ltst
776 633 864 664 enim

164 692 282 714 revera
299 683 387 713 aliud
412 683 493 714 nihil
517 684 578 714 nisi
608 683 781 723 repetitio,
805 691 862 722 op-

164 734 252 764 timis
270 734 466 765 auctoribus
482 734 617 771 usitata,
637 733 756 773 prioris
774 733 862 764 illius

160 788 274 821 tamen,
299 790 372 825 post
391 794 488 814 voces
510 784 583 814 illas
607 783 681 824 (etsi
793 792 862 822 pre-

160 835 334 873 nn‘bantur‘)
346 834 539 875 parenthesi
549 834 707 865 inclusas.
736 832 863 863 Verum

162 890 286 922 tamen,
311 892 346 915 ut
364 885 454 925 quod
473 894 524 916 res
551 889 616 923 est,
641 884 763 923 dicam,
787 893 862 914 cum

158 941 196 967 et
212 937 329 967 vocula
347 937 405 967 iila
427 937 480 976 qui
507 937 540 968 in
564 936 738 967 codicibus
760 935 864 966 omni-

163 985 224 1016 bus
243 987 445 1026 reperiatur,
469 996 534 1017 non
556 996 690 1026 possum
714 996 778 1017 non
795 995 861 1017 sus-

161 1036 280 1075 picari,
315 1036 432 1067 deesse
464 1037 551 1068 forte
579 1036 721 1078 aliquid,
759 1042 862 1078 atque

160 1087 209 1117 ita
233 1087 345 1127 potius
371 1087 600 1124 scribendum,
624 1091 725 1117 tumen
749 1088 863 1118 virtute

155 1136 294 1167 militum
318 1139 488 1167 nostrorum
505 1136 586 1153 *ss*
610 1136 717 1176 (forte
744 1139 865 1176 rejicie-

159 1187 285 1226 bantur,
320 1192 376 1218 aut
403 1186 531 1228 aliquid
560 1186 684 1226 simile)
712 1195 776 1220 Qm
804 1188 864 1218 etsi

157 1256 244 1266 .—-—-
258 1237 484 1277 premebantur,
508 1241 611 1268 tamen
625 1237 740 1277 repulsi
757 1239 863 1268 adver-

159 1289 247 1323 sarii.
270 1290 322 1327 ᾀϊ.
367 1289 508 1321 Judicet
540 1289 668 1320 Lector
700 1289 862 1320 eruditus.

163 1339 270 1370 Clark.
318 1340 406 1371 Dele
435 1339 515 1370 iilud
533 1343 635 1371 tamen
660 1345 695 1371 et
721 1349 863 1381 sequen-

160 1389 229 1426 tia3
269 1394 304 1419 ct
333 1389 432 1427 adde,
471 1390 598 1420 Verum
627 1395 739 1421 tamen
769 1391 863 1431 legas

158 1444 298 1479 oportet
327 1441 451 1471 tandem
477 1440 602 1481 repulsi.
648 1441 758 1472 Dacis.
791 1450 863 1472 cur.

159 1499 226 1522 sec.
274 1490 411 1521 Ciarkio
440 1491 611 1522 adsentior
644 1491 780 1531 putanti
807 1492 864 1523 aii·

161 1539 252 1581 qnod
280 1540 417 1571 verbum
445 1546 524 1572 ante
551 1540 589 1571 τὸ
619 1542 682 1582 qui,
707 1542 798 1583 quod
827 1542 862 1573 in

158 1591 243 1622 Mss.
260 1591 342 1622 meis
360 1601 490 1632 qnoque
509 1596 574 1631 est,
592 1592 770 1624 excidisse.
799 1593 856 1623 Ta-

161 1651 226 1671 men
242 1641 390 1672 seeundo
406 1641 479 1672 loco
497 1642 593 1672 deest
609 1642 704 1673 Leid.
720 1652 771 1682 pr.
797 1643 860 1674 Re-

157 1691 257 1731 pulsis
272 1691 457 1722 adversariis
470 1691 541 1722 sine
555 1701 654 1722 sensu
668 1691 750 1722 daut
767 1692 861 1724 Leid.

160 1751 228 1772 sec.
245 1741 330 1773 Edd.
342 1742 479 1773 Vascos.
492 1742 623 1783 Gryph.
639 1749 727 1783 post.
740 1744 860 1784 steph.

161 1797 193 1823 ex
210 1792 353 1824 Stradae.

203 1850 287 1872 xm.
313 1845 329 1872 1
363 1842 536 1873 Brachium
562 1843 652 1883 coepit
680 1844 720 1873 cul
742 1842 863 1883 flumen

157 1891 280 1923 Salsum
297 1891 420 1932 fucere]
447 1893 512 1923 Ms.
531 1893 670 1924 Norvic.
700 1903 759 1933 pro
778 1903 861 1925 voce

161 1945 279 1976 ultima
295 1949 520 1985 reproeseutat
534 1946 654 1984 ducere,
679 1954 718 1975 ac
746 1945 794 1976 ita
818 1946 863 1976 lo-

162 1997 218 2038 qui
247 2002 339 2029 amat
367 2002 496 2028 noster.
550 1998 606 2028 Sic
639 2007 742 2038 supra
774 2008 803 2030 c.
830 2003 860 2029 5.

160 2047 169 2063 ‘
187 2047 369 2078 Brachium
387 2047 427 2078 ad
445 2052 582 2087 pontem
594 2047 719 2079 ducere
732 2049 861 2089 coepit!

158 2095 255 2128 Infra
285 2106 315 2128 c.
342 2100 395 2128 23.
429 2101 437 2114 ‘
454 2098 636 2129 Brachium
663 2099 705 2129 ad
738 2097 861 2130 flumen

159 2146 289 2177 Salsum
307 2146 432 2178 ducere
445 2149 547 2188 coepii
560 2148 580 2185 ;’
605 2158 667 2180 nec
681 2150 778 2181 aliter
789 2160 863 2190 pas-

159 2196 222 2228 sim
236 2198 420 2237 sciiptores
437 2199 566 2237 optimi.
594 2199 706 2230 Dacis.
747 2200 864 2231 Facere

160 2248 257 2279 abest
288 2258 307 2278 a
338 2248 571 2280 Leidensibus.
627 2250 695 2281 Sed
733 2251 863 2291 optime

160 2299 260 2330 etiam
290 2299 411 2331 Petav.
437 2300 564 2331 ducere:
597 2301 686 2341 quod
716 2302 863 2341 reposui.

161 2347 229 2379 Adi
255 2349 295 2380 ad
321 2349 471 2380 Frontiu.
490 2359 513 2380 ι.
529 2354 560 2381 5.
579 2353 608 2382 1.
642 2352 650 2367 ‘
669 2351 802 2383 vanum
829 2352 862 2382 in

162 2397 297 2429 modum
328 2408 421 2430 cavae
452 2400 555 2431 Luuae
589 2400 723 2440 duxit3'
759 2407 795 2433 et
820 2402 863 2433 ad

159 2457 215 2479 ιιι.
235 2451 286 2480 17.
301 2453 332 2480 5.
355 2451 364 2466 ‘
383 2449 529 2482 brachiis
544 2451 587 2482 ab
604 2452 711 2483 latere
729 2453 863 2485 ductis?

161 2499 202 2530 B.
226 2498 335 2531 Afric.
360 2503 458 2532 c.5l.
485 2503 494 2519 ‘
511 2501 576 2534 duo
610 2504 747 2535 brachia
772 2504 864 2536 insti-

161 2550 225 2581 tuit
242 2550 344 2590 duci,'
368 2557 403 2583 et
419 2552 619 2593 saepissime.

204 2604 242 2632 10
266 2602 351 2634 Dum
366 2621 450 2626 —-—-
463 2604 606 2644 oppidum
619 2607 718 2646 potiri
732 2617 819 2647 posse
831 2617 863 2638 se

159 2653 333 2692 sperarent]
370 2652 502 2685 Auctor
529 2656 572 2686 B.
597 2655 752 2689 Africani
786 2668 862 2689 cum

163 2701 234 2731 aliis
250 2710 342 2742 saepe
355 2703 405 2734 ita
417 2704 578 2745 loquitur.
622 2705 690 2738 Adi
707 2707 747 2738 ad
765 2718 796 2740 c.
809 2711 863 2740 36.

154 2749 346 2792 ,Castellum
367 2752 420 2792 ξε.
435 2757 481 2785 est
494 2755 624 2794 potitus.
670 2757 736 2788 Hic
751 2762 864 2790 tamen

1503 181 1617 224 1655

914 279 997 311 Mss.
1017 281 1130 312 Ursin.
1149 281 1267 312 l’etav.
1288 282 1412 323 Scalig.
1431 284 1614 317 Leidenses

914 335 949 361 et
965 330 1052 361 Eud.
1072 332 1211 362 Vas-cos.
1235 332 1364 372 Grypii.
1386 338 1474 372 post.
1497 335 1614 376 Steph.

914 382 979 412 stc.
1002 380 1127 411 habent
1149 382 1265 421 oppido.
1316 381 1444 412 Eadem
1463 387 1516 413 est
1539 393 1615 414 con-

914 429 1002 461 fusio
1018 423 1108 462 infr‘a
1124 441 1153 462 c.
1173 434 1223 463 16.
1246 432 1261 472 ‘5
1288 435 1319 463 4.
1361 432 1537 463 Praeterea
1554 444 1614 474 pro

914 485 1072 521 sperarent
1089 481 1236 521 exhibui,
1252 487 1288 514 ut
1302 482 1408 522 exigit
1422 483 1534 514 Latini
1547 494 1617 515 ser-

917 532 1022 561 monis
1041 541 1127 571 usus,
1147 536 1283 572 sperant,
1305 538 1407 573 atque
1430 534 1478 564 ita
1504 539 1558 566 est
1582 535 1615 566 in

917 581 999 612 Mss.
1017 581 1250 622 hidensibus,
1273 582 1460 622 Ciacconii,
1482 588 1518 615 et
1531 585 1618 616 aliis.

916 631 955 662 ln
974 632 1096 663 Petav.
1113 637 1165 664 est
1179 633 1350 672 sperabant.
1396 633 1482 664 Vide
1507 634 1549 665 ad
1577 636 1615 666 B.

917 681 1016 722 Hisp.
1035 692 1064 713 c.
1084 685 1112 714 1.
1135 683 1144 699 ‘
1159 684 1248 714 Dum
1266 683 1381 714 Caesar
1397 683 1427 714 in
1448 684 1546 715 ltalia
1560 684 1616 715 dc-

915 732 1066 770 tinetur,’
1089 738 1123 763 et
1150 743 1215 774 quo
1239 733 1285 764 ibi
1314 734 1477 765 lectorem
1505 735 1615 766 mitto.

915 792 944 813 c.
962 786 1014 814 14.
1032 786 1040 800 ‘
1058 783 1149 814 Dum
1169 784 1300 824 longius
1317 784 1556 824 prosequitnr‚’
1581 790 1616 816 et

914 833 1046 865 millies.

959 887 997 915 14
1023 885 1204 917 Conservutz·
1332 885 1477 926 orabant]
1515 887 1616 927 Capti

914 934 967 977 (ut
985 934 1135 976 videtur)
1151 936 1302 966 nonnuiii
1319 940 1354 967 et
1381 936 1422 967 ab
1438 937 1619 977 oppidanis

915 986 1123 1025 conservati,
1163 986 1334 1018 Caesarem
1372 987 1516 1018 invicem
1555 997 1617 1028 pro

916 1036 1136 1076 Pompeianis
1168 1036 1436 1068 misericordiam
1462 1038 1617 1069 orabant.

918 1087 1025 1117 Clark.

959 1141 998 1168 17
1025 1137 1103 1177 Qui]
1143 1138 1265 1169 Petav.
1297 1137 1393 1169 Leid.
1420 1147 1487 1169 soc.
1529 1137 1616 1169 Edd.

915 1188 1017 1218 Vasc.
1046 1188 1176 1228 Gryph.
1205 1192 1293 1227 post.
1317 1188 1437 1228 Steph.
1466 1190 1531 1219 Str.
1557 1188 1615 1220 illi.

916 1237 1010 1268 Leid.
1030 1238 1126 1278 prim.
1141 1237 1198 1268 ibi.
1224 1237 1316 1278 Lege
1334 1237 1377 1269 Ιί.

958 1288 998 1318 In
1013 1288 1157 1328 oppidum
1172 1287 1385 1328 revertissent]
1411 1288 1465 1319 Ita
1488 1297 1530 1319 ex
1549 1289 1615 1321 Ma.

916 1339 1024 1379 Regio
1055 1339 1200 1370 restitui.
1257 1338 1386 1380 Estque
1415 1339 1616 1380 elegantius,

915 1398 1013 1431 quam
1040 1390 1130 1431 quod
1153 1389 1280 1422 habent
1306 1389 1412 1427 Editi‚
1435 1392 1549 1422 reuersi
1573 1401 1619 1423 es-

913 1444 990 1472 sent.
1026 1440 1135 1482 Hujus
1149 1440 1238 1471 cuim
1253 1440 1346 1471 verbi
1361 1439 1468 1473 forma
1483 1443 1618 1482 pass-iva

912 1490 946 1522 in
962 1491 1172 1530 temporibus
1186 1489 1394 1530 imperfectis
1405 1490 1617 1533 frequentius

914 1547 1056 1574 utuntur
1086 1541 1205 1582 optimi
1231 1542 1411 1583 Auctore&
1437 1544 1617 1583 revertitur,

912 1591 1136 1631 revertebatur,
1166 1596 1391 1628 rererteretur;
1425 1592 1532 1625 forma
1563 1604 1617 1626 au-

913 1649 983 1676 tem
1009 1644 1124 1675 activa
1144 1643 1356 1685 frequentius
1378 1644 1412 1674 in
1437 1643 1617 1684 perfectis,

912 1694 1036 1733 reverti,
1066 1695 1259 1732 reverterim,
1288 1695 1492 1733 revertissem,
1515 1704 1616 1726 rerer-

913 1747 990 1775 tero.
1035 1744 1102 1775 Sed
1119 1748 1155 1775 et
1172 1743 1263 1774 aliud
1282 1744 1335 1775 hic
1349 1745 1533 1776 notandum
1551 1751 1614 1777 est.

913 1795 1001 1825 Nam
1033 1794 1064 1825 iu
1103 1793 1168 1823 Ms.
1197 1793 1323 1823 Eliensi
1353 1793 1518 1833 scriptum
1552 1800 1616 1834 est,

912 1854 1003 1884 quum
1033 1843 1159 1885 oppido
1187 1844 1395 1874 revertissent.
1443 1844 1552 1876 Quam
1577 1851 1616 1877 ut

913 1904 1029 1927 veram
1047 1894 1183 1926 demum
1207 1903 1281 1925 csse
1301 1894 1482 1926 iectionem
1499 1895 1617 1927 existi-

914 1955 1054 1984 memus,
1087 1944 1170 1976 facit
1207 1945 1325 1976 similis
1362 1945 1488 1976 locutio
1527 1944 1617 1977 infra

913 2006 943 2028 c.
964 1999 1015 2027 16.
1040 1998 1048 2013 ‘
1068 1995 1195 2036 oppido
1220 2001 1457 2036 represserunt
1471 1995 1490 2027 2’
1525 1997 1615 2038 quod

912 2047 996 2077 alius
1031 2046 1187 2085 dixisset,
1229 2046 1263 2076 in
1292 2047 1449 2087 oppidum.
1511 2048 1617 2079 Clark.

914 2098 1125 2129 Revertissent
1141 2107 1215 2128 cum
1234 2097 1372 2129 Clarkio
1396 2097 1532 2129 restitui
1548 2097 1616 2128 fide

913 2148 1020 2180 Codd.
1047 2148 1170 2180 Petav.
1194 2153 1230 2179 et
1261 2148 1490 2187 Leidensium,
1519 2154 1558 2180 ut
1580 2153 1617 2180 et

913 2210 942 2231 c.
958 2202 1010 2230 18.
1046 2200 1085 2230 In
1100 2199 1244 2240 oppidum
1259 2204 1397 2230 servant
1413 2200 1491 2231 mei.
1527 2198 1617 2230 Vide

909 2248 1028 2280 xamen
1055 2250 1099 2280 ad
1128 2258 1206 2280 vm.
1232 2252 1282 2281 12.
1319 2252 1328 2266 ‘
1347 2249 1516 2281 elicerent
1539 2249 1617 2280 insi-

914 2300 976 2331 diis
992 2300 1011 2338 ;'
1037 2305 1072 2331 et
1096 2299 1186 2330 infra
1210 2310 1241 2331 c.
1258 2303 1311 2331 24.
1334 2301 1343 2317 ⁴
1359 2300 1485 2341 dejecti
1510 2300 1617 2341 plani-

915 2350 985 2381 tio:
1009 2361 1038 2381 c.
1053 2354 1105 2381 38.
1129 2351 1234 2391 ‘jugo
1251 2351 1422 2391 dejicere.’

958 2410 1033 2432 xiv.
1060 2404 1075 2432 l
1118 2402 1162 2432 Eo
1190 2402 1351 2442 proeterito
1379 2401 1530 2443 tempore]
1574 2402 1615 2433 In

915 2451 1039 2482 Petav.
1055 2451 1182 2491 Scalig.
1198 2451 1292 2483 Leid.
1309 2461 1360 2492 pr.
1377 2458 1536 2483 exaratur
1553 2452 1618 2490 ejus

911 2504 1067 2544 praeteriti
1096 2503 1254 2544 temporis.
1299 2503 1383 2535 Fors
1414 2504 1480 2542 ejus
1506 2506 1617 2542 puncto

914 2554 1071 2595 temporis.
1117 2555 1159 2585 V.
1194 2554 1314 2585 Brant.
1340 2553 1383 2584 ad
1410 2554 1451 2584 B.
1479 2554 1551 2585 Civ.
1573 2561 1614 2583 ιι.

915 2609 966 2637 14.
984 2608 1036 2637 25.
1061 2606 1102 2636 Β.
1120 2604 1229 2636 Afric.
1246 2614 1275 2636 c.
1292 2607 1343 2636 15.
1362 2604 1433 2635 Liv.
1448 2612 1504 2634 111.
1521 2606 1574 2634 27.

957 2659 976 2688 2
1000 2656 1153 2696 Falsaque
1181 2656 1236 2686 illa
1261 2653 1415 2695 opinione]
1457 2654 1509 2684 Ex
1546 2652 1613 2684 Ms-

915 2706 1022 2737 Norv.
1041 2705 1273 2746 reponendum
1290 2703 1377 2741 falsa
1391 2703 1446 2733 illa
1460 2702 1614 2742 opinione,

914 2766 991 2788 nam
1009 2756 1155 2788 delenda
1173 2759 1225 2786 est
1252 2753 1419 2796 particula
1442 2752 1616 2794 copulans,
