1850 3109
298 167 411 209 1548

297 272 349 304 dit
364 272 524 305 Davisius
539 283 581 304 ex
603 273 670 304 Ms.
688 273 829 312 Eliensi,
856 283 998 314 quocum

297 322 380 355 facit
410 323 476 354 Ms.
508 323 650 364 Regius.
696 324 789 354 Editi
821 333 1000 364 perperam

296 374 423 406 habent
439 374 471 404 in
487 384 556 414 qua.
603 374 683 405 Non
707 374 795 404 enim
820 375 851 404 in
875 374 988 412 'inriga

295 425 391 462 tione,
425 423 486 454 sed
512 423 647 464 flumine
678 428 830 462 paratam
855 425 1003 454 babebat

298 475 440 506 classem
452 484 523 506 rex.
537 474 646 504 Clark.
666 473 701 504 In
717 483 774 513 quo
787 473 890 503 etiam
906 478 957 504 est
971 474 1002 504 in

298 525 409 556 Palae
425 530 460 555 et
479 523 575 554 Leid.
591 541 612 546 —-
629 535 655 553 v.
674 533 712 553 nc
730 523 868 554 Vascos.
885 524 1002 565 Stcpb.

297 580 333 606 et
364 575 496 615 Gryph.
532 579 620 614 post.
652 573 737 604 Edd.
797 573 876 604 Non
905 584 1003 605 ansus

299 635 370 655 sum
389 630 500 655 tamen
515 631 658 656 mutare.
704 625 738 655 Si
755 624 843 655 enim
860 628 1003 665 paratum

298 676 412 716 capias
430 685 492 716 pro
509 675 581 706 bene
596 676 781 706 instructam
797 675 839 706 ad
856 685 1002 715 pugnan-

299 725 391 765 dum,
416 737 474 765 qua
502 725 603 756 facilc
630 726 770 756 retineri
792 730 916 766 potest.
964 725 1003 756 ln

298 785 364 817 qua
386 776 603 815 navigatione
631 785 688 806 scu
707 775 924 816 vxpeditionc
950 775 1004 805 ha-

300 825 404 856 bebat
420 835 478 856 rex
497 827 637 857 classem
655 836 810 867 magnam
830 831 863 856 et
882 835 1003 866 pugnae

300 882 467 917 paratam.

345 932 381 959 ll
409 928 613 968 Consedeme]
660 929 754 959 Bene
787 929 942 959 Vossian.
969 934 1004 959 et

300 978 397 1009 Leid.
430 988 480 1016 pr.
508 989 526 1008 a
555 988 654 1008 manu
685 979 792 1018 prima
817 978 1002 1008 consider-ut.

299 1027 388 1058 vide
414 1028 456 1058 ad
486 1037 562 1058 νιιι.
583 1031 634 1058 32.
681 1028 770 1059 Dein
796 1028 927 1067 planitie
956 1037 1006 1058 re-

302 1078 411 1118 posui,
435 1078 628 1109 auctoribus
645 1078 730 1108 Mss.
748 1078 832 1109 meis
850 1078 1006 1109 omnibus

300 1129 520 1170 aliorumque,
535 1129 597 1160 nisi
611 1130 700 1170 quod
719 1130 750 1159 in
766 1130 891 1160 Lovan.
907 1130 1003 1160 Leid.

301 1189 368 1211 sec.
398 1185 434 1211 et
466 1181 576 1211 Palat.
605 1190 680 1211 cum
717 1179 804 1210 leod.
833 1181 1005 1221 plerisque

299 1237 385 1263 vett.
415 1233 457 1262 sit
488 1232 655 1273 planities:
688 1232 747 1262 sed
776 1232 906 1271 planitie
930 1232 1005 1272 jam

300 1282 426 1312 habent
452 1282 551 1313 x‘asc.
582 1282 700 1322 Steph.
726 1282 857 1322 Gryph.
883 1286 1005 1322 poster.

300 1337 336 1364 et
353 1333 428 1364 alii:
459 1333 595 1373 planitia
619 1333 771 1372 Scaliger
787 1342 862 1363 cum
882 1332 1006 1363 Ursino

301 1393 343 1415 ex
367 1385 438 1424 ejus
466 1383 584 1414 codice
609 1383 753 1423 recepit,
777 1387 812 1413 et
834 1388 909 1422 post
930 1393 1005 1413 eum

300 1434 434 1475 reliqui.
472 1434 537 1464 Adi
553 1433 595 1464 ad
612 1434 652 1464 B.
671 1433 743 1465 Civ.
762 1442 786 1464 1.
804 1435 856 1464 -13,
883 1433 1007 1463 Paullo

302 1490 378 1525 post
409 1495 471 1525 pro
508 1494 622 1524 genere
661 1485 693 1514 in
734 1484 851 1525 anac.
883 1484 1005 1515 Petav.

302 1535 426 1575 Scalig.
444 1534 540 1565 Leid.
553 1544 602 1575 pr.
617 1539 652 1565 et
666 1535 762 1565 Voss.
779 1540 829 1565 est
843 1545 1007 1574 generum:

303 1584 390 1615 unde
408 1585 544 1615 videtur
560 1584 652 1615 aliud
680 1585 760 1626 qnid
786 1585 917 1623 latere;
943 1586 1006 1617 nisi

301 1635 385 1666 velis
417 1634 459 1665 ad
497 1635 711 1675 Hypallagcn
741 1645 917 1666 recurrere
945 1646 1006 1676 pro

302 1687 398 1717 variis
421 1686 586 1725 generibus
611 1686 833 1716 munitionum:
873 1686 914 1716 de
942 1695 1008 1727 qua

304 1737 382 1769 vide
400 1737 442 1768 ad
461 1746 512 1769 iv.
529 1740 581 1768 25.

346 1798 448 1820 xxm.
473 1792 512 1820 12
549 1789 686 1828 Partim,
718 1788 787 1829 isc]
831 1789 1008 1820 Manutius

303 1839 487 1880 legendum
511 1839 689 1871 contendit
707 1839 833 1879 ruptim.
881 1840 1009 1870 Forsan

304 1891 381 1932 quia
409 1890 570 1930 credidit,
602 1890 687 1920 lianc
723 1890 873 1920 voculam
905 1891 1008 1920 semel

303 1942 383 1981 poni
400 1951 465 1972 non
480 1949 592 1981 posse,
615 1940 675 1971 sed
700 1940 825 1971 iterum
850 1940 1008 1980 subjungi

305 1991 431 2023 debere
444 1991 575 2032 partim.
621 1991 748 2021 Verum
766 1990 828 2021 lioc
845 2000 909 2021 non
926 1999 1008 2031 opus

303 2048 366 2074 est.
412 2042 505 2082 Vult,
529 2042 773 2073 Germanorum
792 2047 925 2082 partem
951 2041 1008 2072 ali-

307 2103 406 2134 quam
423 2102 484 2133 per
503 2092 586 2123 vada
601 2090 724 2122 flumen
743 2092 917 2131 transisse,
933 2101 1009 2131 par-

304 2149 373 2175 tem
398 2149 562 2182 tranasse,
591 2142 648 2172 ubi
672 2141 885 2172 demissiores
910 2147 1009 2173 erant

306 2194 390 2234 ripae
407 2205 414 2225 2
451 2203 514 2224 nec
530 2193 656 2230 obstet,
681 2192 770 2233 quod
787 2193 890 2223 semel
910 2192 1008 2222 modo

306 2249 454 2284 ponatur
466 2243 595 2283 partim.
626 2242 713 2272 vide
729 2252 803 2283 quae
817 2243 1008 2273 notavimus

307 2294 348 2324 ad
378 2303 458 2325 vni.
474 2298 503 2324 5.
541 2294 549 2309 ‘
567 2293 608 2324 In
633 2297 726 2323 tecta
749 2293 874 2333 partim
899 2292 1010 2323 Gallo-

306 2356 392 2385 rum,
414 2346 538 2386 partim
566 2356 641 2386 quae
664 2345 830 2385 conjectis
847 2351 1010 2376 stramen-

313 2396 377 2433 tis‚‘
402 2398 467 2427 ἃς.
493 2396 549 2426 ubi
571 2396 603 2426 iu
621 2395 704 2425 Mss.
722 2396 892 2426 nonnullis
908 2396 1010 2426 etiam

309 2447 418 2488 primo
441 2447 514 2478 loco
539 2445 638 2476 deest
659 2446 787 2486 partim.
833 2445 955 2476 Cicero
978 2446 1010 2476 in

307 2499 406 2529 Verr-
425 2506 466 2528 11.
483 2499 536 2527 05.
561 2499 569 2512 ‘
587 2496 720 2526 statuae
745 2495 776 2525 in
803 2496 884 2526 locis
904 2496 1012 2535 publi-

307 2549 352 2580 cis
378 2547 512 2588 positae,
538 2546 663 2586 partim
690 2545 793 2575 etiam
823 2545 855 2575 in
883 2545 1012 2577 aedibus

307 2597 438 2630 sacris.’
473 2596 561 2627 Vide
589 2595 636 2626 ibi
671 2595 893 2634 Lambinum3
918 2596 1011 2627 Cort.

310 2649 352 2681 ad
369 2647 450 2680 Sall.
464 2647 505 2678 B.
519 2648 596 2678 Cat.
614 2649 669 2676 50.
691 2648 700 2663 ‘
719 2646 842 2686 partim
857 2647 1012 2686 exquire-

311 2699 393 2730 bant
404 2697 506 2728 duces
520 2695 539 2726 ι’
563 2700 599 2726 et
613 2695 684 2726 Cel.
698 2695 815 2726 Burm.
829 2696 869 2726 ad
886 2696 1012 2728 Quinc-

312 2749 362 2782 til,
381 2747 481 2780 Decl.
500 2755 536 2778 x.
555 2748 607 2778 17.
630 2747 638 2762 ⁴
655 2746 778 2787 partim
806 2751 864 2778 aut
890 2746 1012 2778 dolori-

783 178 923 209 NOTAE
957 179 1178 210 VARmRU
1188 180 1218 209 M
1256 179 1306 209 ΙΝ

1051 275 1112 306 bus
1143 274 1233 306 affici
1274 278 1333 306 aut
1372 278 1550 306 senectute
1589 274 1753 308 dissolvi)

1052 325 1152 357 Adde.
1171 327 1319 358 Hirtium
1338 324 1462 357 rursus*
1476 326 1515 358 B.
1534 326 1640 358 Afric.
1655 336 1686 359 c.
1699 330 1753 367 62,

1051 377 1250 417 ιιιιίὶίῑίὺιις»,
1282 379 1474 418 passimque
1504 378 1537 409 in
1569 378 1668 409 litore
1699 388 1755 410 va-

1053 428 1222 467 gantibus,
1263 428 1384 468 partim
1415 428 1448 458 iu
1486 428 1649 468 oppidum
1682 438 1757 469 pro-

1054 478 1201 516 gressis.’
1246 477 1345 509 Adde
1374 479 1414 509 B.
1438 478 1571 519 Hispan
1598 488 1628 511 c.
1651 482 1683 510 3.
1701 481 1755 511 84.

1054 531 1107 559 37.

1100 580 1138 608 13
1170 578 1298 616 Magnis
1335 579 1503 617 arboribus,
1539 579 1651 611 excisis

1053 627 1213 667 projectis]
1228 627 1372 659 Codices
1390 629 1541 659 nonnulli
1556 632 1585 660 et
1601 630 1758 670 projectis.

1054 679 1121 709 Sed
1161 679 1269 710 minus
1317 680 1504 720 eleganter.
1565 681 1756 721 Usurpatur

1054 729 1141 759 enim
1161 729 1358 769 praecedens
1383 731 1508 767 excisis,
1532 740 1596 761 non
1620 737 1657 762 ut
1675 731 1758 762 Par·

1056 780 1223 819 ticipiu1n‚
1234 780 1292 811 sed
1307 786 1343 812 ut
1357 781 1588 821 Adjectivum.
1633 781 1759 814 Similis

1055 831 1264 862 constructio
1293 841 1396 872 supra
1426 840 1481 862 111.
1516 834 1566 862 10.
1606 833 1614 848 ⁴
1637 832 1759 873 Neque

1055 885 1133 910 ante
1161 881 1328 920 prothum,
1356 881 1388 911 in
1420 882 1593 912 'sliessalia
1620 881 1760 921 facttum

1056 932 1252 970 cognitu1n‚'
1277 938 1342 963 sc.
1391 933 1498 963 Clark.
1546 933 1621 964 Hoc
1639 933 1759 964 eodem

1057 982 1202 1021 Capite:
1241 983 1249 998 ‘
1268 983 1455 1022 Expeditos
1484 983 1637 1014 delectos
1668 984 1760 1024 pedi-

1057 1037 1108 1062 tes
1120 1031 1139 1062 ι’
1164 1038 1197 1062 et
1214 1033 1261 1063 ita
1274 1043 1366 1073 sa’pe
1379 1033 1522 1064 Hirtius.
1538 1034 1579 1064 V.
1594 1043 1624 1064 c.
1637 1036 1688 1065 74.
1704 1037 1757 1065 76.

1057 1081 1299 1121 Nihilominus,
1348 1084 1375 1114 si
1416 1084 1500 1114 Mss.
1548 1084 1762 1124 addicerent,

1057 1133 1189 1162 mallem
1212 1133 1275 1163 hoc
1302 1134 1376 1164 loco
1401 1144 1476 1164 cum
1503 1134 1684 1165 Ciacconio
1705 1134 1762 1166 de-

1057 1182 1126 1213 lere
1146 1192 1262 1213 voccm
1279 1184 1409 1214 excisis.-
1439 1183 1528 1224 quod
1558 1190 1652 1214 certe
1679 1184 1761 1215 satis

1057 1232 1322 1272 subintelligitur
1341 1244 1348 1264 ι
1373 1244 1475 1274 quum
1500 1235 1639 1265 arbores
1659 1244 1762 1275 super

1056 1280 1195 1313 flumine
1237 1283 1404 1323 projicere
1457 1293 1521 1314 non
1559 1288 1763 1326 potuerunt,

1058 1331 1122 1362 nisi
1138 1332 1230 1372 prins
1246 1332 1467 1363 excidissent.
1501 1333 1640 1374 Alioqui
1655 1334 1761 1366 lectio

1057 1386 1088 1412 et
1110 1382 1270 1423 projectis,
1296 1393 1396 1424 quan]
1423 1390 1616 1425 propugnat
1640 1385 1760 1417 Brant.

1059 1444 1075 1463 e
1103 1445 1163 1465 suo
1188 1435 1319 1474 codice,
1343 1440 1378 1466 et
1404 1435 1608 1467 confirmant
1631 1437 1760 1469 Lovan.

1059 1485 1168 1515 Palat.
1192 1495 1230 1516 ac
1256 1486 1350 1516 Leid.
1376 1496 1444 1516 sec.
1462 1486 1566 1527 magis
1585 1487 1712 1527 placet,
1735 1488 1763 1519 si

1057 1536 1170 1566 excisis
1207 1542 1282 1576 post
1319 1537 1531 1575 contingerent
1564 1544 1760 1577 poneretur.

1058 1586 1097 1616 B.
1115 1586 1188 1617 Civ.
1219 1595 1256 1617 11.
1278 1590 1328 1618 15.
1361 1588 1369 1603 ‘
1389 1586 1556 1617 Omnibus
1584 1587 1762 1620 arboribus

1058 1636 1157 1676 longe
1174 1636 1310 1677 lateque
1327 1636 1360 1666 in
1377 1636 1496 1668 sinibus
1515 1637 1564 1668 M.
1589 1638 1711 1669 excisis
1727 1643 1762 1670 et

1059 1687 1258 1718 convectis?

1103 1746 1193 1768 xxx.
1216 1740 1236 1767 ⁴
1273 1737 1473 1778 Adverterct]
1526 1738 1604 1770 Pet.
1647 1739 1762 1771 Palat.

1060 1788 1168 1828 Bong.
1191 1787 1289 1819 Leid.
1314 1798 1382 1820 sec.
1399 1790 1496 1819 Voss.
1513 1789 1577 1821 Ed.
1602 1790 1763 1821 Beroaldi

1059 1839 1330 1870 animmsterteret.
1370 1839 1510 1870 Rectius
1527 1840 1614 1870 Scal.
1625 1840 1764 1872 (mimum

1059 1891 1255 1920 adverteret.-
1279 1889 1369 1930 qnod
1397 1895 1429 1920 et
1455 1889 1508 1919 liic.
1537 1888 1609 1920 sere
1627 1900 1764 1931 reposu·

1058 1940 1170 1976 issem,
1194 1944 1231 1970 ut
1259 1940 1441 1970 innumeris
1464 1940 1582 1971 horum
1599 1950 1766 1972 commen-

1061 1990 1223 2020 tariorum
1254 1990 1358 2020 locis:
1404 1995 1439 2022 et
1483 1990 1599 2021 statim
1631 2001 1662 2022 c.
1691 2002 1762 2033 seq.

1061 2041 1207 2072 Consule
1235 2040 1276 2071 ad
1305 2041 1345 2071 B.
1373 2041 1414 2072 G.
1448 2049 1472 2071 1.
1496 2044 1549 2071 23.
1594 2041 1660 2072 Sed
1687 2051 1763 2073 cum

1062 2092 1157 2123 Leid.
1173 2102 1224 2132 pr.
1241 2098 1276 2123 et
1291 2093 1416 2123 Lovan.
1435 2091 1603 2122 retineant
1619 2092 1765 2132 simplex

1061 2145 1246 2182 adverteret,
1269 2143 1402 2174 cautius
1419 2152 1491 2173 esse
1509 2142 1601 2179 duxi,
1613 2143 1764 2184 vulgato,

1062 2194 1149 2235 qnod
1168 2203 1265 2234 aeque
1284 2194 1424 2234 probum
1445 2198 1509 2232 est,
1533 2194 1763 2234 acquiescere.

1061 2244 1150 2274 vide
1177 2243 1218 2273 ad
1250 2244 1291 2274 B.
1315 2243 1359 2274 G.
1392 2252 1444 2273 lv.
1469 2245 1521 2273 26.
1568 2243 1764 2274 Praesertim

1061 2304 1136 2325 cuni
1163 2295 1323 2325 advertere
1353 2302 1482 2324 amasse
1506 2292 1663 2324 videatur
1687 2293 1766 2325 Hir-

1063 2345 1139 2376 tius.
1185 2344 1253 2376 Adi
1281 2344 1383 2375 etiam
1413 2342 1455 2373 ad
1483 2352 1563 2374 vm.
1592 2345 1641 2374 16.
1673 2343 1764 2375 ‘Vix

1063 2401 1178 2435 partes
1216 2394 1437 2424 adverterent
1469 2403 1631 2435 equorum
1648 2393 1668 2425 :'
1706 2394 1763 2426 ubi

1063 2445 1164 2484 vulgo
1179 2444 1282 2474 etiam
1297 2444 1436 2475 ιιηίιηαεί.

1108 2498 1145 2524 10
1171 2494 1375 2534 Brachiisque
1399 2505 1467 2525 cum
1490 2504 1579 2534 opere
1594 2497 1763 2526 castrorum

1063 2543 1278 2583 conjunxerat]
1310 2544 1449 2574 Brachia
1466 2545 1517 2575 liic
1542 2546 1763 2586 μεταφορικῶς,

1065 2604 1126 2635 pro
1165 2595 1278 2625 curvis
1302 2595 1543 2626 munitionibus
1571 2595 1604 2626 in
1633 2595 1763 2627 brachi-

1064 2655 1157 2675 orum
1174 2646 1396 2675 humanorum
1422 2644 1676 2677 similitudinem
1697 2645 1764 2678 for·

1065 2696 1162 2725 matis
1179 2694 1290 2735 accipi
1313 2694 1482 2731 videntur,
1509 2701 1547 2726 ut
1563 2695 1596 2726 in
1614 2696 1670 2727 illo
1688 2696 1764 2728 vn·-

1065 2745 1135 2786 gilii
1151 2745 1224 2776 AEn.
1237 2754 1292 2777 111.
1310 2755 1358 2777 vs.
1373 2748 1447 2778 535.
1470 2747 1478 2762 ‘
1495 2746 1630 2787 gemino
1645 2746 1763 2779 demit·
