1893 3109
240 164 353 206 1416
707 175 849 206 norst:
882 175 1145 207 unionum
1179 177 1229 208 IN

242 270 364 312 quibus
380 270 544 311 pleraque
561 280 656 302 sacra
682 272 822 303 Romani
846 281 940 304 acee-

239 329 334 360 pere.
396 320 533 352 Interea
563 321 734 353 deducere
766 332 831 353 non
854 323 940 353 male

180 372 185 374 '
239 370 349 410 possis
363 380 382 401 a
395 371 494 409 φαλὰ,
507 373 674 413 quomodo
693 378 815 403 vocant
828 371 941 410 κόσμος

238 421 294 458 τῆς
307 421 557 461 περικεφάλαιας.
604 422 671 452 Ant
689 432 708 452 a
724 422 835 460 φαλιὸς
853 423 940 462 quod

239 471 341 502 album
359 477 452 502 notat
469 483 476 502 ι
502 482 576 502 nani
589 472 598 487 ‘
610 471 738 510 int'ula‚‘
754 472 863 513 inquit
879 472 941 502 Isi-

239 520 354 560 dorus,
378 523 386 538 ‘⁴
405 527 456 552 est
482 521 621 551 fasciola
644 520 864 552 sacerdotalis
888 531 941 552 ca-

240 573 320 612 pitis
359 572 434 603 alba
472 572 504 601 in
544 572 678 602 modum
716 572 941 603 diadematis!

239 622 364 651 Verum
392 621 434 651 ad
461 622 598 652 Festum
624 627 661 652 nt
688 621 877 660 redeamus,
899 622 942 652 de

237 670 472 702 sacerdotibus
500 677 535 701 et
557 671 674 703 hostiis
691 676 806 702 notum
823 681 879 703 eos
897 672 943 702 in-

238 721 316 753 fulis
333 723 435 753 velari
449 724 576 754 solitos.
624 724 670 755 At
695 725 821 765 templa
838 725 941 756 velari

240 773 334 804 vittis
361 774 431 814 quis
462 774 634 815 prodidit?
673 774 837 805 Profecto
862 775 941 806 nihil

240 833 386 864 unquam
418 825 485 855 tale
516 825 594 865 legi,
622 831 655 856 et
687 835 802 856 sanum
830 826 940 856 locum

239 883 312 905 esse
336 885 378 906 ne
396 874 467 915 ipsa
493 875 626 915 quidem
641 875 745 914 Ὑγεία
763 876 841 906 mihi
865 886 939 916 per-

238 928 404 958 suaserit:
422 928 564 958 emendo
576 928 787 959 confidenter
798 928 861 959 hoc
875 938 942 958 mo-

239 976 283 1007 do
296 988 303 1007 2
338 977 451 1015 Insulce
465 978 707 1017 suntfilamenta
723 980 821 1014 lanea,
835 978 943 1017 quibus

237 1028 408 1057 sacerdotes
431 1031 459 1058 et
479 1028 586 1058 hostioe
600 1031 736 1068 tempora
752 1028 942 1059 velabantur.

239 1075 403 1107 Conferat
435 1077 491 1117 qui
524 1078 615 1108 volet
645 1078 748 1109 verba
780 1078 872 1110 Festi
909 1083 943 1110 et

237 1127 413 1166 Varronis,
430 1137 496 1158 nou
511 1127 632 1159 dubito
656 1128 735 1168 quin
760 1129 941 1160 veritatem

239 1177 449 1217 conjecturae
462 1176 561 1208 facile
575 1177 868 1208 animadversurus
878 1179 941 1210 sit:

238 1236 316 1258 nam
343 1231 479 1268 tempora
496 1229 585 1259 vittis
598 1230 698 1260 velare
725 1233 778 1260 est
802 1228 944 1260 familia·

239 1278 381 1316 rissima‚
398 1285 434 1310 et
457 1281 595 1320 propria
619 1286 773 1311 veterum
789 1280 919 1321 phrasis
934 1292 941 1311 :

240 1328 330 1358 unde
369 1329 489 1359 Maro:
537 1330 545 1346 ‘
571 1329 752 1361 redimibat
789 1335 944 1371 tempora

238 1378 349 1409 vitta!
397 1379 441 1409 Et
458 1378 505 1409 sic
527 1378 693 1410 innumeri
711 1385 858 1411 autores.
903 1381 944 1412 In

238 1429 370 1469 glossis,
386 1439 459 1470 qum
477 1429 608 1460 Isidoro
623 1431 722 1471 vulgo
739 1431 944 1476 tribuuntur,

237 1480 315 1521 lego
331 1480 340 1496 ‘
357 1478 468 1510 Insula
484 1481 705 1512 sacerdotalis
722 1481 821 1521 vitta,
838 1487 872 1514 et
889 1483 945 1514 ad-

237 1530 443 1561 ministratio
459 1530 657 1571 judicialis.’
701 1532 800 1564 Quod
816 1533 941 1564 miror:

237 1581 294 1612 liic
323 1580 462 1612 infulam
495 1581 561 1613 dici
593 1583 727 1622 vittam,
762 1592 838 1613 curn
869 1583 942 1623 ipse

238 1631 391 1662 Isidorus
418 1640 498 1663 xix.
528 1635 580 1663 30.
609 1633 707 1674 Orig.
727 1633 788 1672 ait,
811 1634 820 1650 ‘
837 1634 879 1665 ab
897 1635 944 1665 in-

237 1680 308 1713 fula
336 1682 431 1713 vittae
455 1682 498 1713 ab
524 1688 669 1724 utraque
696 1690 792 1724 parte
817 1684 943 1725 depen-

239 1732 345 1764 dent!
401 1733 468 1764 Sed
496 1734 652 1764 excusari
674 1739 803 1774 potest,
829 1735 854 1765 si
881 1735 944 1766 vit·

237 1788 308 1814 tam
324 1783 378 1814 hic
396 1784 585 1824 generatim
611 1784 764 1816 dicamus
789 1795 851 1826 pro
875 1786 944 1817 dia-

237 1834 374 1865 demate
391 1840 450 1865 aut
470 1834 668 1865 redimiculo
693 1836 784 1875 poni.
831 1836 943 1868 Etiam

237 1885 272 1915 in
292 1885 418 1916 Glossis
435 1885 557 1915 nostris
574 1885 658 1915 Mss.
682 1886 690 1901 ‘
710 1885 820 1916 Int'ola
847 1886 943 1917 vittm

238 1935 479 1973 sacer(lotnm‚’
501 1939 535 1965 et
557 1934 566 1950 ‘
586 1933 695 1966 Infola
720 1935 943 1966 amministra-

238 1985 288 2016 tio
315 1983 560 2015 sacerdotalis.'
624 1986 798 2017 Quantum
823 1986 864 2016 ad
885 1986 945 2017 illa

236 2035 343 2066 verba
365 2034 529 2072 judicialis
557 2034 799 2075 administratio,
834 2035 946 2066 innuit

240 2095 374 2128 quoque
390 2086 608 2126 magistratus
631 2090 665 2116 et
690 2085 852 2125 praesides
869 2095 944 2127 pro-

239 2135 428 2167 vinciarum
445 2135 560 2166 infulis
577 2136 694 2166 solitos
713 2136 839 2167 ornari.
877 2137 945 2167 Un-

239 2186 283 2218 de
298 2186 332 2217 in
349 2186 485 2217 Novell.
501 2186 668 2217 Theodos·
692 2190 727 2217 et
747 2186 885 2217 Valent.
906 2187 943 2217 T.

239 2237 283 2269 de
300 2237 435 2269 metatis
450 2247 483 2278 p.
500 2239 572 2268 567.
595 2237 604 2253 ⁴
623 2241 692 2267 tarn
709 2237 944 2268 Consularium

238 2288 398 2327 virorum,
437 2296 537 2328 quam
575 2285 791 2327 praefecturae
830 2285 945 2316 infulis

239 2337 459 2369 ornatorum.’
502 2336 703 2377 Spartianus
728 2338 762 2368 in
788 2337 859 2368 vita
875 2337 944 2368 Ha-

241 2387 350 2418 driani
378 2397 411 2427 p.
427 2389 458 2417 4.
480 2387 490 2404 ‘
508 2387 594 2418 Post
618 2387 835 2418 Mauritaniae
862 2397 946 2427 prae-

239 2437 407 2469 secturam
435 2436 549 2468 infulis
578 2441 734 2468 ornatum
763 2437 945 2469 Pannoniae

240 2488 430 2529 Daciaeque
477 2486 657 2528 praefecit.'
723 2487 865 2518 Ursinus
903 2488 945 2519 ad

238 2539 329 2571 hunc
345 2539 456 2569 locum
480 2537 623 2569 Caesaris
641 2537 689 2568 ait
704 2536 827 2568 infulas
850 2538 946 2569 Grae-

241 2589 290 2621 eis
306 2588 419 2620 vocari
436 2586 602 2628 ἴκετηρίους
617 2586 759 2619 κλάδους.
803 2588 871 2619 Sed
892 2599 945 2620 noe

240 2641 299 2673 ille
316 2641 592 2682 Paraphrastem,
617 2640 683 2671 imo
698 2649 836 2680 prorsus
860 2639 946 2671 obli-

242 2697 314 2723 tum
355 2691 554 2732 interpretis
583 2691 705 2732 egerit,
735 2691 794 2733 qui
830 2690 888 2722 ubi
910 2690 945 2721 in

244 2742 368 2774 Graeco
398 2742 567 2784 scriptore
601 2746 761 2776 occurrat
790 2739 946 2781 ἴκετηρίων

991 269 1110 301 κλάδων
1133 272 1273 307 mentio,
1291 274 1426 301 vertere
1455 270 1538 301 velit
1565 271 1693 308 insulas.

993 323 1104 353 Multo
1135 323 1351 363 praestiiissct
1382 323 1495 354 dicere
1531 323 1696 362 στέμματα

993 374 1123 405 Gra‘cis
1140 380 1257 406 vocata
1273 386 1280 406 z
1307 385 1381 406 nam
1399 386 1446 406 ea*
1463 386 1541 406 vere
1554 375 1694 414 inl'ulae;

993 428 1027 455 et
1058 425 1134 455 hine
1166 426 1198 455 in
1227 427 1355 456 Glossis
1386 426 1518 457 Philox.
1571 425 1695 467 Jnsaloe,

993 473 1166 512 στέμματα.
1214 476 1330 516 ltaque
1359 476 1478 506 eodem
1505 476 1602 507 modo
1626 485 1694 517 quo

993 525 1046 555 hic
1065 525 1296 555 Massilienses
1315 525 1429 555 infulis
1447 527 1495 556 usi
1523 526 1696 566 dicuntur,

994 574 1043 605 ita
1070 575 1158 615 apud
1177 576 1359 606 Homerum
1389 587 1408 605 α
1426 576 1524 607 Iliad.
1548 576 1694 616 Chryses

993 625 1161 664 sacerdos,
1191 624 1434 663 Agamemnoni
1468 626 1695 666 supplicatum

993 676 1098 713 venit,
1113 675 1267 713 Στεμματ’
1284 674 1364 713 ἔχων
1376 675 1408 705 ἐν
1419 675 1527 714 χερσὶν
1542 674 1697 712 ἑκηβόλου

992 724 1196 756 Ἀπόλλωνος.
1256 725 1323 756 Ubi
1340 725 1538 755 Eustatbius
1555 724 1603 755 ait
1618 733 1696 755 cum

994 785 1119 806 corona
1149 775 1344 810 accessisse,
1376 778 1413 804 ut
1444 775 1623 815 majestate
1661 779 1697 805 et

993 827 1188 858 reverentia
1217 826 1382 867 Apollinis
1410 831 1616 866 moxeretur,
1639 836 1696 857 cu·

987 877 1046 916 jus
1063 886 1222 908 coronam
1237 877 1388 908 habebat
1405 877 1564 917 Chryses.
1609 878 1700 910 Qua-

993 928 1041 958 les
1059 928 1183 958 laedere
1199 927 1295 958 nefas
1312 933 1407 959 erat:
1445 927 1535 958 unde
1558 928 1634 959 AEn.
1657 936 1698 958 11.

992 980 1067 1008 429.
1105 979 1113 993 ‘
1133 988 1195 1008 nee
1225 983 1259 1008 te
1295 982 1353 1008 tua
1384 977 1528 1017 plurima
1559 978 1697 1008 Panthu

993 1028 1183 1059 Labentem
1213 1029 1338 1069 pietas,
1369 1038 1432 1060 nec
1461 1028 1626 1070 Apollinis
1650 1029 1699 1060 iu-

992 1078 1061 1109 sula
1079 1079 1188 1110 texit.’
1240 1080 1374 1110 Vossius.

1039 1132 1077 1159 10
1099 1129 1128 1160 A
1159 1129 1350 1170 defensione]
1394 1130 1516 1160 PetaV.
1548 1133 1582 1161 et
1615 1130 1698 1161 LOV.

994 1188 1068 1210 cum
1090 1179 1187 1210 Voss.
1217 1180 1254 1210 ab
1278 1179 1340 1215 def.
1365 1179 1424 1209 sed
1456 1179 1552 1210 Leid.
1579 1189 1631 1220 pr.
1657 1180 1699 1210 ad

993 1229 1210 1267 defensionem.
1271 1231 1376 1261 Solita
1415 1231 1546 1262 scilieet
1583 1230 1699 1262 confu-

995 1279 1088 1310 sione
1103 1281 1164 1310 τῶν
1179 1280 1217 1310 ab
1231 1285 1266 1310 et
1278 1282 1336 1310 aa:
1353 1280 1414 1310 nisi
1432 1280 1512 1311 velis
1524 1290 1699 1321 exponere

994 1330 1073 1369 quod
1089 1331 1128 1359 ad
1150 1329 1364 1367 defensionem.
1407 1330 1495 1361 vide
1525 1331 1569 1361 ad
1595 1332 1635 1361 Β.
1653 1331 1699 1364 G.

995 1387 1029 1409 v.
1047 1382 1078 1410 9.
1102 1380 1111 1396 ⁴
1126 1380 1179 1409 Ne
1195 1379 1370 1410 nocturnis
1386 1379 1523 1420 quidem
1540 1381 1700 1421 tempori-

996 1428 1056 1459 bus
1071 1429 1113 1460 ad
1130 1429 1280 1460 laborem
1297 1429 1439 1460 militnm
1454 1430 1677 1462 intermissis.’

1040 1483 1078 1510 14
1102 1479 1164 1520 Spe
1191 1482 1305 1520 proedoe
1334 1481 1561 1521 inrumperent]
1614 1482 1699 1514 Lov.

997 1529 1091 1560 Leid.
1123 1540 1174 1570 pr.
1203 1540 1271 1562 sec.
1303 1531 1401 1562 Voss.
1441 1532 1550 1562 Dorv.
1583 1532 1697 1564 Palat.

995 1580 1103 1620 Bong.
1127 1579 1168 1611 Se
1187 1582 1316 1620 proedoe.
1370 1581 1470 1612 Unde
1497 1581 1619 1612 merito
1647 1582 1700 1614 Cl.

995 1630 1261 1671 Drakenburgio
1280 1631 1414 1663 videtur
1429 1632 1594 1663 excidisse
1613 1630 1651 1661 τὸ
1666 1642 1700 1664 se

996 1685 1066 1711 tum
1081 1681 1124 1711 ob
1141 1682 1320 1712 locutionis
1332 1682 1557 1721 insolentiam,
1571 1686 1640 1712 tuni
1653 1682 1699 1714 ob

995 1730 1204 1762 vicinitatem
1221 1732 1276 1761 τοῦ
1291 1741 1352 1772 spe.
1399 1731 1454 1762 Ill.
1472 1731 1575 1762 etiam
1593 1731 1705 1771 Heia-¹

995 1780 1063 1811 sius
1078 1781 1221 1822 margini
1237 1782 1414 1813 adleverat
1430 1782 1495 1823 leg.
1510 1792 1542 1813 se
1556 1792 1607 1823 spe
1618 1792 1700 1823 prce-

994 1832 1054 1861 doe.
1101 1832 1109 1848 ‘
1123 1831 1165 1862 Se
1179 1831 1395 1871 im·umpe1·e‚’
1413 1836 1450 1862 ut
1466 1842 1496 1862 c.
1514 1834 1564 1862 14.
1587 1833 1596 1849 ‘
1616 1833 1701 1863 Por-

997 1880 1039 1910 tis
1066 1890 1138 1911 sese
1165 1879 1254 1911 foras
1286 1885 1467 1921 erumpunt
1481 1881 1500 1911 ι’
1529 1881 1587 1911 nbi
1619 1881 1698 1914 vide

997 1931 1127 1961 Connn.
1141 1931 1328 1970 ciacconii,
1339 1931 1488 1970 Cellarii‚
1498 1936 1533 1962 et
1545 1932 1700 1973 aliorum,

997 1990 1035 2011 ac
1054 1981 1206 2011 laudatos
1224 1981 1312 2011 viros
1337 1981 1378 2011 ad
1406 1982 1522 2012 Silium
1542 1990 1607 2013 xn.
1621 1984 1697 2013 437.

998 2029 1102 2068 Quid,
1130 2031 1158 2060 si
1185 2040 1227 2061 ne
1258 2030 1391 2071 quidem
1408 2040 1547 2062 neccsse
1571 2036 1624 2062 est
1649 2041 1701 2071 spe

997 2079 1161 2110 retineri?
1185 2085 1221 2110 ut
1235 2081 1350 2120 prcedoe
1366 2080 1399 2110 in
1415 2080 1580 2111 Genitivo
1593 2090 1701 2113 suma—

999 2135 1055 2161 tur
1072 2140 1134 2171 per
1156 2131 1291 2171 ellipsin
1307 2131 1362 2161 τοῦ
1384 2141 1504 2170 caussa,
1519 2130 1625 2163 ἕνεκα;
1649 2132 1701 2164 uti

990 2181 1060 2222 jam
1078 2190 1169 2222 saepe
1186 2181 1218 2211 in
1236 2182 1370 2212 Caesare
1388 2182 1577 2213 habuimus.
1623 2183 1701 2215 Dis-

997 2231 1103 2271 piciat
1129 2231 1249 2270 lector,
1277 2231 1447 2272 adeatque
1477 2233 1634 2264 conlecta
1656 2233 1699 2264 B.

997 2283 1085 2315 Gall.
1102 2293 1152 2314 lv.
1172 2287 1201 2315 l.
1226 2284 1299 2324 Ego
1324 2288 1438 2315 tamen
1462 2284 1578 2315 malim
1600 2295 1633 2315 se
1647 2294 1700 2325 spe

992 2335 1119 2375 proedae.

1041 2388 1082 2416 16
1118 2385 1161 2415 Ut
1188 2384 1226 2415 ab
1256 2384 1429 2415 hominibus
1458 2384 1556 2416 doctis
1585 2394 1700 2424 magna

997 2446 1064 2467 cum
1075 2436 1282 2466 misericordia
1287 2435 1431 2475 fletuque
1443 2434 1702 2475 pronunciantur]

999 2486 1115 2526 Negat
1150 2486 1387 2517 Hotomannus
1419 2495 1480 2526 per
1506 2486 1610 2516 doctos
1645 2485 1701 2517 hie

999 2536 1169 2568 Caesarem
1195 2536 1285 2566 aliud
1305 2536 1403 2574 velle,
1432 2545 1531 2576 quam
1557 2534 1699 2567 edoctos

999 2587 1110 2626 asnis,
1135 2586 1215 2628 quid
1234 2586 1397 2617 dicerent.
1442 2586 1509 2616 Sed
1535 2587 1607 2616 luce
1632 2586 1701 2617 cla-

998 2637 1066 2668 rius
1089 2640 1155 2676 est,
1183 2645 1260 2668 eum
1285 2646 1347 2676 per
1374 2637 1476 2666 doctos
1505 2635 1699 2676 intelligere

997 2687 1177 2728 facundos,
1191 2696 1269 2718 nam
1283 2685 1442 2717 facundia
1455 2687 1496 2717 ad
1510 2686 1699 2718 misericor·

996 2737 1086 2770 diam
1101 2735 1303 2769 movendam
1319 2735 1400 2768 nihil
1415 2735 1545 2768 utilius.
1582 2735 1701 2768 Simile
