1850 3109
515 197 576 226 1)ss
608 195 725 224 vira
758 192 890 223 JULu
924 191 1155 222 cmsams.
1447 179 1559 222 1755

113 284 355 331 victoriisque
393 286 470 326 tam
508 279 637 316 multis
673 279 929 315 Romanorum
967 275 1155 326 pudorem
1178 274 1445 323 inexpiabilem
1467 289 1560 313 con-

113 347 283 398 cepisse:
317 343 593 392 neutrijtiguiii
615 342 713 378 ferre
735 341 978 391 propositum
1000 353 1097 376 esse.
1155 338 1330 387 Denique
1352 337 1469 374 videri
1488 339 1560 375 sibi

113 423 189 448 non
208 421 322 459 posse
339 407 418 444 sine
441 420 575 456 magna
597 418 713 443 causa
736 405 995 452 Ambiorigem
1018 404 1087 440 ista
1107 402 1320 440 consulere.
1370 402 1565 437 Caeterum

112 485 357 523 quaecunque
392 470 443 507 illi
476 471 523 507 sit
555 483 685 512 mens;
723 469 926 507 consilinm
961 469 1086 518 ipsum
1119 466 1287 515 undique
1322 472 1447 502 tutum
1481 477 1562 501 esse

111 549 238 586 posse,
259 535 296 572 in
313 547 417 572 mora
432 533 577 583 aliquid
597 533 891 583 expugnationis
905 539 972 569 aut
991 531 1228 574 obsidionis;
1253 530 1290 566 in
1306 528 1472 565 discessu
1494 540 1560 564 au-

112 607 188 638 tem
210 599 352 636 nullum
384 611 541 648 prorsus
560 611 641 634 esse
662 596 894 646 periculum:
926 594 1011 645 [9¹]
1045 607 1130 631 nam
1153 594 1182 630 si
1206 592 1294 629 nibil
1315 591 1484 640 ambigui
1503 591 1569 636 sit,

111 676 178 701 eos
198 663 247 700 ad
269 663 479 712 proximam
502 661 688 709 legionem
710 666 794 696 tuto
809 659 903 696 calle
920 665 1113 701 venturos,
1135 657 1277 694 nullum
1297 668 1473 705 passuros
1494 654 1564 691 nisi

114 726 268 764 unicum
287 726 356 762 viae
379 724 501 762 brevis
519 721 824 760 incommodum.
873 722 938 759 Sin
961 728 1000 759 ut
1020 734 1085 758 sua
1102 720 1211 758 ferret
1229 720 1371 769 opinio,
1394 726 1564 756 metuen-

113 790 205 829 dum
226 789 368 840 aliquid
405 789 574 832 instaret,
607 787 751 824 nullum
772 800 853 824 esse
874 786 976 822 aliud
1013 799 1126 834 quam
1161 785 1196 821 in
1215 783 1417 820 velocitate
1449 795 1567 819 reme-

113 852 242 892 dium:
274 854 328 890 sic
349 852 407 889 vel
438 866 514 889 non
547 851 720 888 inutilem
743 856 858 895 certe,
894 850 952 886 vel
983 849 1217 886 utilissimam
1250 860 1330 883 esse
1360 845 1567 895 profectio-

114 930 224 955 nem:
256 930 402 954 moram
434 917 491 953 vel
526 915 706 965 praesenti
738 914 944 952 discrimini
979 911 1186 950 obnoxiam
1221 910 1278 947 vel
1311 910 1441 947 futuro
1459 910 1480 944 :'
1509 908 1566 945 his

116 981 232 1018 Cotta
266 981 458 1029 sortesque
488 980 555 1016 viri
588 978 650 1016 alii
682 978 865 1016 acerrime
900 976 1137 1014 resistebant.
1194 976 1333 1023 Itaque
1367 978 1566 1010 crescente

113 1044 234 1094 litigio
268 1044 442 1080 Titurius
479 1043 516 1079 in
553 1041 737 1091 collegam
773 1039 1084 1089 indignabundus
1121 1038 1322 1080 exclamat,
1357 1037 1408 1073 sic
1443 1042 1483 1073 ut
1515 1034 1565 1072 ab

115 1107 290 1145 omnibus
310 1106 517 1148 audiretur,
539 1110 576 1140 et
598 1109 607 1123 ‘
625 1104 790 1147 vincite,'
806 1103 867 1145 ait,
895 1102 944 1139 ‘si
964 1102 1120 1139 omniuo
1141 1102 1194 1138 sic
1215 1108 1273 1138 est
1294 1101 1468 1138 animus:
1492 1109 1568 1136 non

115 1183 198 1208 sum
218 1182 289 1219 ego
316 1169 382 1218 qui
402 1168 521 1218 magis
544 1180 659 1217 quam
681 1179 746 1203 vos
766 1179 896 1203 omnes
918 1173 1078 1203 mortem
1099 1165 1273 1202 timeam:
1306 1164 1383 1201 sed'
1400 1166 1487 1210 ¹⁵(et
1510 1177 1570 1201 os-

116 1233 239 1271 tendit
259 1233 409 1279 milites)
429 1232 481 1268 ‘si
503 1231 595 1282 quid
616 1231 769 1268 advenit
789 1229 950 1274 adversi,
965 1242 988 1266 a
1002 1231 1039 1266 te
1059 1228 1212 1277 exigent
1234 1227 1437 1264 rationem:
1461 1227 1567 1276 quod

116 1297 146 1335 si
167 1304 207 1334 tu
229 1296 454 1346 permiseris,
489 1308 573 1333 cras
604 1295 678 1332 suis
709 1293 1032 1332 commilitonibus
1053 1291 1251 1341 conjuncti
1271 1296 1309 1327 et
1339 1303 1377 1327 se
1397 1290 1569 1338 periculo

115 1361 321 1398 exemerint
342 1367 380 1398 et
401 1372 470 1397 suo
503 1360 584 1396 illos
610 1359 777 1396 adventu
803 1357 999 1395 effecerint
1020 1356 1199 1393 tutiores:
1230 1353 1403 1403 alioquin
1425 1353 1569 1402 disgre-

116 1425 194 1475 gati
214 1437 235 1461 a
255 1423 343 1468 suis,
371 1430 439 1460 aut
458 1422 565 1460 famis
584 1429 650 1460 aut
671 1422 758 1460 ferri
779 1421 940 1459 subituri
963 1422 1077 1458 sunt.’
1133 1418 1298 1468 Rapitur
1316 1418 1460 1455 interea
1481 1431 1571 1456 con-

117 1487 262 1526 silium:
293 1486 430 1524 milites
461 1493 664 1536 utrumque
693 1485 957 1529 circumstant,
978 1484 1193 1526 obsecrant,
1226 1488 1296 1518 ‘ne
1327 1494 1394 1518 sua
1422 1481 1571 1518 dissen-

117 1551 224 1590 sione
255 1550 467 1600 periculum
500 1550 656 1593 faciant,
680 1549 745 1587 ubi
778 1548 990 1598 periculum
1025 1560 1101 1585 non
1130 1554 1210 1584 est:
1242 1559 1309 1583 seu
1343 1546 1485 1582 abeant
1505 1557 1570 1582 seu

119 1621 220 1653 stent
239 1620 322 1651 tuta
342 1627 424 1652 esse
456 1614 595 1657 onmia,
628 1612 748 1650 modo
781 1613 839 1650 sui
873 1612 993 1650 duces
1027 1625 1141 1648 unum
1164 1610 1352 1647 sentiant:
1385 1615 1520 1646 contra
1540 1608 1571 1644 si

119 1677 346 1716 dissentiant
376 1683 498 1714 tutum
533 1689 616 1713 esse
646 1675 766 1712 nihil!
822 1675 929 1718 Quid
964 1674 1100 1719 multa;
1131 1673 1179 1711 ad
1218 1672 1382 1710 mediam
1416 1678 1571 1709 noctem

117 1740 312 1791 vigilando
345 1747 384 1778 et
416 1739 671 1789 disceptando
703 1751 762 1775 res
796 1738 971 1775 trabitur.
1027 1739 1071 1774 ln
1100 1749 1176 1786 qua
1207 1734 1366 1785 quidem
1387 1734 1573 1772 curiosior

119 1804 256 1842 fuerim
276 1803 436 1842 fortasse
457 1816 574 1853 quam
594 1802 724 1848 debui,
745 1808 782 1840 et
803 1801 925 1852 potui,
941 1801 1074 1844 fateor,
1096 1800 1156 1837 vel
1176 1812 1255 1837 rem
1275 1805 1397 1836 totam
1418 1803 1576 1848 praeter-

119 1867 279 1912 mittere,
299 1868 359 1906 vel
378 1868 498 1904 multo
516 1867 762 1917 paucioribus
779 1866 1048 1916 perstringere:
1071 1864 1135 1901 sed
1157 1863 1274 1901 deum
1292 1868 1411 1899 testor
1428 1860 1572 1898 miseris

119 1931 340 1969 hominibus
362 1931 408 1968 de
429 1931 558 1969 futuro
591 1930 915 1975 consultantibus,
938 1936 976 1967 et
1007 1940 1143 1978 magno
1172 1928 1208 1963 in
1228 1925 1409 1974 ambiguo
1429 1924 1573 1962 consti-

119 1994 320 2045 tutis,‡ego
342 1995 406 2045 qui
426 1995 569 2032 exitum
590 1995 642 2032 rei
662 1995 754 2038 scio,
777 2008 854 2032 non
875 1983 984 2031 aliter
1003 1990 1210 2029 scribendo
1232 2000 1455 2038 compassus
1475 2001 1572 2033 sum,

121 2070 236 2107 quam
256 2058 287 2096 si
303 2058 432 2096 futura
460 2071 562 2095 nunc
582 2057 696 2095 etiam
715 2070 772 2095 res
792 2058 873 2107 ipsa
906 2062 944 2093 et
976 2063 1089 2093 notus
1122 2054 1212 2092 mihi
1241 2051 1464 2090 miserabilis
1485 2051 1571 2089 finis

121 2126 234 2166 esset,
256 2121 318 2158 cui
336 2133 537 2158 occurrere
568 2133 638 2158 nec
661 2120 823 2158 consilio
845 2133 1000 2169 possem
1021 2131 1091 2155 nec
1111 2117 1272 2155 auxilio:
1303 2129 1346 2153 ea
1381 2128 1439 2152 me
1469 2128 1575 2152 com-

121 2183 252 2234 passio
285 2183 429 2220 diutius
464 2196 581 2233 quam
609 2183 786 2220 volebam
819 2181 856 2220 in
890 2183 963 2220 hac
995 2181 1211 2220 narratione
1243 2179 1426 2217 detinuit:
1459 2191 1574 2228 quam

123 2247 193 2284 tibi
231 2259 253 2284 0
288 2246 410 2284 lector
443 2247 495 2283 sic
529 2246 708 2296 expedio.
763 2246 941 2283 Tandem
974 2258 1066 2295 ergo
1099 2257 1178 2281 non
1211 2244 1356 2281 ratione
1389 2240 1572 2292 ¹⁶collega

122 2310 334 2360 pertinacia
351 2310 476 2347 victus
507 2311 622 2348 Cotta
656 2310 868 2347 consentit:
898 2315 937 2347 et
973 2307 1079 2358 quod
1114 2307 1291 2345 crebrum
1321 2308 1359 2345 iu
1395 2307 1573 2351 consiliis,

123 2385 211 2423 pars
229 2372 396 2410 deterior
415 2373 610 2410 meliorem
629 2373 764 2411 vincit:
795 2372 1035 2421 ediciturque
1064 2371 1246 2409 militibus
1278 2370 1452 2410 diluculo
1483 2383 1574 2420 pro-

124 2436 315 2475 fecturos:
344 2449 468 2486 neque
502 2443 629 2474 tamen
664 2437 788 2475 noctis
823 2436 929 2487 quod
960 2440 1159 2486 supererat
1177 2448 1309 2473 somno
1329 2435 1478 2480 datum,
1507 2434 1574 2472 sed

125 2500 175 2538 ad
195 2513 370 2538 auroram
391 2514 511 2551 usque
531 2501 730 2551 vigilatum
760 2508 830 2546 est,
860 2500 1064 2550 occupatis
1093 2499 1270 2537 omnibus
1301 2499 1406 2548 quod
1438 2499 1573 2536 efferre

128 2576 258 2601 secum
293 2571 450 2614 possent
483 2563 576 2614 quid
611 2565 821 2615 relinquere
854 2570 1096 2614 cogerentur.
1154 2564 1240 2613 [92]
1295 2563 1373 2601 Ubi
1405 2562 1571 2612 primum

127 2624 251 2665 illuxit
279 2627 412 2666 castris
432 2627 679 2677 egrediuntur
707 2628 840 2672 securi,
862 2627 968 2678 quasi
998 2626 1199 2665 consilium
1229 2625 1397 2664 obeundi
1417 2636 1493 2662 non
1520 2623 1570 2660 ab

523 2726 559 2754 15
584 2722 695 2765 Adde,
710 2725 840 2757 hau—16
863 2725 976 2766 Forte,
989 2725 1042 2756 sed
1056 2723 1188 2764 collegae.
