1850 3109
399 176 491 204 mu.
526 173 599 203 ιιι.
632 171 738 201 οΑν.
766 163 838 202 40.
873 173 934 202 οε.
968 171 1122 202 annno
1155 173 1326 202 crvim.

143 269 298 307 itumque
334 268 427 296 necte
467 268 503 295 et
547 263 666 294 Latine
705 262 840 294 dicitur.

132 315 242 346 Prius
270 319 381 346 autem
408 313 536 344 Caesari
568 313 673 352 magis
700 322 840 343 consue-

141 369 224 396 tum.
263 364 370 396 Clark.
429 363 511 394 Mss.
541 371 656 393 omnes
681 367 839 394 constant

140 415 203 447 sibi
218 415 250 445 in
268 423 348 445 voce
371 412 498 450 defectis
513 413 646 444 scilicet
659 414 773 453 animo,
794 414 839 444 vi-

136 465 301 504 remaque.-
324 472 398 504 quae
428 463 640 494 substantiva
666 469 839 504 praeoptat

140 519 252 545 tamen
285 512 408 544 addere
439 512 566 543 Caesar.
623 512 692 543 Alii
724 517 837 545 tamen

135 563 334 604 simpliciter
372 561 521 601 Defectus
553 563 614 594 boc
643 573 742 594 sensu
771 573 837 595 non

134 623 211 646 raro
237 614 411 645 adhibent.
457 615 544 646 Vide
569 615 610 646 ad
638 616 768 647 Lucan.
796 625 836 647 11.

136 666 213 695 500.
238 666 358 695 v.33:3.
384 666 500 695 vr.84.

179 717 217 745 ll
244 714 351 745 Etiam
366 715 487 755 navem]
503 714 654 746 Faernus
671 715 835 755 probante

134 764 256 796 Ursino
273 763 464 795 emendavit
482 775 549 795 eam
564 775 595 796 u.
642 765 687 796 Et
704 765 836 805 profec-

135 818 171 846 to
186 814 220 845 id
247 814 360 845 inveni
386 814 419 844 in
447 815 572 855 Scalig.
600 816 697 847 Leid.
725 826 775 856 pr.
801 822 836 848 et

135 863 260 895 Lovan.
308 865 413 904 Bene,
437 864 500 894 nisi
527 865 622 896 malis
649 876 716 896 eam.
741 867 836 898 etium

133 923 203 945 nav.
220 915 372 955 etiamque
387 919 441 946 est
454 915 487 944 in
506 914 605 946 Leid.
623 925 692 948 sec.

177 964 232 995 Ex
258 966 356 995 altera
379 967 470 1005 parte
495 966 603 996 molem
625 967 724 997 tenuit
745 970 835 998 nutu-

133 1016 229 1046 ralem
244 1015 403 1053 objectam,
430 1025 499 1054 quoe
521 1025 597 1055 pene
613 1016 745 1047 insulam
765 1028 833 1048 con-

132 1067 184 1094 tra
198 1066 342 1105 oppidum
357 1064 517 1104 effecerat]
553 1066 693 1096 Ursinus
719 1072 755 1098 et
780 1069 834 1099 Ci-

129 1115 301 1153 acconius,
317 1115 374 1155 qui
391 1115 571 1154 plurimum
587 1125 621 1146 se
638 1116 835 1157 fatigarunt,

132 1167 170 1195 ut
186 1164 272 1195 hunc
289 1164 398 1194 locum
416 1163 650 1204 emendarent,
676 1166 757 1196 nihil
785 1167 833 1197 in-

133 1214 351 1246 tellexerunt.
411 1214 501 1245 Nam
533 1215 697 1246 naturalis
728 1217 833 1248 moles

133 1265 268 1306 objecta
303 1265 445 1306 oppido,
473 1270 524 1296 est
551 1265 677 1297 Caesari
707 1267 832 1307 lingua,

133 1326 209 1357 quae
227 1316 259 1346 in
276 1325 368 1346 mare
386 1316 565 1355 procurrit,
593 1321 629 1347 et
655 1326 675 1346 a
699 1322 834 1358 natura,

131 1376 199 1398 non
224 1366 369 1398 humana
390 1370 477 1404 arte,
493 1366 568 1397 urbi
583 1366 722 1406 objecta
736 1372 831 1399 erat:

131 1417 230 1449 addit
259 1423 376 1448 antem
411 1417 493 1448 illud
522 1418 666 1449 naturale
691 1424 833 1459 propter

133 1477 236 1508 opera
251 1467 353 1499 Acilii
368 1467 485 1508 legati,
502 1467 572 1508 qui,
600 1472 638 1498 ut
661 1473 741 1500 ante
757 1479 833 1500 nar-

132 1518 232 1558 ravit,
249 1518 405 1550 demersa
420 1528 505 1549 nave
522 1523 658 1559 portum
676 1519 832 1551 obstrux-

132 1572 229 1607 erat;
253 1568 342 1599 unde
358 1578 401 1599 ne
415 1568 489 1609 quis
512 1569 598 1599 hanc
615 1579 747 1610 quoque
763 1581 831 1601 m0«

131 1618 198 1649 lem
213 1618 254 1649 ab
271 1618 390 1649 eodem
415 1623 552 1658 putaret
572 1619 713 1659 jactam,
743 1621 834 1652 addi-

134 1667 185 1699 dit
210 1669 404 1699 naturalem:
425 1668 526 1708 idque
548 1667 694 1700 faciebat
710 1670 752 1701 ad
776 1670 833 1702 de-

133 1718 350 1759 scriptionem
362 1718 440 1757 loci,
455 1719 489 1749 in
502 1718 657 1759 qualibus
670 1729 738 1750 non
749 1721 832 1752 alius

133 1769 267 1801 Caesare
285 1774 337 1800 est
353 1769 553 1800 accuratior.
601 1769 772 1801 Caeterum
796 1775 833 1802 ut

126 1819 295 1860 judicium
303 1821 444 1860 quisque
454 1818 568 1850 facere
583 1820 703 1859 possit,
712 1821 833 1852 adscri-

132 1869 209 1900 bam
226 1869 300 1910 ipsa
315 1869 430 1908 verba,
442 1868 610 1910 quomodo
625 1879 644 1899 a
660 1870 779 1901 Fulvio
797 1876 832 1902 et

132 1918 313 1950 Ciacconio
330 1919 508 1950 emendata
524 1924 613 1950 sunt.
658 1920 832 1960 Eodemque

130 1972 264 2010 tempore
278 1971 432 2001 exteriore
453 1973 545 2011 parte
569 1970 671 2009 molis,
698 1980 764 2010 quoe
786 1975 830 2002 te-

131 2019 185 2050 nui
199 2020 326 2051 tramite
342 2019 456 2058 objecta
470 2019 559 2060 (sive
575 2019 702 2059 injecta)
720 2021 830 2060 penin-

130 2071 227 2101 sulam
238 2071 381 2110 oppidum
396 2069 556 2112 efficiebat,
570 2071 623 2109 23⁴0.
670 2071 742 2111 Ego
759 2081 830 2102 cer-

134 2124 168 2150 te
180 2119 262 2150 illud
279 2120 415 2160 objecta
429 2121 492 2151 hoc
510 2125 611 2160 pacto
628 2121 712 2151 sumi
732 2131 830 2161 posse

132 2178 232 2210 nego.
282 2169 414 2200 If'ossius.
472 2171 635 2201 Naturalis
658 2173 767 2212 moles,
794 2177 831 2204 ut

130 2220 284 2251 naturalis
319 2221 453 2251 tinnulus
486 2221 578 2252 Hirt.
608 2222 696 2254 Bell.
730 2222 829 2255 Alex.

131 2280 162 2301 c.
177 2272 230 2301 72.

175 2323 214 2352 13
259 2330 298 2352 1v
338 2321 494 2362 Biremes]
538 2320 664 2352 Hiulca
701 2322 827 2353 oratio:

131 2380 230 2412 quam
259 2377 372 2402 tamen
396 2381 493 2403 nemo
518 2372 634 2412 tetigit
657 2371 831 2412 Interpre-

134 2426 218 2452 tum.
266 2421 462 2462 Legendum
500 2420 650 2460 viderur,
676 2424 706 2452 et
730 2431 767 2452 1v
785 2421 829 2452 bi-

132 2480 244 2503 remes.-
269 2471 322 2502 vel
349 2471 473 2511 potius,
497 2470 586 2512 quod
609 2471 644 2501 in
670 2480 736 2502 uno
765 2471 829 2504 Ms.

131 2522 280 2562 repperi,
302 2532 361 2562 qua
378 2530 415 2552 1v
429 2520 565 2552 biremes.
591 2521 698 2551 Clark.
744 2521 829 2552 Rec-

133 2571 332 2607 teadvertit
355 2572 406 2603 Cl.
431 2571 601 2609 clarinus,
630 2571 686 2602 hic
710 2570 829 2602 deesse

133 2621 188 2652 vel
215 2623 382 2662 copulam,
412 2622 466 2652 vel
494 2621 684 2652 relativum.
738 2622 829 2654 Quid

134 2670 310 2712 reliquerit
326 2673 453 2711 Caesar,
479 2672 667 2710 incertum3
691 2672 752 2703 sed
772 2682 830 2712 qua

135 2719 259 2753 biremis
272 2721 375 2754 habet
387 2722 586 2762 Vossianus,
602 2727 637 2753 et
650 2732 753 2763 supra
770 2732 830 2763 pro

1478 163 1591 206 1485

890 273 958 303 quoe
977 264 1059 294 Mss.
1073 274 1142 304 que.

933 316 972 344 14
996 314 1148 353 Subjectis
1175 314 1303 344 scutulis
1328 313 1474 354 impulsas
1498 315 1591 345 vecti·

888 363 958 404 bus]
984 364 1127 405 Magnus
1156 363 1334 395 Turnebus
1359 364 1430 405 (cui
1458 373 1590 403 vercor,

889 424 930 446 ne
946 416 1020 456 quis
1037 425 1089 446 me
1117 414 1282 456 arguendi
1298 414 1403 455 magis
1420 424 1519 454 quam
1537 424 1592 445 ve·-

889 465 998 496 ritatis
1017 465 1127 496 studio
1140 464 1375 496 contradicere
1390 464 1508 504 putet)
1523 463 1592 496 Ad-

888 524 976 546 vers.
991 524 1110 547 xxvii.
1125 518 1177 546 24.
1193 515 1304 546 locum
1314 515 1402 545 hunc
1415 514 1508 545 varie
1521 518 1592 545 ten-

889 569 977 604 tans,
1004 565 1141 596 tandem
1166 565 1280 596 rutulis
1310 564 1360 605 (id
1388 569 1440 594 est
1465 563 1592 604 rotulis)

887 615 1058 655 emendat,
1084 620 1119 646 et
1136 615 1276 646 adducit
1301 614 1404 644 verba
1430 613 1590 654 Maronis,

888 665 946 706 qui
975 666 1034 702 ait,
1072 665 1148 696 AEn.
1175 673 1213 696 11.
1244 667 1318 695 235.
1351 663 1589 704 ‘pedibusque

887 721 1037 747 rotarum
1053 716 1244 757 Subjiciunt
1259 713 1391 754 lapsus.¹
1431 713 1497 744 Sed
1513 723 1590 754 pro-

886 766 942 797 cul
973 767 1035 797 hoc
1063 777 1083 797 a
1111 765 1332 806 simplicitate
1364 763 1519 801 Caesaris,
1553 768 1590 794 ut

885 816 1014 846 rotulas
1031 826 1091 857 pro
1104 815 1249 856 palangis
1270 818 1421 854 usurpet.
1459 812 1589 844 Scutula

886 870 937 896 est
965 865 1073 906 virga,
1098 866 1315 906 deductaque
1340 873 1404 894 vox
1426 872 1445 893 a
1463 863 1588 895 Graeco

885 914 1038 953 σκυτάλη.
1085 915 1185 946 Unde
1201 916 1234 946 in
1251 913 1370 955 glossis
1386 913 1507 954 Cyrilli
1518 924 1590 944 σκυ-

884 964 967 1002 τάλη
993 966 1123 998 scutula.
1170 965 1264 997 Alibi
1294 964 1412 995 Caesar
1438 964 1589 1004 palanga-3

886 1016 985 1048 dixit.
1029 1018 1075 1047 Et
1090 1016 1172 1058 quia
1196 1016 1285 1046 idem
1311 1019 1364 1045 est
1389 1013 1530 1051 σκυτάλη
1553 1020 1589 1046 et

885 1065 1050 1106 φαλάγγη,
1076 1066 1152 1098 ideo
1169 1065 1362 1097 internodia
1391 1065 1587 1105 digitorum,

885 1116 955 1146 sive
973 1117 1098 1147 teretia
1124 1116 1182 1147 illa
1206 1125 1293 1154 ossa,
1320 1125 1394 1156 quae
1418 1114 1507 1145 inter
1523 1116 1589 1146 sin-

883 1166 980 1205 gulos
1008 1165 1194 1206 digitorum
1223 1164 1328 1195 nodos
1358 1164 1589 1203 intercedunt,

884 1220 921 1245 et
947 1215 1076 1246 Graecis
1100 1217 1266 1245 vocantur
1291 1212 1487 1253 σκυταλίδες,
1516 1214 1590 1246 Ari-

885 1266 1068 1305 stophanes
1105 1265 1242 1296 vocavit
1275 1262 1457 1304 φαλάγγας,
1500 1268 1589 1295 teste

885 1315 1039 1346 Polluce.
1086 1315 1256 1346 Nimirum
1274 1314 1354 1355 quia
1383 1318 1419 1345 et
1434 1312 1589 1354 φαλάγγη

884 1368 919 1395 et
943 1364 1125 1396 σκυταλίδες
1151 1368 1276 1395 teretes
1299 1369 1388 1395 sunt.
1435 1364 1522 1396 Quin
1551 1369 1587 1396 et

885 1415 1003 1446 Suidas
1020 1416 1052 1446 in
1079 1413 1225 1451 Σκυτσίλη
1249 1414 1370 1455 inquit,
1395 1423 1462 1444 non
1485 1414 1586 1446 modo

884 1466 1022 1497 scuticae
1051 1466 1180 1497 corium
1210 1475 1250 1496 ea
1282 1473 1365 1495 voce
1404 1463 1588 1504 designari,

885 1526 1000 1547 verum
1031 1521 1066 1548 et
1092 1517 1220 1557 lignum
1244 1515 1316 1556 ejus
1344 1514 1527 1555 oblongum
1550 1518 1586 1544 et

883 1566 1053 1606 politum:
1077 1576 1153 1607 quae
1186 1565 1293 1597 ferme
1320 1563 1467 1595 rotunda
1495 1568 1584 1596 sunt.

884 1615 992 1646 Porro
1028 1616 1179 1647 scutulas
1217 1624 1351 1656 quoque
1387 1612 1586 1652 χαμουλκοὺς

884 1670 984 1696 vocat
999 1666 1123 1697 Pollux
1146 1675 1210 1697 VII.
1230 1668 1282 1696 33.
1301 1664 1331 1695 αἱ
1346 1663 1378 1694 δὲ
1400 1661 1585 1701 καλουμέναι

883 1715 1069 1755 χαμουλκοὶ,
1093 1715 1232 1754 μηχαναὶ.
1256 1715 1292 1745 δι’
1307 1712 1348 1744 ὧν
1367 1714 1506 1744 elmuino
1521 1713 1585 1744 sci-

882 1765 964 1796 lieet
978 1765 1009 1795 αἱ
1023 1766 1102 1802 νῆες.
1149 1765 1306 1797 Meminit
1323 1771 1357 1795 et
1373 1764 1583 1803 Ammianus,

882 1815 904 1846 1.
921 1824 1012 1847 xvir.
1031 1827 1065 1857 p.
1087 1819 1159 1847 100.
1178 1817 1187 1833 ⁶
1205 1815 1397 1847 Chamulcis
1413 1813 1582 1854 impositis

882 1865 941 1907 (de
963 1866 1114 1897 obelisco
1134 1864 1300 1907 loquitur)
1323 1869 1518 1904 tractusque
1536 1864 1583 1894 le-

881 1916 955 1947 nius
986 1926 1047 1957 per
1076 1917 1273 1948 Ostiensem
1300 1919 1446 1955 portam,
1482 1914 1583 1954 pisci-

879 1975 1023 2007 namque
1053 1965 1238 2007 pnblicam,
1267 1965 1359 1996 circo
1388 1964 1500 1994 illatus
1530 1969 1583 1995 est

880 2016 1024 2047 maximo
1038 2016 1057 2046 :’
1079 2016 1114 2046 in
1137 2015 1266 2046 Glossis
1291 2012 1468 2053 χαμουλκὸς
1490 2014 1583 2045 traha

881 2067 1027 2106 reperio.
1073 2066 1165 2099 Quin
1180 2070 1214 2096 et
1226 2065 1352 2095 Plauto
1369 2063 1501 2094 scutula
1519 2072 1581 2103 pro

880 2117 1027 2157 palanga
1053 2117 1201 2157 ponitur.
1244 2114 1376 2146 Vossius,
1421 2113 1483 2144 Vir
1508 2114 1581 2145 dili-

880 2167 1092 2207 gentissimus
1139 2166 1241 2198 Joan.
1279 2163 1468 2196 Schefferus
1506 2165 1580 2196 Mil.

881 2217 971 2248 Nav.
997 2227 1054 2248 111.
1079 2220 1110 2248 3.
1133 2226 1166 2257 p.
1190 2218 1264 2247 193.
1290 2214 1437 2253 dubitat,
1453 2224 1494 2245 an
1511 2224 1579 2246 non

880 2267 1058 2308 legendnm
1081 2267 1125 2298 sit
1144 2266 1289 2304 subjectis
1300 2265 1443 2303 sentinis,
1467 2271 1503 2296 ut
1527 2274 1582 2296 co-

880 2317 929 2347 ria
952 2317 1170 2356 denotentur,
1193 2315 1313 2357 quibus
1333 2314 1406 2345 oleo
1433 2313 1580 2345 inunctis

881 2367 922 2398 ad
949 2367 1034 2398 hanc
1060 2376 1132 2398 rem
1165 2364 1348 2406 aliquando
1372 2374 1448 2394 usos
1473 2363 1579 2395 fuisse

880 2423 1016 2449 constat
1036 2428 1078 2449 ex
1092 2417 1212 2448 Dionis
1235 2416 1257 2447 l.
1275 2424 1305 2446 L.
1351 2414 1410 2454 At,
1436 2419 1578 2454 praeter-

880 2477 978 2509 quam
997 2467 1085 2509 quod
1107 2467 1170 2498 hoc
1192 2470 1231 2496 ut
1254 2464 1425 2505 singulare
1442 2473 1578 2504 prorsus

879 2525 915 2551 et
936 2520 1125 2551 inauditum
1142 2522 1238 2549 notet
1266 2517 1472 2551 Histoi-icus,
1496 2525 1579 2546 sana

880 2576 933 2602 est
947 2571 1049 2602 lectio
1067 2570 1215 2610 vulgata,
1238 2569 1379 2607 ideoque
1404 2566 1577 2605 conjectu—

879 2622 924 2653 ris
940 2622 1020 2652 nihil
1033 2631 1130 2662 opus.
1167 2619 1277 2651 Datis.

924 2675 962 2703 15
986 2691 1029 2695 —
1045 2670 1237 2702 transduxit.
1283 2667 1576 2704 lta—aggressus.

878 2732 945 2763 qua:
960 2724 1048 2754 erant
1063 2721 1210 2760 deligatae
1224 2718 1263 2748 ad
1278 2720 1404 2755 terram,
1419 2717 1509 2756 alque
1530 2714 1578 2745 in·
