1850 3109
336 221 428 251 [2113.
460 218 534 249 111.
566 215 674 246 (mv.
695 205 766 245 20.
802 215 863 244 ms
898 214 1052 243 nunno
1084 215 1257 245 οινιιι.

78 312 305 354 tei-potatione
322 312 442 343 Petav.
467 309 603 342 Codicis
628 318 776 346 vererer,

75 364 219 394 maxime
236 363 307 403 ejus
321 362 420 391 lectio
438 360 682 400 simplicissima
699 359 775 389 milii

74 413 249 444 adrideret
275 418 364 452 utque
393 422 465 447 ιιηα,
499 420 546 441 sc.
582 419 774 449 responsum

75 468 140 503 est,
153 463 205 493 ubi
222 463 385 501 utrimque,
401 463 451 499 ἅμ’.
487 462 583 491 'i'unc
599 460 688 490 euim
706 460 777 489 nul-

75 513 125 543 lus
137 513 314 552 scrupulus
337 511 518 551 supererit,
534 510 585 541 vel
603 514 693 549 alque
716 519 776 539 una

74 563 244 601 lomismbi,
261 565 311 601 &aa
335 566 510 601 certumque
534 561 561 591 ei
591 561 636 590 rei
661 564 778 600 tempus

71 616 169 647 const.
184 613 276 651 prius
291 612 464 652 amplexus
477 617 527 641 est
543 619 676 651 quoqne
691 610 777 639 (J'ru-

74 666 179 693 tetus,
217 663 334 693 Celsus
368 663 467 702 plane
499 661 670 701 conspirat
700 669 774 690 cuni

76 712 232 752 vulgatis.

116 764 154 792 15
181 763 366 801 Certumque
391 762 419 792 ei
450 762 495 791 rei
520 764 640 800 tempus
664 760 777 791 consti-

71 811 188 852 tuitur]
209 812 380 851 Sequitur,
395 821 451 851 quo
471 821 537 841 cum
559 814 635 841 esset
657 813 776 850 postero

72 862 123 892 (lie
137 864 269 893 ventum.
305 862 370 892 Hic
388 862 490 901 igitur
507 861 682 900 legendum
700 870 777 891 ceu-

77 911 213 950 merim,
229 912 411 952 Certumque
423 912 450 942 ei
464 912 509 941 rei
525 914 652 951 tempus,
669 914 699 941 et
717 919 776 940 Lo-

75 971 135 994 cus
159 962 369 992 constituitur.
405 961 518 992 Livius
543 970 564 991 1.
580 964 632 991 2⁴.
656 962 665 976 ⁴
681 961 774 991 Teni-

72 1021 137 1053 pus
163 1016 199 1042 et
227 1012 320 1042 locus
349 1011 531 1042 convenit!
565 1010 651 1041 Vide
676 1011 720 1041 sis
741 1015 776 1041 et

72 1070 137 1092 vu.
156 1065 207 1093 1-1.
232 1062 341 1092 Ducis.
359 1071 430 1091 cur.
449 1071 518 1092 sec.

117 1114 157 1143 19
181 1112 310 1152 Prodit]
333 1112 387 1142 Ita
412 1112 651 1149 scribendum3
677 1121 776 1152 prop-

72 1167 127 1194 ter
149 1166 347 1202 sequentem
376 1161 498 1201 incipit.
537 1161 577 1191 ln
596 1161 706 1191 Editis
723 1165 776 1191 est

68 1213 199 1254 prodiit.
226 1213 332 1243 Clark.
374 1213 466 1252 Lege
489 1211 607 1251 prodit,
633 1216 671 1242 ut
697 1211 774 1242 Pet.

73 1263 150 1294 Pal.
178 1263 288 1303 Bong.
319 1266 398 1293 tert.
423 1272 462 1293 ac
497 1262 638 1293 Norvic.
664 1266 700 1292 et
727 1261 774 1292 sic

71 1312 212 1344 edidere
229 1313 401 1353 Gryphius
418 1313 553 1353 aliique.
580 1312 688 1343 Daris.
704 1321 774 1343 cur.

73 1372 143 1394 sec.
181 1362 236 1393 Ob
259 1372 456 1394 consensum
484 1362 646 1392 Codicum
673 1362 775 1393 etiam

72 1421 223 1444 meorum
240 1416 276 1443 et
293 1411 415 1451 Ursini,
428 1421 494 1442 non
508 1411 607 1442 aliam
622 1411 666 1442 ob
683 1421 776 1442 caus-

73 1471 156 1503 sam,
169 1463 276 1504 prodit
294 1462 420 1502 recepi,
435 1462 551 1502 utjam
567 1461 668 1493 estin
687 1461 774 1492 Edd.

73 1513 211 1544 Vascos.
229 1513 407 1553 Stephani,
424 1514 487 1543 ἃς.

115 1562 272 1594 Submissa
289 1561 440 1601 oratione]
453 1561 596 1602 Blanda,
610 1561 690 1601 leni,
704 1561 776 1593 sine

73 1613 278 1654 arrogantia,
294 1614 367 1643 sine
391 1612 606 1648 contumelia,
629 1612 686 1642 sed
709 1621 776 1642 mo-

73 1664 170 1695 deste
195 1673 235 1694 ac
258 1663 404 1703 pudice:
429 1662 550 1703 quibus
566 1671 688 1702 nempe
703 1671 777 1693 sen-

74 1714 176 1754 sibus,
207 1718 334 1754 pr'aeter
370 1712 460 1753 quod
495 1712 536 1742 de
563 1713 710 1752 supplici
741 1717 776 1742 et

73 1763 189 1796 humili
214 1763 339 1803 pa-sim
363 1761 510 1799 du-atur,
534 1761 596 1791 hoc
623 1760 776 1801 Adjecti-

73 1823 151 1846 vum
173 1813 367 1850 adhibetur,
393 1812 420 1842 si
444 1813 608 1852 jungatur
636 1812 776 1842 nomini-

74 1865 136 1897 bus
152 1875 252 1896 vocem
267 1863 517 1907 denotantibus,
541 1863 626 1893 Vide
641 1864 775 1894 omnino

74 1915 223 1946 Misce-ll.
244 1914 329 1944 obs.
353 1913 426 1944 Vol.
445 1922 484 1943 11.
500 1913 540 1944 T.
560 1922 584 1944 1.
602 1923 635 1953 p.
653 1916 705 1944 35.
723 1916 774 1944 36.

73 1968 109 1996 et
123 1965 243 1996 Senec.
260 1965 324 2005 Ep.
339 1972 391 1994 xr.
417 1972 456 1994 ac
485 1955 572 1994 Rob.
598 1964 665 1994 Tit.
690 1964 776 1995 Con-

75 2022 160 2049 trov.
185 2026 235 2049 1v.
254 2020 305 2047 10.
332 2017 406 2047 Liv.
425 2025 465 2047 ιι.
480 2019 512 2047 6.
541 2018 550 2033 ‘
568 2022 607 2046 nt
629 2015 711 2046 nihil
733 2026 774 2046 ex

75 2067 259 2108 asperitate
289 2067 448 2097 orationis
485 2066 609 2096 leniret
631 2075 670 2096 ac
698 2066 775 2096 sub-

74 2118 250 2150 mitteret!
287 2118 335 2148 At
352 2117 518 2158 quomodo
533 2117 597 2151 hoc
615 2116 776 2147 convenit

75 2177 152 2200 cum
178 2177 250 2208 seq.
285 2167 455 2203 Anemuri,
485 2172 520 2197 et
551 2172 621 2197 tam
650 2167 775 2197 acerbo

78 2217 221 2250 Labieni
240 2217 333 2248 dicto
355 2218 389 2247 in
413 2216 480 2247 fine
510 2217 611 2257 hujus
635 2217 717 2256 Cap.
741 2221 780 2247 ut

75 2268 164 2300 bene
179 2267 337 2299 observat
362 2267 609 2305 Hotomamms,
627 2267 713 2297 male
731 2271 779 2297 ta-

74 2327 154 2349 men
170 2322 305 2357 putans‚
325 2316 506 2346 submissam
528 2316 698 2347 orationem
714 2315 780 2346 dici

74 2368 184 2399 minus
208 2368 347 2404 claram,
363 2368 543 2406 subpressa
571 2375 653 2396 voce
678 2374 780 2396 enun-

75 2417 225 2450 ciatam?
261 2417 346 2448 Mihi
375 2417 508 2447 omniuo
534 2417 683 2447 submissa
714 2426 781 2447 sus-

77 2473 217 2508 pectum
233 2472 298 2498 est.
338 2467 378 2497 In
397 2468 490 2498 Voss.
508 2472 543 2498 et
555 2467 780 2498 summissima:

77 2522 114 2549 at
137 2518 170 2548 in
200 2518 297 2549 Leid.
314 2527 381 2549 sec.
398 2522 434 2548 et
452 2518 530 2549 Var.
552 2519 648 2549 Lect.
682 2519 781 2549 Bruti

78 2567 202 2608 legitur
220 2577 355 2598 summa:
377 2568 466 2608 quod
483 2578 562 2599 vero
579 2569 718 2599 similius
734 2569 780 2599 vi-

79 2617 191 2656 detur,
207 2622 243 2649 et
265 2628 284 2648 a
309 2618 422 2659 Lipsio
447 2619 549 2649 etiam
574 2619 779 2660 adscriptum

71 2671 134 2699 -est
159 2677 218 2699 suo
243 2668 341 2700 libro.
399 2670 526 2700 Verum
553 2670 652 2700 aliam
683 2672 779 2709 longe

81 2716 286 2757 scripturam
299 2718 447 2749 servavit
471 2718 525 2750 hic
551 2719 634 2751 Cod.
652 2720 778 2751 Lovan.

82 2767 244 2800 exhibens
256 2769 415 2802 summissa
429 2769 567 2802 oratione
581 2771 618 2801 de
629 2779 717 2811 pace,
737 2770 780 2802 al-

1413 199 1526 248 1465

826 309 939 339 ter-curi
965 319 1032 338 cum
1060 309 1097 338 L.
1121 308 1253 348 incipit:
1274 308 1364 339 unde
1386 318 1451 339 non
1476 309 1524 339 in-

826 361 990 390 concinne
1010 359 1157 400 conjecit
1179 360 1265 389 idem
1283 359 1412 398 Lipsius
1425 361 1527 390 semla

824 411 974 447 oratione,
989 411 1041 448 fise.
1069 410 1130 440 hoc
1156 420 1263 447 -ριιςιι,
1286 419 1361 440 (·ιιιιι
1387 413 1463 449 post
1478 409 1525 439 in-

827 471 975 499 grussum
997 461 1157 491 sermonis
1182 460 1221 491 ad
1248 471 1271 490 ιι
1286 470 1315 489 m
1340 461 1446 499 ipsam
1469 467 1526 489 ve-

827 512 888 547 nit,
904 517 935 541 ct
955 512 1139 541 orationem
1158 511 1199 541 dc
1218 521 1300 550 paco
1325 511 1443 540 <inussit
1466 510 1527 540 La-

828 561 957 597 bienus,
988 566 1057 590 tuni
1085 561 1243 590 alters-ari
1277 559 1372 590 inodo
1406 558 1524 600 coepit.

827 612 915 643 Quid
934 612 959 641 si
980 612 1126 649 legamus
1143 612 1194 641 sed
1216 611 1324 641 omissa
1340 610 1477 641 macione
1489 610 1528 641 de

824 672 910 701 pace,
925 663 1082 701 altercari,
1097 663 1149 700 ὅγε.
1175 666 1211 692 ut
1231 662 1419 692 contractio
1436 661 1527 692 vocis

824 713 877 741 sed
893 712 923 741 iu
938 712 1118 742 scribendo
1136 722 1196 751 per
1209 712 1440 742 characterem
1455 721 1528 742 cor·

825 762 989 801 ruptionis
1006 761 1107 793 fucrit
1122 771 1256 792 caussa:
1276 762 1397 801 passim
1413 762 1527 792 oracio-

824 821 877 841 nes
900 817 934 842 et
955 812 1170 843 altercationes
1195 816 1420 852 opponuntur.
1461 810 1527 841 Adi

827 862 878 892 Cl.
898 863 1005 894 Drak.
1027 863 1068 893 ad
1094 864 1165 894 Liv.
1183 873 1232 894 1v.
1250 866 1282 894 6.
1307 863 1316 879 ‘
1331 872 1384 893 res
1409 872 1427 893 a
1450 871 1527 902 per-

826 914 936 953 petuis
974 915 1181 946 orationibus
1224 915 1255 944 in
1287 912 1525 944 altercationes

827 963 1000 995 venisset)
1037 965 1156 995 Celsus
1183 963 1286 994 habet
1311 964 1319 979 ‘
1337 972 1412 993 cnm
1432 962 1528 993 Vati-

826 1014 881 1045 nio
898 1016 1046 1055 colloqui
1063 1015 1167 1054 coepit
1187 1019 1289 1054 atque
1306 1013 1528 1052 contendere,

827 1070 863 1094 ut
879 1065 934 1104 qui
950 1065 1079 1104 ingenii
1096 1065 1172 1094 odio
1188 1064 1356 1095 Caesarem
1375 1061 1526 1093 odisset?

869 1118 909 1145 22
944 1116 1022 1150 Qnoe
1045 1116 1096 1145 ille
1126 1116 1262 1145 obtectus
1292 1114 1402 1154 armis]
1435 1113 1527 1144 Vati-

825 1165 917 1194 nium
945 1165 1119 1204 iutelligit.
1157 1165 1226 1196 Jul.
1257 1164 1375 1194 Celsus
1404 1173 1437 1203 p.
1455 1165 1528 1192 197.

825 1215 834 1230 ‘
850 1215 1022 1245 Vatinium
1064 1215 1165 1244 armis
1206 1214 1331 1243 milites
1371 1217 1529 1252 protexe-

826 1263 926 1296 runt.’
954 1265 995 1295 In
1011 1264 1092 1295 edit.
1111 1264 1208 1294 Rom.
1226 1267 1387 1302 corrupte
1403 1262 1529 1302 legitur

826 1325 894 1355 (μαι)
916 1315 968 1346 ille
994 1315 1118 1353 objectis
1139 1315 1236 1345 armis
1250 1313 1393 1344 militum.
1417 1313 1528 1344 Davis.

827 1363 974 1405 objectus
1012 1365 1076 1396 Ed.
1107 1365 1201 1395 Med.
1243 1363 1382 1394 obtectis
1416 1363 1528 1403 Bong.

826 1428 940 1459 prave.
976 1417 1023 1448 At
1044 1417 1077 1447 in
1104 1415 1199 1446 Leid.
1226 1425 1275 1455 pr.
1293 1415 1418 1454 legitur
1434 1414 1529 1445 intec-

826 1472 896 1499 tus:
920 1467 1010 1508 quod
1031 1471 1151 1497 notare
1175 1469 1291 1506 potest
1313 1465 1387 1495 hene
1407 1467 1528 1504 protec-

826 1522 902 1550 tum.
943 1519 998 1548 De
1016 1516 1119 1547 verbo
1138 1516 1289 1555 integere,
1307 1514 1485 1555 aliquoties
1509 1524 1529 1544 a

825 1573 941 1600 nostro
956 1567 1122 1606 adhibito,
1134 1565 1278 1595 vidimus
1293 1563 1334 1595 ad
1351 1564 1392 1594 B.
1408 1564 1450 1594 G.
1462 1572 1528 1594 vu.

826 1622 877 1650 73.
901 1623 936 1649 et
959 1619 1000 1649 B.
1018 1617 1093 1648 Civ.
1111 1626 1135 1647 1.
1151 1619 1204 1646 25.
1229 1613 1454 1654 Participium
1483 1613 1529 1645 in-

826 1671 924 1698 tectus
952 1676 1013 1707 pro
1037 1669 1116 1696 tecto
1139 1665 1223 1696 sumi
1241 1664 1343 1695 docet
1356 1665 1458 1695 etiam
1476 1663 1528 1694 Cl.

827 1719 942 1748 Burm.
969 1716 1010 1747 ad
1036 1716 1197 1756 Calpurn.
1221 1715 1293 1745 Ecl.
1319 1723 1368 1744 ιν.
1391 1717 1421 1745 3.
1446 1714 1455 1730 ⁴
1474 1713 1529 1744 In-

827 1772 920 1798 tecta
949 1766 1093 1796 statione
1112 1764 1234 1795 sedes!
1276 1764 1376 1794 Lucr.
1408 1772 1431 1794 1.
1453 1765 1527 1794 405.

827 1821 835 1834 ⁶
855 1818 1000 1847 intectas
1016 1814 1136 1846 frunde
1154 1813 1310 1855 quietes)
1347 1814 1404 1844 Sic
1422 1813 1528 1844 etiam

827 1867 929 1906 Apul.
946 1867 967 1897 l.
985 1875 1024 1896 11.
1050 1875 1082 1905 p.
1098 1867 1151 1894 33.
1177 1863 1238 1894 Ed.
1267 1864 1354 1894 Prie.
1381 1864 1453 1894 lecti
1475 1873 1528 1894 au-

825 1917 888 1947 reis
904 1916 1035 1947 vestibus
1062 1922 1216 1945 lhTECTI.
1254 1913 1308 1944 Ita
1334 1913 1424 1943 enim
1445 1913 1528 1944 Mss.

827 1972 862 1998 et
891 1966 979 1997 Edd.
1007 1965 1104 1996 Vett.
1135 1965 1234 2004 vulgo
1260 1964 1386 1993 intexti.
1415 1973 1446 2003 p.
1472 1966 1525 1994 39.

825 2019 974 2049 Juvenem
1008 2016 1112 2046 linteis
1143 2015 1286 2045 amiculis
1319 2016 1528 2045 iix'TECTUM:

826 2077 889 2108 pro
906 2076 972 2107 qno
988 2075 1077 2106 saepe
1101 2065 1190 2106 apud
1212 2064 1369 2104 Appulei.
1395 2073 1529 2106 quoque

826 2117 966 2156 injectus.

872 2176 933 2198 xx.
959 2170 975 2197 1
1002 2167 1125 2204 Roma]
1158 2165 1242 2196 Hzrc
1263 2175 1329 2195 vox
1354 2174 1421 2195 non
1443 2174 1530 2196 com-

829 2222 928 2258 paret
950 2218 982 2247 in
1012 2216 1080 2246 ullo
1106 2217 1275 2246 Mstorum
1299 2226 1451 2246 mre-orum
1473 2225 1532 2247 nu-

828 2277 922 2298 mero
939 2267 1056 2297 decern
1071 2277 1080 2303 ;
1104 2266 1155 2297 uti
1169 2275 1233 2297 nec
1251 2266 1283 2296 in
1300 2266 1386 2297 Edd.
1404 2266 1533 2306 primis.

830 2317 1004 2358 Suspicor,
1019 2317 1182 2347 insertum
1203 2316 1245 2346 al)
1262 2316 1312 2355 iis,
1329 2316 1386 2357 qui
1406 2320 1534 2347 metue-

830 2367 925 2406 bant,
940 2376 994 2404 ne,
1018 2366 1043 2397 si
1070 2366 1177 2397 Romae
1202 2367 1331 2397 mentio
1358 2366 1532 2397 omittere-

833 2423 897 2458 tur,
920 2417 1131 2457 intelligeret
1158 2418 1232 2458 quis
1259 2417 1332 2448 haec
1359 2417 1393 2448 in
1415 2417 1533 2449 castris

830 2468 884 2499 vel
911 2467 1096 2509 provinciis
1118 2474 1196 2498 acta
1219 2477 1305 2498 esse.
1350 2467 1417 2498 Sed
1431 2476 1532 2498 nemo

829 2529 894 2550 non
920 2528 981 2559 per
998 2528 1034 2548 se
1050 2518 1165 2549 videre
1188 2517 1346 2549 facillime
1373 2522 1499 2557 potest,
1513 2526 1533 2548 a

831 2569 964 2600 Caesare
988 2568 1042 2599 hic
1068 2578 1121 2598 res
1153 2568 1299 2599 urbanas
1329 2566 1531 2597 memorari:

830 2629 934 2660 quare
964 2629 1039 2650 cum
1075 2618 1224 2650 Grutero
1254 2618 1432 2649 delendam
1463 2626 1531 2647 om-

831 2669 910 2700 nino
927 2678 1063 2700 censeo.

871 2723 890 2751 2
914 2720 1011 2751 Initio
1032 2718 1248 2758 magistratus]
1279 2717 1332 2747 An
1354 2725 1421 2747 non
1446 2724 1532 2755 prae-

828 2776 908 2812 stet,
918 2771 1017 2803 invito
1032 2766 1245 2811 magistratu?
1270 2767 1360 2799 Nam
1375 2767 1531 2800 consules
