1850 3109
265 167 378 208 1442

266 271 353 302 Vide
369 270 468 302 Viros
483 270 614 309 doctos,
631 281 713 312 quos
731 270 847 302 laudat
866 270 966 301 Arnt-

265 331 338 352 zen.
356 321 398 352 ad
417 320 534 352 Aurei.
558 322 653 352 Vict.
678 322 739 361 Ep.
758 330 832 352 xiv.
874 320 967 351 Infra

263 372 366 403 ctiam
384 382 414 403 c.
431 375 485 403 60.
507 375 515 388 “
536 372 676 412 proinde
695 381 734 402 ac
751 371 818 401 suis
835 370 966 401 satisfa-

265 422 355 453 cere’
385 423 416 452 in
438 423 520 452 Mss.
545 422 712 459 omnibns,
735 421 783 451 uti
808 426 844 451 et
867 421 967 459 vulgo

265 481 295 503 c.
311 475 365 502 72.
387 472 395 488 ‘
415 471 555 512 proinde
571 481 610 501 ac*
628 471 653 500 si
672 470 858 500 vicissent)
905 470 968 500 Va-

264 521 370 552 riatur
393 521 493 551 etiarn
520 521 551 550 in
577 520 692 550 Vuler.
720 519 811 550 Max.
835 528 868 549 v.
889 522 917 550 1.
935 523 965 549 5.

263 579 333 603 ext.
362 578 396 603 et
427 572 527 612 Apul.
559 572 644 602 Met.
674 572 694 602 Ι.
723 581 754 602 v.
788 582 820 610 p.
845 574 897 601 95.
928 580 966 601 ac

264 633 296 662 p.
329 626 402 654 106.
437 622 608 662 ‘proinde
650 627 685 652 ut
725 619 968 652 merebantur)

267 674 338 705 Liv.
368 682 408 703 ιι.
439 677 491 703 58.
532 681 586 704 ιιι.
619 675 670 704 41.
707 677 769 703 &tu
822 672 888 702 Adi
918 672 968 703 el.

267 723 445 754 Drakenb.

305 777 344 805 21
382 774 419 804 In
445 773 652 813 prm-ipiendo
680 772 784 812 papuli
811 771 969 814 beneficio]

264 824 372 855 Editt.
392 825 487 854 Rom.
513 825 594 854 X'cn.
620 823 777 854 Beroald.
794 823 969 854 habentia

259 873 467 914 praecipiendo
482 874 584 913 populi
600 873 756 915 benqficio,
774 875 862 914 quod
880 874 969 904 idem

263 924 354 953 valet
383 932 421 953 ac
454 922 739 963 pramecupando.
799 925 969 963 Scriptor,

262 972 318 1012 qui
336 972 397 1002 sub
423 973 563 1002 Dareus
589 972 728 1012 Phrygii
754 973 888 1003 nomine
907 973 970 1003 cir-

264 1021 463 1059 cumfertur,
492 1032 522 1052 c.
553 1024 607 1053 33.
658 1023 771 1051 ‘Eum
811 1022 970 1052 continno

263 1071 400 1102 Troilus
417 1072 574 1112 praecipit
593 1076 628 1102 et
643 1071 796 1102 sauciat?
825 1071 969 1101 Ovidius

262 1122 364 1153 Trist.
385 1123 436 1154 ΕΙ.
453 1131 510 1153 ιιι.
536 1126 566 1154 3.
585 1125 633 1153 14.
669 1124 678 1139 ‘
698 1123 760 1152 vet
775 1123 970 1163 praecepisset

264 1182 352 1202 mors
369 1178 553 1212 properata
570 1171 701 1211 fugam?
747 1173 898 1203 Eandem
917 1183 971 1203 vo-

263 1232 337 1253 cem
354 1223 402 1253 ita
419 1223 665 1263 interpretatur
680 1224 818 1254 servius
835 1224 876 1254 ad
895 1224 970 1254 vir-

263 1273 333 1310 gilii
361 1274 478 1312 Eclog.
507 1282 560 1303 111.
585 1277 638 1303 98.
675 1273 785 1304 Duris.
821 1273 970 1313 l'raecipi-

261 1325 337 1354 endo
359 1323 524 1354 exhibent
547 1323 648 1354 etium
674 1324 757 1353 Mss.
782 1324 880 1354 Voss.
906 1323 969 1354 Pa-

263 1375 324 1404 lat.
354 1374 462 1412 Boug.
494 1372 642 1403 Dorvill.
673 1383 692 1404 a
719 1383 762 1404 m.
801 1383 850 1413 pr.
881 1373 968 1405 Edd.

263 1423 358 1454 Mvd.
372 1423 460 1453 Flor.
475 1423 639 1464 aliaeque:
659 1424 706 1454 sic
720 1424 809 1464 apud
821 1424 969 1454 Hirtium

264 1483 345 1505 ιἰιι.
376 1477 429 1504 51.
487 1474 559 1505 ‘Ut
591 1474 643 1504 vet
685 1474 970 1514 exspectatissimi

263 1524 425 1565 triumphi
444 1523 562 1555 laetitia
579 1524 720 1564 praecipi
742 1524 879 1564 posset!
915 1524 970 1555 In-

262 1574 314 1605 fra
331 1584 361 1605 c.
377 1577 430 1605 31.
455 1577 463 1590 ‘
479 1574 656 1614 pecuniam
672 1574 879 1615 insequentis
892 1574 970 1605 anni

265 1629 480 1664 praeceperat
495 1623 516 1654 :’
544 1624 599 1654 ubi
616 1624 741 1655 ibidem
757 1624 834 1655 vide
849 1625 968 1655 Davis.

264 1682 299 1707 et
324 1685 377 1706 me
400 1675 442 1705 ad
467 1684 494 1706 c.
513 1678 563 1706 13.
611 1676 655 1706 Et
681 1675 729 1705 ita
752 1676 761 1692 ‘
780 1675 969 1715 praecipere

265 1725 386 1756 animo’
405 1725 438 1755 li.
455 1725 477 1755 l.
494 1734 524 1755 c.
546 1727 598 1754 78.
626 1724 635 1739 ‘
652 1724 820 1764 opinione’
844 1733 911 1755 vn.
938 1728 969 1756 9.

265 1776 322 1807 nbi
340 1775 416 1806 vide
444 1775 578 1806 Manut.
604 1784 642 1805 ac
668 1785 760 1815 sa‘pe
778 1775 969 1816 passimque

265 1836 340 1857 cum
380 1825 485 1856 verbo
531 1825 701 1865 pr·1eripere
738 1824 968 1856 confunditur.

266 1877 333 1907 Adi
358 1881 428 1907 not.
453 1875 495 1907 ad
524 1876 651 1906 Lucan.
670 1884 709 1906 11.
734 1878 806 1906 106.
833 1880 869 1906 et
895 1885 969 1915 quae

264 1926 437 1967 congessit
467 1925 630 1956 Arntzen.
663 1925 704 1955 ad
735 1925 850 1955 Aurel.
877 1925 970 1956 Vict.

264 1979 376 2009 Illust.
411 1988 439 2009 c.
463 1982 494 2008 5.
550 1977 776 2007 Nihilominus
809 1986 884 2007 cum
916 1986 969 2007 ve-

264 2028 460 2060 tustissimis
475 2027 659 2059 Codicibus
670 2027 875 2066 praeripiendo
887 2037 970 2068 pra*-

262 2079 350 2110 fero.
397 2078 438 2108 Id
455 2078 542 2109 enim
563 2077 700 2108 verbum
720 2077 817 2107 ¹simul
833 2077 970 2108 nimiam

263 2132 351 2160 inea
367 2139 403 2160 re
427 2129 665 2169 cupiditatem,
689 2128 784 2167 cujus
809 2137 827 2157 a
849 2137 885 2158 se
901 2137 970 2158 sus-

265 2181 433 2220 picionem
471 2179 619 2210 amoveri
658 2179 796 2209 volebat
843 2179 970 2217 Caesar,

265 2231 434 2262 ostendit:
461 2235 498 2260 ut
520 2229 609 2270 apud
634 2230 744 2260 Cicer.
771 2239 832 2269 pro
858 2229 970 2269 Ligar.

266 2294 296 2312 ‹=.
318 2285 347 2313 1.
372 2284 380 2299 ‘
400 2291 464 2312 non
488 2282 650 2312 mediocri
675 2281 865 2321 cupiditate
890 2281 971 2310 arri-

266 2333 339 2371 puit
370 2332 569 2372 imperinm!
616 2331 781 2371 Adposite
811 2331 898 2361 idem
928 2330 970 2361 de

265 2381 336 2412 off.
357 2391 409 2412 111.
434 2386 486 2413 20.
509 2383 517 2398 ‘
536 2382 720 2422 praeripere
749 2381 888 2421 collegis
914 2391 970 2420 po-

264 2432 414 2471 pularem
429 2432 596 2471 grati.=1n‚'
610 2438 643 2462 et
659 2431 794 2472 passim.
811 2431 852 2461 B.
869 2430 968 2461 Alex.

264 2491 294 2512 c.
325 2484 378 2512 27.
427 2482 639 2521 ‘praeripere
683 2479 969 2521 subsequentibus

264 2533 415 2563 victoriae
429 2532 647 2563 societatem!

308 2591 348 2614 ιι.
371 2587 388 2613 5
417 2583 461 2613 Ut
475 2586 606 2622 anguste
630 2590 692 2612 xx.
718 2581 815 2612 miilia
833 2581 967 2620 legiona-

263 2633 381 2663 riorum
411 2633 543 2663 militum
579 2636 608 2663 et
645 2640 689 2663 nc
716 2632 831 2671 equites
867 2634 967 2661 truns-

259 2686 388 2723 portare
408 2682 545 2722 possent]
571 2682 611 2713 ln
627 2681 794 2723 prioribus
811 2680 967 2711 editioni-

267 2725 327 2763 bus
356 2737 391 2764 et
416 2732 514 2763 Matis
534 2732 686 2764 omnibus
711 2735 784 2763 erut
808 2739 854 2762 xv
878 2731 966 2761 milia

739 177 880 208 NOTAE
916 177 1178 207 x‘ARloRUM
1213 177 1262 206 ΙΝ

1015 270 1262 308 legionariorum.
1299 268 1450 308 Scaliger
1467 276 1528 298 xx.
1542 267 1662 307 edidit,
1677 277 1718 300 an

1017 328 1060 350 ex
1078 320 1185 350 veteri
1203 320 1320 350 codice
1338 319 1490 357 ignarum
1506 317 1585 348 mihi
1601 328 1608 347 z
1638 317 1721 348 illud

1018 369 1120 400 credo
1145 379 1209 400 non
1238 376 1365 399 teniere
1389 372 1555 398 mutasse:
1582 372 1722 407 praeter·

1019 429 1117 459 quam
1139 419 1230 461 quod
1254 419 1404 450 historia*
1428 418 1490 448 hoc
1515 418 1620 457 magis
1642 426 1723 448 con-

1019 480 1137 509 gruum
1171 471 1317 502 videtur.
1377 470 1442 500 Sed
1474 469 1656 500 Cium-onio
1687 474 1723 500 et

1020 520 1142 550 Ursino
1165 521 1323 551 assentiri
1350 530 1493 560 nequeo,
1514 519 1569 559 qni
1591 519 1645 549 hic
1673 527 1723 549 re-

1019 571 1216 600 scribebant
1237 579 1285 599 ru
1305 571 1455 607 legiones.-
1481 568 1643 600 Profecto
1666 578 1721 599 au—

1019 622 1085 652 dax
1117 621 1310 652 emendatio
1337 621 1393 650 illa
1420 626 1484 651 est.
1532 621 1642 650 Movit
1666 628 1724 650 eos

1019 673 1107 714 quod
1139 673 1301 702 scribitur
1326 670 1413 702 infra
1451 681 1526 709 cap.
1557 674 1589 700 o.
1628 674 1637 687 ⁶
1658 669 1723 700 Im·

1021 723 1152 762 positis,
1179 728 1214 752 ut
1242 731 1344 761 supra
1367 720 1635 751 demonstratum
1659 725 1724 755 est,

1020 773 1209 811 legionibus
1235 771 1309 802 vn.'
1355 770 1481 800 Verum
1507 769 1589 799 dicit
1609 770 1724 799 (ζωδια-

1021 825 1092 864 ipse
1110 824 1166 854 lias
1181 823 1296 862 copias
1310 820 1594 860 infrequentiores
1609 817 1726 858 fnisse,

1021 874 1100 914 qnia
1127 878 1163 904 et
1192 872 1378 903 Gallicanis
1411 871 1517 909 bellis,
1542 875 1577 900 et
1604 869 1725 899 itincre

1021 923 1224 963 Hispanico,
1262 926 1296 952 ct
1334 920 1528 950 valetudine
1559 920 1592 949 in
1624 918 1726 949 ltalia

1021 973 1149 1004 attritu»
1176 976 1284 1002 erant.
1331 970 1385 1000 lta
1411 976 1449 1000 ut
1477 969 1580 1000 facile
1606 974 1725 1008 putue-

1021 1023 1089 1053 rint
1107 1031 1155 1053 νιι
1176 1021 1325 1059 legiones
1349 1019 1456 1059 redigi
1481 1019 1522 1049 ad
1547 1018 1648 1049 millia
1665 1025 1726 1049 xx.

1022 1072 1094 1103 Iino
1111 1071 1258 1102 dubitari
1276 1070 1395 1110 possit,
1416 1079 1456 1100 an
1482 1067 1582 1107 iufra,
1599 1067 1655 1100 ubi
1672 1076 1724 1098 vu

1022 1121 1171 1162 legiones
1190 1121 1418 1158 nominantur,
1435 1129 1500 1150 non
1517 1122 1660 1159 praestet
1675 1127 1725 1148 re-

1023 1182 1148 1212 ponere
1171 1171 1320 1211 quinque:
1351 1170 1426 1211 quia
1454 1174 1505 1200 tot
1532 1170 1681 1210 legiones
1706 1179 1726 1200 a

1021 1223 1070 1252 (Lu
1081 1232 1156 1252 sare
1184 1221 1400 1252 transductas
1425 1221 1518 1251 aiunt
1547 1219 1725 1259 Appianus

1022 1277 1055 1302 et
1082 1272 1296 1302 Plutarchus.
1343 1271 1386 1301 Et
1404 1269 1560 1310 profecto
1579 1269 1724 1310 quinque

1022 1322 1170 1362 legiones
1193 1322 1300 1351 minus
1318 1320 1430 1351 absint
1449 1328 1496 1350 xx
1513 1320 1651 1350 millium
1668 1329 1728 1350 nu-

1022 1381 1127 1410 mero,
1159 1381 1234 1402 nam
1262 1369 1414 1401 efficiunt
1446 1370 1549 1401 millia
1583 1378 1672 1409 xxx,
1699 1369 1726 1401 si

1023 1422 1131 1462 plenae
1157 1422 1244 1452 sint:
1270 1427 1304 1452 at
1322 1422 1434 1452 Caesar
1451 1421 1533 1452 dicit
1556 1421 1650 1452 valde
1677 1421 1725 1452 in·

1021 1473 1216 1512 frequentes
1240 1471 1365 1508 fuisse;
1390 1478 1493 1512 atque
1518 1475 1598 1502 tunc
1623 1471 1727 1503 tertia

1021 1523 1159 1554 circiter
1181 1532 1258 1563 pars
1282 1523 1479 1554 desiderata
1498 1522 1612 1554 fuerit.
1657 1523 1722 1554 Sed

1021 1573 1098 1604 nolo
1123 1578 1252 1604 temere
1273 1578 1423 1611 mutare;
1448 1573 1526 1613 quia
1547 1571 1725 1612 Appianus

1021 1624 1115 1655 addit
1143 1624 1224 1655 duas
1250 1629 1371 1663 postea
1395 1624 1544 1664 legiones
1566 1632 1726 1663 superve-

1021 1676 1126 1706 nisse:
1151 1681 1186 1707 et
1205 1685 1224 1705 a
1240 1676 1375 1707 Cat-sare
1392 1665 1566 1706 asssmntas.
1595 1674 1725 1706 Vossius.

1022 1725 1176 1755 Primum
1207 1734 1225 1755 e
1254 1734 1417 1756 consensu
1448 1724 1596 1755 omnium
1621 1723 1727 1755 Msto-

1022 1785 1095 1805 rum
1113 1775 1248 1815 reposui
1272 1784 1447 1805 nnmerum
1472 1783 1533 1813 xv,
1556 1773 1665 1805 donec
1689 1774 1726 1805 li-

1023 1825 1154 1865 quidius
1202 1824 1367 1864 adpareat
1409 1834 1489 1854 vera
1532 1824 1725 1856 multitudo.

1023 1875 1210 1916 Glandorp.
1235 1874 1277 1905 ad
1301 1885 1331 1906 c.
1347 1877 1376 1905 6.
1399 1875 1495 1905 malit
1520 1883 1595 1905 xxv
1629 1874 1726 1905 milia.

1021 1925 1113 1955 Dein
1138 1923 1341 1963 legionarium
1365 1930 1540 1955 contracte
1568 1923 1726 1955 scribitur

1021 1976 1054 2006 in
1074 1976 1168 2007 Leid.
1187 1985 1236 2015 pr.
1259 1975 1380 2005 Lovan.
1398 1979 1433 2005 ct
1451 1974 1595 2005 Dorvill.
1640 1975 1725 2006 Tum

1022 2027 1176 2066 copulam
1193 2031 1223 2057 et
1239 2026 1352 2057 delevi
1375 2026 1458 2056 Mss.
1482 2025 1628 2056 omnium
1647 2034 1725 2057 auc-

1022 2077 1175 2115 toritate,
1193 2077 1248 2117 qui
1272 2086 1346 2107 cum
1371 2075 1480 2106 Editis
1504 2081 1582 2105 ante
1601 2075 1724 2115 Scalig.

1022 2132 1152 2158 tantum
1170 2127 1294 2157 liabent
1311 2127 1354 2157 Ι).
1369 2136 1428 2156 sen
1443 2127 1635 2165 quingentos.
1659 2126 1725 2156 Ve-

1022 2187 1093 2208 rum
1112 2178 1196 2208 Mss.
1215 2178 1293 2208 Pet.
1312 2176 1431 2207 Leidd.
1449 2176 1544 2206 Voss.
1563 2184 1626 2204 uon
1643 2175 1726 2215 equi-

1022 2231 1068 2258 tes
1082 2227 1219 2266 habent,
1235 2232 1269 2257 at
1287 2227 1412 2257 milites.
1445 2227 1623 2266 corrupte.
1647 2226 1724 2256 Sca-

1022 2277 1106 2317 liger
1132 2285 1176 2308 Dc
1201 2277 1375 2317 rescripsit
1403 2287 1477 2307 cum
1506 2276 1664 2316 Appiano
1689 2280 1726 2306 et

1022 2328 1222 2366 Plutarcho,
1236 2337 1277 2357 ex
1294 2327 1466 2358 Ciacconii
1483 2326 1708 2357 correctione.

1063 2381 1081 2408 7
1107 2378 1216 2417 Inopia
1232 2377 1370 2416 narium]
1401 2377 1598 2417 suspicatur
1615 2377 1724 2408 Hoto-

1021 2438 1161 2460 mannus
1192 2438 1253 2459 nec
1283 2427 1452 2466 inmerito,
1483 2437 1583 2458 voces
1614 2427 1673 2457 has
1703 2437 1723 2458 e

1021 2478 1170 2518 margine
1195 2478 1226 2508 in
1251 2483 1380 2508 textum
1398 2477 1589 2516 inrepsisse.
1616 2477 1722 2508 Clark.

1022 2529 1116 2559 Idem
1146 2533 1285 2559 censent
1316 2527 1526 2565 ciacconius,
1556 2527 1722 2566 Scaliger,

1021 2578 1199 2609 Gruterus.
1239 2579 1311 2617 lego
1329 2587 1379 2608 me
1393 2577 1467 2607 hinc
1485 2587 1548 2608 non
1565 2577 1725 2618 expedio,

1019 2634 1054 2660 et
1086 2629 1194 2669 majus
1224 2629 1319 2659 ulcus
1351 2628 1458 2658 latere
1491 2633 1584 2667 puto.
1632 2627 1722 2659 Nam

1019 2680 1115 2709 simul
1132 2679 1227 2720 queri
1252 2678 1293 2709 de
1318 2679 1432 2718 inopia
1456 2679 1602 2718 navium,
1622 2683 1658 2709 et
1678 2678 1721 2710 de

1018 2727 1248 2770 infrequentia
1273 2729 1414 2759 militum
1442 2727 1607 2759 absonum
1631 2727 1723 2759 vide-
