1850 3109
217 128 238 169 1
247 127 331 169 560

219 232 320 273 vulgo
334 232 485 265 inserunt
496 236 609 264 tamen.
626 233 714 265 vido
728 233 830 264 ctiam
842 233 922 264 Var.

218 283 318 320 Lect.
336 283 376 314 B.
394 283 436 318 G.
453 287 600 315 v111.50.

260 336 281 364 6
308 334 476 374 Acceptum
493 333 635 373 screbat]
669 334 716 365 Ut
745 333 809 364 hoc
841 332 923 365 ferri

217 389 333 425 queat,
347 389 382 415 et
396 385 478 416 locis
496 385 624 415 Valerii
642 383 923 423 Maximi,Pliuii‚

216 435 356 466 Senecae
388 444 427 465 ac
459 435 555 467 JCtis
586 434 802 473 defendatur,
835 439 921 465 sata-

217 490 322 526 gente
350 484 507 515 Boricliio
533 484 643 524 Cogit.
669 483 710 515 de
730 484 828 525 Ling.
846 485 921 516 Lat.

214 545 248 576 p.
262 537 336 565 270.
352 534 610 575 exprimendum
624 540 736 566 tamen
751 540 816 575 cst,
830 535 920 577 quod

214 586 249 615 in
265 584 510 626 antiquioribus
527 590 580 616 est
596 584 701 616 libris.
727 585 846 616 Petav.
863 594 920 616 au-

215 641 298 674 tem,
313 635 509 674 Leidenses,
524 636 622 667 Voss.
639 641 674 667 et
687 634 829 666 Aicardi
843 645 920 667 cum

213 686 286 717 aliis
303 685 430 716 habent
446 685 630 724 referebant.
675 686 776 720 Quod
794 686 918 727 passim

212 736 248 767 in
264 735 314 766 liis
331 737 580 768 commentariis
597 737 757 777 occurrit,
773 741 811 768 ut
827 736 918 777 apud

212 786 307 819 aurei
327 789 390 819 aevi
407 789 594 828 scriptores
608 797 752 829 semper.
784 788 825 819 In
839 788 919 820 alio-

213 848 287 870 rum
313 840 409 878 locis,
425 839 481 870 ubi
505 840 604 879 vulgo
619 840 704 878 ferri
721 838 918 871 circumfer·

214 895 282 929 tur,
296 891 380 921 Mss.
395 889 465 921 fere
481 890 701 932 liabeutfieri.
724 891 812 922 Vide
826 891 917 921 Cort.

213 940 255 972 ad
288 941 378 972 Plin.
408 941 471 981 Ep.
497 949 536 972 11.
553 943 584 972 4.
608 945 616 958 ⁶
634 940 827 981 Acceptum
856 940 918 971 tibi

211 991 452 1032 fierijubebo!

256 1045 297 1072 10
322 1041 502 1081 ornamur]
526 1041 581 1072 Sic
606 1041 688 1072 Mss.
713 1039 860 1081 plurimi,
882 1044 918 1072 et

211 1091 320 1124 Editt.
350 1092 446 1123 Vett.
473 1091 657 1122 nonnullae.
699 1091 854 1132 Scaliger
881 1095 918 1124 et

209 1141 438 1173 Recentiores
453 1153 460 1179 ;
477 1145 655 1173 onerantur.
680 1142 795 1172 Minus
811 1145 917 1173 reete.

212 1193 320 1226 Clark.
360 1193 502 1233 Optime
527 1202 604 1224 cnm
629 1191 789 1223 Goduino
819 1201 860 1223 ex
885 1194 917 1224 6.

211 1244 298 1275 Mss.
325 1243 469 1275 Gallicis
497 1244 546 1275 ita
569 1243 720 1274 restitnit
736 1243 916 1282 Clarkius;

209 1294 299 1335 quod
315 1293 518 1325 confirmant
535 1294 653 1334 anac.
679 1294 802 1325 Petav.
820 1293 916 1327 Leid.

211 1354 264 1385 pr.
296 1345 393 1375 Voss.
422 1345 549 1375 Lovan.
581 1343 728 1376 Dorvill.
762 1347 798 1374 et
829 1343 916 1376 Edd.

209 1395 339 1435 primae.
368 1395 530 1426 Ornantur
546 1394 615 1425 sive
633 1398 806 1425 armantur
822 1394 916 1435 equi-

210 1449 263 1477 tes
293 1446 443 1486 inpensis
471 1446 736 1487 provincialium.
793 1446 916 1476 Ornare

208 1501 244 1528 ct
268 1507 395 1527 onerare
419 1497 451 1527 in
475 1497 524 1527 liis
545 1497 667 1528 crebro
684 1500 914 1537 permutatum

207 1552 271 1581 est.
316 1547 384 1578 Adi
409 1547 587 1578 CLBnrm.
612 1547 655 1577 ad
680 1546 782 1578 Ovid.
804 1547 913 1587 Epist.

209 1605 262 1630 lx.
280 1599 352 1628 103.
369 1598 378 1613 ⁴
394 1597 438 1628 Sc
457 1607 591 1638 quoquc
609 1597 841 1637 Nymphatins
862 1606 915 1627 or-

207 1648 302 1683 navit
317 1647 476 1681 Jardanis
493 1647 618 1678 armis.’
642 1648 683 1678 B.
698 1646 804 1678 Afric.
819 1657 848 1678 c.
862 1649 914 1678 72.

209 1699 388 1730 ‘Ornatus
418 1698 649 1738 loricatusque
676 1696 877 1737 elephantus
892 1696 914 1728 ε’

206 1748 265 1782 ubi
278 1749 398 1779 eadem
409 1747 576 1779 confusio.
600 1747 703 1788 Apud
717 1757 747 1779 c.
760 1750 813 1779 86.
827 1747 835 1764 ‘
849 1748 916 1779 ele-

208 1800 353 1840 phantos
369 1803 504 1831 ornatos
522 1797 763 1839 armatosque.'

251 1853 353 1882 1.1.10
383 1851 486 1890 Atque
510 1849 752 1890 imperarentur]
799 1849 914 1881 Hasce

207 1909 320 1939 voceS,
335 1909 411 1940 quae
429 1899 462 1930 in
478 1899 632 1931 omnibus
658 1899 761 1931 Mstis
777 1905 813 1930 et
829 1900 915 1931 anti-

208 1949 322 1991 quitus
360 1949 494 1980 excusis
533 1953 745 1989 comparent,
785 1954 914 1981 temere

205 2009 346 2041 prorsus
362 2000 475 2031 omisit
491 1999 562 2032 JoS.
577 1999 732 2041 Scaliger
746 2010 755 2038 ;
786 2000 913 2032 descri-

205 2050 334 2082 buntur
350 2051 439 2082 euim
456 2049 625 2091 pecuniae,
638 2059 715 2082 cum
732 2055 828 2082 certa
845 2050 915 2081 uni-

206 2101 328 2142 cuique
362 2111 493 2132 summa
522 2101 707 2142 imponitur
737 2101 914 2140 solvenda,

204 2152 416 2192 imperantur
434 2157 560 2193 autem,
578 2163 655 2184 cum
681 2162 737 2184 eas
765 2153 913 2194 postulat

205 2208 355 2235 exactor.
389 2204 499 2234 Daris.
547 2203 626 2234 Non
651 2206 764 2235 temere
786 2213 914 2244 prorsus

205 2254 317 2285 omisit
346 2253 406 2285 lias
438 2262 539 2284 voces
567 2253 639 2286 J05.
671 2253 840 2295 Scaliger,
875 2258 912 2285 nt

203 2303 412 2336 existimavit
427 2303 588 2334 Davisius
603 2314 610 2341 ;
635 2303 805 2344 expressit
823 2303 912 2335 enim

205 2363 262 2386 eas
287 2353 438 2394 Scaliger
455 2354 487 2384 in
503 2363 561 2385 sua
577 2353 737 2385 Editione.
753 2365 761 2385 z
797 2354 855 2385 sed
877 2356 911 2386 in

205 2402 367 2441 Editione
391 2403 648 2444 Jungermanni,
675 2403 731 2444 qui
763 2404 911 2444 Scalige-

204 2464 278 2485 rum
304 2462 443 2485 secutus
471 2458 534 2492 est,
553 2454 684 2485 omissae
701 2459 780 2485 sunt
795 2463 910 2486 errore

203 2504 463 2545 typographico.
511 2505 619 2536 Clark.

249 2564 312 2587 ιιι.
329 2559 349 2587 ὓ
373 2556 555 2588 Meridianu
571 2556 661 2597 horu]
707 2557 791 2588 Mss.
823 2557 908 2598 Reg.

203 2606 330 2641 Eliens.
358 2611 393 2638 et
425 2607 534 2638 Vossii
563 2608 802 2647 postmeridiano
831 2612 907 2640 tem-

199 2666 282 2697 pore.
307 2658 419 2689 Clark.
469 2658 615 2698 Tempore
626 2659 839 2699 pomeridiano
855 2664 906 2690 est

202 2708 236 2742 in
263 2708 350 2742 Edd.
377 2709 466 2742 Flor.
492 2709 631 2741 Vascos.
657 2710 789 2752 Gryph.
815 2714 903 2752 post.

676 138 818 169 NOTAE
855 137 1117 169 VARJORUM
1147 136 1210 175 ,ΙΝ

978 231 1097 272 steph.
1115 236 1150 262 et
1163 231 1308 263 Stradae.
1352 230 1421 262 Sed
1443 234 1580 271 tompore
1601 235 1681 271 poso-

975 281 1148 313 meridiano
1165 281 1248 313 Mss.
1264 282 1378 313 Ursin.
1405 281 1525 322 Cujac.
1552 281 1680 323 scalig.

976 331 1098 363 Petav.
1115 336 1151 363 et
1168 332 1264 364 Leid.
1281 343 1333 374 pr.
1350 342 1426 364 cum
1442 332 1505 364 Ed.
1521 333 1680 365 Beroald.

975 382 1065 422 quod
1096 383 1266 423 rescripsi.
1320 382 1454 414 Passim
1485 383 1536 414 ita
1561 383 1682 416 Cicero

975 435 1010 462 et
1027 432 1096 463 alii.
1142 434 1278 466 Desunt
1293 435 1344 465 11ae
1363 444 1464 466 voces
1482 435 1515 465 in
1533 435 1661 466 Lovan.

1017 484 1037 512 9
1062 483 1145 514 Nam
1161 484 1188 513 is
1202 484 1284 515 latus
1309 485 1411 516 Cassii
1431 484 1571 526 tegebat]
1603 484 1681 518 Hoc

973 532 1048 564 loco
1076 534 1157 564 latus
1182 537 1288 574 tegere
1313 541 1365 567 est
1390 537 1478 568 latus
1507 536 1682 568 sinistrum

975 584 1128 624 alterius,
1155 585 1212 626 qui
1243 586 1297 616 vel
1329 591 1432 618 aetate
1469 587 1520 618 vel
1554 587 1680 619 honore

972 635 1128 676 superior
1145 640 1208 676 est,
1232 636 1393 668 claudere
1409 649 1416 668 :
1454 637 1542 679 quod
1560 638 1616 678 qui
1634 636 1680 668 fa-

972 686 1030 726 cit,
1045 690 1205 728 tanquam
1223 697 1285 728 pro
1302 692 1399 719 scuto
1416 687 1475 727 sit,
1496 697 1563 729 quo
1578 688 1681 728 latus,

972 737 1232 779 praesertimque
1245 738 1430 775 sinistrum,
1446 738 1588 779 tegitur,
1597 739 1681 770 latus

970 790 1074 827 tegere
1090 788 1228 829 dicitur,
1243 794 1281 820 nt
1297 789 1399 820 docet
1412 788 1582 821 Adrianus
1595 789 1681 820 Tur·

969 838 1076 869 nebus
1093 838 1239 871 Advers.
1257 849 1331 872 xlv.
1349 843 1402 872 24.
1428 840 1585 871 adhibito
1608 839 1682 872 Ho-

971 887 1049 918 ratii
1062 888 1136 919 loco
1149 888 1222 920 Sat.
1239 897 1279 920 11.
1297 893 1328 921 5.
1344 892 1395 921 18.
1419 890 1428 906 ‘
1444 889 1548 920 Visne
1565 894 1680 930 tegam

970 947 1094 977 spurco
1122 937 1243 969 Damae
1268 938 1358 969 latus
1372 938 1394 968 ?'
1429 939 1546 969 Brant.
1591 938 1681 970 Vide

969 986 1172 1019 Juvenalem
1188 988 1259 1020 Sat.
1275 997 1331 1020 111.
1348 990 1442 1020 131.:
1476 993 1512 1020 et
1536 988 1584 1020 ibi
1608 992 1679 1020 vet.

969 1037 1116 1070 Scholia.
1151 1038 1265 1070 Dat-is.
1324 1039 1433 1071 Notat
1450 1039 1629 1071 Goduinus
1645 1038 1680 1070 in

971 1087 1037 1119 Ms.
1065 1089 1173 1129 Regio
1201 1089 1304 1120 scribi
1331 1099 1390 1130 per
1420 1090 1604 1126 Racilium‚·
1641 1093 1680 1121 ut

968 1138 1041 1178 ipse
1058 1138 1209 1170 Racilius
1236 1139 1343 1170 caedis
1370 1140 1545 1180 particeps
1572 1140 1630 1181 (V.
1647 1149 1678 1171 c.

969 1191 1022 1218 53.
1060 1188 1131 1227 55.)
1169 1189 1280 1220 locum
1320 1190 1514 1229 percussori
1545 1189 1679 1221 dederit

968 1238 1175 1279 corripiendi
1213 1249 1382 1272 aversum.
1455 1240 1522 1273 Qui
1564 1245 1680 1272 tamen

969 1298 1086 1320 sensus
1116 1290 1198 1321 satis
1230 1300 1249 1321 e
1283 1290 1430 1332 vulgatis
1457 1300 1594 1333 quoqne
1621 1301 1679 1323 ex-

968 1339 1076 1379 sculpi
1094 1344 1222 1380 potest.

1012 1393 1050 1421 11
1088 1390 1228 1422 Sinistra
1256 1391 1390 1432 conripit
1421 1392 1505 1432 eum]
1548 1392 1678 1426 Locum

965 1440 1054 1471 hunc
1072 1440 1114 1471 de
1140 1441 1263 1472 menda
1280 1447 1477 1482 suspectum
1493 1452 1559 1474 non
1576 1443 1678 1476 habe-

967 1501 1049 1531 rem,
1088 1492 1152 1523 nisi
1182 1493 1265 1524 Mss.
1296 1503 1349 1525 me
1377 1495 1452 1535 ejus
1488 1494 1677 1526 admonuis-

966 1548 1064 1574 scnt:
1099 1552 1176 1574 nam
1193 1553 1255 1584 pro
1272 1553 1341 1574 cum
1369 1545 1403 1575 in
1426 1545 1526 1576 Voss.
1544 1550 1595 1576 est
1609 1555 1677 1577 ter-

964 1604 1026 1632 sus,
1044 1594 1078 1624 in
1108 1594 1224 1635 Cujac.
1249 1595 1373 1627 Petav.
1399 1595 1526 1637 Scalig.
1547 1597 1676 1628 Lovan.

964 1653 1095 1674 tersum.
1158 1644 1316 1684 Amplius
1348 1650 1460 1677 mutat
1491 1645 1588 1677 Leid.
1622 1656 1676 1687 pr.

966 1693 1048 1724 dans
1079 1695 1111 1724 in
1137 1694 1301 1726 sinistram
1334 1699 1455 1736 partem
1488 1696 1675 1729 insinuasset

964 1746 1096 1787 corripit
1121 1757 1253 1778 versum.
1307 1747 1408 1779 Unde
1437 1747 1571 1779 videtur
1597 1748 1677 1779 scri-

965 1797 1113 1829 bendum
1135 1807 1207 1829 esse
1230 1798 1362 1829 sinistra
1377 1799 1506 1838 corripit
1522 1807 1675 1839 aversum,

965 1847 986 1878 i.
1002 1857 1031 1879 e.
1048 1857 1067 1878 a
1085 1853 1180 1887 tergo
1195 1859 1202 1879 :
1238 1848 1302 1880 nisi
1324 1858 1445 1880 versum
1462 1850 1507 1881 sit
1525 1859 1586 1890 pro
1602 1860 1673 1881 con-

964 1910 1096 1938 versum,
1124 1904 1161 1932 ut
1186 1910 1222 1931 se
1251 1902 1461 1932 convenerit
1486 1902 1672 1942 Longinus,

964 1949 1114 1981 Minutio
1158 1955 1236 1991 post
1264 1950 1436 1982 Racilium
1477 1961 1512 1983 se
1549 1952 1673 1983 insinn-

965 2006 1046 2032 ante
1075 2000 1165 2032 inter
1195 2010 1264 2041 εοε,
1295 2006 1332 2032 ut
1354 2002 1576 2033 ‘conversum
1609 2012 1675 2032 am-

964 2050 1096 2090 plexns'
1132 2050 1271 2092 Apuleii
1305 2051 1393 2082 Met.
1425 2052 1447 2082 l.
1479 2061 1518 2083 ιι.
1554 2062 1586 2092 p.
1618 2056 1672 2084 29.

962 2100 1030 2131 Sed
1057 2101 1147 2141 prius
1175 2101 1288 2142 aptius
1316 2106 1350 2132 ct
1377 2101 1484 2143 magis
1512 2103 1674 2134 Latinum

962 2152 1110 2183 videtur.

1008 2205 1045 2234 13
1071 2203 1235 2234 Munatius
1263 2203 1414 2243 Plancus]
1461 2203 1545 2235 Mss.
1577 2208 1676 2244 quot-

963 2258 1047 2294 quot
1064 2254 1149 2293 scio,
1163 2263 1279 2285 omnes
1296 2259 1422 2294 praeter
1452 2254 1552 2285 Brun
1581 2254 1674 2285 codi-

964 2313 1050 2343 cem,
1069 2308 1107 2335 ut
1135 2308 1171 2335 et
1197 2303 1284 2335 Edd.
1311 2304 1443 2344 primae,
1471 2303 1553 2334 item
1570 2305 1672 2336 Vasc.

964 2354 1097 2394 Gryph.
1125 2353 1245 2394 steph.
1273 2353 1403 2384 liabent
1446 2354 1598 2385 Flaccus:
1634 2358 1672 2386 et

961 2404 1077 2435 statim
1096 2404 1252 2435 Flaccum.
1287 2404 1443 2435 Munatio:
1460 2408 1574 2435 tamen
1592 2413 1670 2445 gen-

962 2455 1005 2486 tis
1033 2455 1174 2495 vulgare
1205 2464 1394 2495 cognomen
1431 2460 1484 2486 est
1509 2455 1668 2487 Plancus:

961 2507 1050 2537 unde
1067 2506 1150 2537 illud
1168 2506 1276 2537 Aldus
1294 2506 1427 2538 videtur
1439 2507 1669 2539 substituisse.

961 2558 1119 2588 Manilius
1135 2564 1188 2589 est
1204 2558 1237 2588 in
1256 2557 1343 2588 Edd.
1360 2557 1504 2589 Mediol.
1521 2568 1560 2589 ac
1578 2558 1667 2590 Ven.

959 2609 1118 2639 Manilius
1143 2609 1232 2640 Flor.
1279 2609 1406 2639 Forsan
1433 2609 1522 2640 ratio
1547 2609 1669 2641 horum

957 2660 1127 2690 nominum
1162 2659 1196 2690 in
1233 2659 1416 2700 provinciis
1453 2659 1665 2701 aliquantum

954 2708 1095 2742 confusa
1119 2709 1197 2741 fuit.
1264 2709 1388 2741 Subdit
1410 2709 1498 2741 enim
1523 2709 1669 2748 Auctor,
