1850 3109
510 205 574 236 na
606 202 723 235 vri-A
754 201 888 234 sunu
922 203 1158 235 erasmus.
1445 192 1557 236 1763

103 299 151 335 ml
173 311 213 336 st·
231 297 356 336 venire
375 296 628 347 praecepisset,
665 297 816 334 mininie
848 303 1069 347 paruerunt.
1124 296 1253 333 Tanta
1283 297 1459 335 omnibus
1489 312 1556 336 cu-

102 362 240 412 piditas
261 361 523 397 novandarum
538 373 663 398 rerum
681 367 775 406 erat,
800 367 840 398 ut
860 361 950 398 niliil
971 360 1023 397 eis
1044 360 1090 397 ad
1122 360 1434 398 ⁵2debellandum
1455 374 1554 410 prat-

103 432 160 465 ter
179 424 313 461 (lucem
334 423 498 460 defuisse
519 423 735 461 videretur:
767 424 832 474 qui
854 424 918 461 ubi
936 424 1046 462 affuit
1068 437 1153 460 mox
1183 423 1336 460 emersit
1360 426 1556 461 occultata

102 488 268 528 rebellio.
326 489 389 525 Sic
411 487 542 537 opinio
563 489 771 525 inveterata
792 489 1059 538 praevaluerat,
1091 501 1166 538 qua
1199 488 1235 524 in
1265 487 1380 525 rebus
1408 487 1556 525 bellicis

103 551 205 589 Galli
234 551 412 588 omnibns
435 565 473 588 se
495 552 675 601 gentibus
709 551 968 601 pra-ferebant
997 551 1267 599 ⁵³praef‹›rendi
1299 564 1382 588 esse
1402 551 1452 588 ab
1472 551 1556 588 aliis

101 613 384 658 credebantur3
417 622 457 651 ut
492 615 751 652 Romanorum
780 614 940 663 imperio
971 615 1126 651 subesse
1151 614 1376 664 pudendum
1409 615 1481 652 sibi
1511 627 1558 652 ac

102 677 280 715 miserum
296 679 535 727 judicarent,
555 685 593 715 et
612 691 745 715 ornnes
765 678 918 728 penitus
937 684 1005 716 aut
1036 678 1214 723 rebelles,
1246 677 1387 718 Caesari
1422 680 1555 718 tierent

102 746 168 780 aut
189 741 376 791 suspecti,
397 748 536 791 praeter
555 741 723 778 Rliemos
744 740 933 778 duntaxat
955 749 1070 792 atque
1083 741 1241 786 AEduos,
1262 756 1357 792 quos
1374 743 1434 780 ille
1454 757 1558 781 sum-

103 816 167 842 mo
187 817 337 854 semper
356 805 543 843 habuerat
563 803 598 840 in
620 803 775 841 honore.
832 804 1029 854 Principes
1043 804 1289 842 rebellionum
1311 805 1419 842 multi
1439 813 1560 851 erant,

102 867 202 906 inter
235 881 333 918 quos
363 867 667 905 Induciomarus.
721 868 871 905 Treviri
909 880 1085 918 maguum
1120 868 1191 905 sibi
1230 868 1360 906 locum
1390 869 1556 918 quadarn

103 931 343 969 animositate
377 937 712 981 praesumpserant,
740 929 885 980 legatos
914 937 1018 969 trans
1051 931 1230 969 Rhenum
1261 932 1466 979 mittendo,
1495 946 1563 983 pe-

103 994 237 1032 cunias
257 994 529 1045 promittendo,
550 1007 718 1044 magnam
740 1001 889 1045 partem
911 995 1074 1033 Romani
1093 996 1284 1033 exercitus
1305 997 1560 1043 interfectam,

104 1064 144 1096 et
162 1059 382 1108 superstites
402 1064 506 1095 metu
528 1058 769 1096 semianimes
788 1059 1015 1099 asserendo:
1048 1072 1171 1110 neque
1203 1066 1326 1097 tamen
1362 1068 1427 1098 aut
1457 1074 1564 1098 men-

104 1119 228 1160 daciis
247 1127 314 1159 aut
333 1120 528 1171 promissis
550 1133 701 1158 movere
727 1122 871 1158 animos
905 1130 1128 1172 potuerunt,
1162 1137 1350 1162 memores
1384 1125 1563 1163 Ariovisti

105 1190 144 1223 et
170 1184 358 1222 bellorum
378 1198 468 1222 cum
500 1185 684 1222 Romanis
716 1184 916 1223 infeliciter
947 1194 1208 1236 expertorum.
1265 1189 1482 1226 Destitutus
1505 1190 1565 1224 ln-

104 1246 350 1286 duciomarus
368 1261 390 1285 a
410 1249 626 1293 Germanis,
659 1247 708 1285 ad
738 1247 892 1286 Gallica
913 1262 952 1286 se
971 1250 1157 1287 convertit
1176 1250 1331 1296 auxilia,
1353 1258 1390 1289 et
1411 1258 1561 1289 tantum

104 1311 229 1350 valuit
242 1311 420 1357 audacia,
443 1319 483 1349 ut
503 1324 643 1348 nomen
660 1318 778 1361 atque
798 1312 1019 1362 opinionem
1033 1315 1352 1364 magnanimitatis
1369 1317 1565 1366 arriperet,

104 1382 223 1427 atque
242 1375 339 1413 adeo
359 1375 408 1412 ad
428 1389 516 1412 eum
542 1375 657 1426 legati
677 1376 847 1414 omnium
868 1378 1037 1427 gentium
1057 1378 1146 1415 hinc
1167 1378 1255 1416 inde
1275 1388 1563 1428 concurrerent,

105 1447 143 1480 et
161 1440 244 1490 ipse
265 1440 381 1477 fretus
401 1440 475 1477 hac
496 1439 640 1478 fiducia
669 1439 913 1478 ⁵⁴consilium
935 1441 1133 1488 indiceret,
1152 1442 1258 1492 quod
1286 1451 1474 1481 armatum
1496 1456 1565 1494 ap-

105 1504 319 1556 pellabant,
352 1503 401 1542 ad
432 1502 538 1554 quod
563 1503 698 1541 armati
716 1517 846 1543 omnes
868 1505 1034 1556 puberes
1055 1506 1327 1544 convenirent:
1359 1512 1397 1544 et
1415 1508 1564 1544 venisse

106 1567 353 1607 novissimum
373 1567 534 1618 capitale
553 1573 646 1605 erat.
705 1568 747 1605 ln
769 1580 814 1604 eo
843 1568 1002 1606 consilio
1022 1569 1119 1606 inter
1137 1569 1259 1607 multa
1280 1570 1564 1621 Cingetorigem

107 1630 382 1677 adversarium,
415 1631 506 1669 licet
539 1644 734 1681 generum,
755 1631 832 1669 suis
852 1632 1062 1682 publicatis
1084 1632 1205 1678 bonis,
1224 1634 1427 1684 publicum
1457 1636 1567 1673 ⁵5de-

106 1695 271 1741 nuntiat,
308 1695 415 1745 quod
450 1696 639 1733 Caesarem
674 1702 908 1746 sequeretur.
962 1695 1060 1734 Hinc
1091 1696 1223 1741 edicit,
1263 1698 1403 1736 iturum
1439 1711 1478 1736 se
1515 1699 1564 1736 ad

105 1758 278 1798 Senones
298 1766 335 1796 et
364 1759 567 1803 Carnutes,
601 1759 793 1810 urbesque
823 1760 928 1805 alia-3,
960 1773 982 1798 a
1020 1760 1160 1811 quibus
1187 1759 1414 1812 ⁵⁶repetitus
1451 1768 1566 1814 atque

107 1830 336 1874 expectatus
367 1822 439 1861 sit:
469 1823 717 1861 transiturum
749 1837 837 1861 vero
857 1837 927 1875 per
947 1824 1180 1862 Rlieinorum
1202 1824 1312 1871 fines,
1334 1839 1478 1877 eosque
1499 1839 1569 1877 po-

105 1887 354 1939 pulaturum:
396 1892 484 1924 ante
530 1885 657 1924 omnia
707 1896 835 1924 tamen
886 1895 1199 1938 oppugnaturum
1234 1895 1360 1927 castra
1393 1889 1568 1937 Labieni,

108 1963 198 2002 quae
214 1950 338 1987 vicina
356 1955 480 1987 essent
496 1963 506 1993 ;
530 1956 568 1986 et
585 1949 678 2000 quid
695 1950 731 1987 in
752 1950 809 1987 his
830 1951 1067 2001 exequendis
1083 1952 1188 1990 facto
1208 1966 1305 2002 opus
1327 1953 1375 1990 sit
1393 1955 1567 2004 exponit.

108 2013 223 2067 [102]
251 2013 316 2051 Sic
349 2012 545 2050 ⁵⁷consilio
565 2012 772 2058 celebrato,
793 2020 831 2051 et
851 2015 1001 2052 auxiliis
1022 2016 1218 2054 hominum
1238 2023 1353 2066 atque
1382 2031 1566 2068 equorum

109 2090 134 2116 a
153 2077 322 2116 finitimis
342 2075 526 2122 collectis,
548 2077 766 2127 Galliaeque
787 2078 913 2116 omnis
942 2079 1118 2116 exulibus
1143 2087 1260 2131 atque
1293 2081 1484 2119 damnatis
1517 2082 1566 2120 ad

110 2153 152 2179 se
172 2140 313 2178 blanda
333 2153 444 2190 prece
464 2140 622 2186 allectis,
652 2148 689 2178 et
709 2154 777 2190 spe
798 2142 906 2180 uberi
926 2143 1170 2193 praemiorum
1192 2144 1238 2180 ad
1261 2144 1477 2183 invadenda
1497 2146 1571 2184 La-

110 2204 213 2244 bieni
229 2212 354 2242 castra
373 2204 627 2254 progreditur.
684 2206 752 2242 llle
772 2214 915 2251 autem,
929 2213 969 2244 nt
991 2207 1125 2244 horum
1148 2207 1240 2244 nihil
1262 2208 1478 2257 ignorabat,
1512 2210 1569 2248 sic

109 2268 164 2306 nil
183 2268 333 2319 penitus
367 2268 522 2306 omnino
555 2268 764 2314 metuebat,
787 2269 861 2307 situ
881 2277 919 2307 et
938 2270 1145 2308 munimine
1166 2271 1241 2308 loci
1271 2271 1433 2311 ⁵⁸visus:
1463 2287 1571 2324 quae-

109 2331 221 2371 rebat
239 2339 379 2377 tamen,
398 2332 666 2370 ardentissimo
688 2332 789 2370 hosti
817 2333 847 2371 si
880 2347 955 2384 qua
977 2333 1143 2372 nocendi
1165 2348 1204 2372 se
1224 2334 1380 2373 offerret
1399 2337 1572 2377 occasio.

111 2395 158 2433 ln
179 2395 252 2433 boc
274 2409 390 2433 unum
412 2396 595 2440 intentus,
617 2396 899 2448 Cingetorigem
929 2404 968 2435 et
997 2398 1141 2435 amicos
1160 2398 1254 2435 alios
1273 2400 1414 2436 nuntiis
1433 2401 1573 2439 sollici-

111 2465 182 2505 tat,
202 2466 239 2497 et
259 2460 306 2496 ad
336 2466 484 2497 certum
504 2459 605 2497 diem
626 2460 697 2497 sibi
720 2469 867 2511 quanto
887 2461 1039 2499 valeant
1058 2463 1234 2512 equitatu
1253 2462 1406 2502 adsint:
1439 2477 1570 2514 parere

111 2530 249 2575 parant
276 2536 421 2562 omneS.
478 2524 627 2561 Interea
660 2524 952 2563 luduciomarus
986 2538 1090 2563 nunc
1127 2526 1464 2576 inexpugnabilem
1497 2527 1570 2565 loci

155 2683 200 2713 52
222 2681 328 2723 Lege,
340 2681 643 2715 rebellandum—53
670 2684 783 2724 Adde,
799 2687 931 2719 ‹za—54
956 2687 1060 2728 Lege,
1073 2686 1332 2717 concilium-55
1354 2684 1500 2717 Videtur
1513 2686 1570 2719 ad·

113 2732 276 2775 dandum,
288 2735 504 2769 hoscam—56
529 2738 634 2780 Lege,
645 2739 901 2781 expetitae-47
932 2739 1280 2782 Lege‚concilio.-58
1309 2739 1414 2783 Lege,
1418 2739 1511 2783 fisus.
