1850 3109
242 185 359 229 1826
681 198 718 228 J.
749 195 889 227 ansl
921 195 1272 228 comrssNTAnu

244 302 283 334 et
302 295 460 346 quidam
482 308 639 347 quoque
667 295 828 333 militum
850 295 1142 341 concurrissent,
1164 296 1226 334 ille
1256 296 1383 334 subito
1405 296 1515 334 unius
1535 309 1555 334 e
1584 309 1701 335 manu

242 359 459 398 tubicinum
480 368 632 410 arrepta
664 360 770 404 tuba,
791 359 1004 395 vehementi
1025 357 1118 397 flatu
1146 360 1342 409 increpuit,
1361 359 1702 411 “gurgentemque

238 424 479 473 pertransiit:
502 431 630 461 motus
645 424 776 461 Caesar
791 422 1037 471 spectaculo:
1065 427 1076 443 ‘
1088 421 1196 460 ⁴’Eat
1209 427 1326 474 ergo‚’
1340 425 1404 469 ait,
1424 431 1433 445 ‘
1447 439 1523 475 quo
1540 425 1701 463 deorum

241 488 418 539 prodigia
450 495 564 537 atque
595 486 763 522 hostium
796 491 911 522 vocat
938 485 1132 535 iniquitas,
1166 492 1207 522 ut
1236 494 1364 537 coepta
1386 501 1444 525 res
1463 490 1546 525 est!
1599 489 1699 526 Haee

240 552 371 590 dicens
392 550 541 588 transiit
561 561 606 587 ac
626 547 798 586 traduxit
827 548 1050 594 exercitum,
1073 549 1367 600 Ariminumque
1407 551 1540 588 urbem
1575 551 1702 601 proxi·

240 628 342 653 mam
357 613 506 661 “longe
521 626 617 663 pace
631 612 874 662 tranquillam
890 612 1044 663 attigit:
1066 619 1102 649 et
1118 613 1342 662 patentibus
1362 614 1481 663 portis
1502 614 1704 665 introgres-

239 691 329 718 sus:
365 678 528 716 tribunis
548 677 686 728 plebis,
708 677 774 727 qui
804 683 961 727 propter
986 677 1070 727 ejus
1101 676 1231 713 odium
1253 677 1355 727 pulsi
1376 677 1447 714 sibi
1468 677 1617 715 obviam
1639 691 1702 716 ve-

237 742 408 785 niebant,
447 740 677 784 astantibus,
717 740 944 777 concionem
984 741 1116 778 habuit
1152 740 1200 777 ad
1238 741 1472 778 exercitum:
1516 741 1614 792 lapis
1640 755 1699 780 me

237 818 360 857 puero
380 805 654 850 ostentabatur,
684 804 756 841 fori
785 804 923 847 medio,
946 804 1012 841 ubi
1034 805 1163 842 Caesar
1193 806 1447 842 concionatus
1478 804 1698 844 ferebatur:

237 869 311 908 fuit
339 876 467 908 autem
488 869 622 906 concio
647 867 932 905 efficacissima:
972 867 1092 904 scissa
1120 868 1246 905 serunt
1277 876 1395 914 veste,
1426 869 1601 919 verisque
1632 883 1698 907 seu

236 933 384 971 ⁴⁵victis
401 947 490 971 cum
510 931 730 982 laclrrymi3‚
750 932 798 968 ad
817 944 923 968 suam
939 931 1164 980 (lignitatem
1182 938 1315 969 contra
1330 931 1510 969 invidiam
1529 933 1698 972 hostium

235 997 534 1035 conservandam
555 996 673 1033 fidem
702 995 861 1033 militum
893 995 1146 1045 implorantis,
1167 1002 1204 1032 et
1224 995 1387 1045 ingentia
1423 996 1697 1046 promittentis,

235 1060 428 1098 Caesarem
463 1060 623 1097 Arimini
657 1066 845 1110 agentem,
886 1060 1027 1098 Lucius
1067 1060 1196 1097 Caesar
1228 1060 1450 1097 adolescens
1487 1059 1596 1105 adiit,
1631 1061 1697 1110 qui

233 1132 382 1175 patrem
405 1124 572 1162 babebat
593 1124 753 1162 Caesaris
775 1123 966 1174 legatum:
1006 1124 1034 1161 is
1054 1123 1246 1173 explicitis
1269 1137 1338 1174 pro
1359 1123 1500 1173 quibus
1521 1123 1696 1162 advenis-

234 1196 304 1234 set,
324 1188 530 1227 commissa
550 1188 623 1225 sibi
652 1201 674 1225 a
705 1187 893 1237 Pompejo
927 1188 1105 1236 quaedam
1125 1187 1177 1224 ait
1196 1187 1243 1224 ad
1265 1188 1470 1232 Caesarem,
1487 1187 1576 1236 jure
1596 1187 1697 1226 illius

233 1265 321 1303 quae
343 1253 441 1291 inter
460 1266 525 1290 eos
554 1258 653 1289 esset
672 1251 866 1289 amicitiai.
923 1253 980 1289 Ea
1000 1265 1086 1289 vero
1115 1250 1389 1301 hujuscemodi
1420 1250 1544 1288 suere:
1591 1256 1600 1270 ‘
1621 1252 1697 1289 Ex-

230 1328 361 1354 cusare
381 1329 422 1353 se
452 1315 683 1366 Pompejum
702 1315 857 1359 Caesari,
884 1321 922 1352 et
942 1327 1101 1364 poscere
1122 1328 1168 1352 ne
1197 1328 1242 1352 ea
1263 1328 1351 1365 quae
1371 1327 1442 1364 pro
1470 1314 1694 1364 reipublicae

230 1379 360 1417 studio
387 1385 504 1428 atque
537 1390 665 1415 amore
699 1378 872 1427 gesserit,
907 1377 955 1414 ad
989 1377 1167 1426 injuriam
1200 1391 1307 1415 suam
1348 1379 1496 1416 trabat:
1535 1379 1692 1417 charum

230 1443 330 1480 enim
351 1455 433 1480 esse
451 1442 522 1479 sibi
543 1442 745 1486 Caesarem,
767 1440 833 1478 sed
855 1441 1132 1491 rempublicam
1148 1442 1262 1480 rebus
1283 1442 1460 1480 omnibus
1479 1443 1693 1481 chariorem

229 1515 269 1546 et
288 1520 367 1546 esse
396 1512 435 1545 et
465 1518 613 1556 semper
642 1505 769 1550 fuisse,
791 1504 963 1543 similiter
990 1511 1028 1542 et
1048 1506 1190 1543 Caesari
1219 1519 1346 1543 caram
1375 1520 1457 1544 esse
1485 1506 1626 1545 debere
1651 1514 1694 1545 ut

230 1572 400 1622 privatas
434 1584 522 1609 suas
543 1569 760 1607 inimicitias
791 1568 1017 1619 reipublicae
1048 1569 1239 1607 remittat:
1279 1583 1404 1620 neque
1433 1577 1509 1608 tam
1529 1571 1694 1621 graviter

227 1635 426 1680 irascatur,
459 1642 501 1673 ut
529 1634 623 1672 (lum
653 1633 828 1671 hostibus
858 1633 939 1671 vult
963 1646 1102 1671 nocere
1130 1632 1265 1683 ⁴⁶patri
1299 1641 1438 1671 noceat
1466 1634 1691 1672 immeritae:

225 1698 343 1749 idque
362 1699 415 1737 ita
435 1699 563 1736 facere
577 1697 626 1735 ad
649 1710 759 1735 suum
775 1697 894 1735 decus
910 1696 1090 1735 eximium
1112 1697 1326 1747 pertinere!
1382 1697 1446 1737 Ad
1463 1711 1507 1735 ea
1528 1698 1691 1736 Caesaris

226 1763 425 1813 responsio
446 1763 562 1813 paulo
581 1762 730 1811 longior
757 1761 841 1799 fuit.
897 1766 910 1786 ‘
929 1762 1255 1799 Commemoravit
1284 1761 1439 1809 injurias
1464 1774 1534 1811 pro
1564 1763 1694 1800 multis

239 1838 262 1863 n
284 1827 563 1876 rempublicam
586 1825 728 1863 meritis
746 1825 818 1862 sibi
837 1824 973 1870 illatas,
990 1832 1166 1876 paratum
1185 1826 1225 1864 se
1246 1831 1372 1863 tamen
1393 1825 1521 1862 omnia
1537 1826 1691 1875 reipub-

226 1889 313 1928 licae
342 1890 586 1928 condonare:
618 1889 731 1940 [183]
751 1889 802 1927 ita
824 1894 950 1927 tamen
972 1895 1014 1927 ut
1041 1889 1239 1926 discedant
1260 1902 1392 1926 omues
1420 1889 1470 1925 ab
1502 1889 1628 1933 armis,
1652 1896 1691 1927 et

225 1953 274 1991 ad
295 1954 515 1991 civilitatem
546 1953 694 1990 solitam
733 1960 995 1991 revertantur:
1026 1953 1190 1990 dilectus
1219 1954 1315 1990 euim
1348 1965 1415 2002 per
1444 1952 1592 1989 ltaliam
1614 1952 1689 1989 fer·

225 2023 356 2055 ventes
388 2024 425 2055 et
453 2023 616 2055 retentas
636 2017 707 2053 sub
729 2023 920 2066 praetextu
942 2018 1030 2055 belli
1050 2016 1219 2054 Parthici
1236 2016 1414 2065 legiones,
1435 2021 1474 2052 et
1493 2015 1687 2053 civitatem

224 2093 308 2118 esse
323 2087 522 2125 armatam,
553 2079 643 2129 quid
662 2079 732 2116 nisi
752 2079 801 2116 ad
823 2093 928 2117 suam
949 2080 1159 2130 perniciem
1181 2079 1380 2129 spectare?
1414 2077 1690 2116 Proficiscatur

223 2157 315 2194 ergo
348 2145 559 2195 Pompejus
582 2144 618 2181 in
640 2144 875 2193 provinciam
907 2157 1027 2187 suam,
1057 2143 1302 2180 ⁴⁷dimini1ur
1329 2143 1534 2187 exercitus,
1556 2155 1688 2180 onmes

223 2221 292 2258 per
322 2208 469 2246 Italiam
503 2222 610 2246 arma
639 2208 847 2258 deponant,
879 2215 1032 2247 cessent
1061 2215 1188 2244 motus
1221 2214 1260 2245 et
1299 2211 1421 2244 metus
1447 2206 1607 2256 publici,
1640 2207 1689 2244 sit

223 2277 351 2321 togata
371 2272 505 2310 civitas
526 2286 602 2309 non
633 2280 795 2310 armata:
825 2286 864 2309 se
887 2286 1040 2323 quoque
1061 2272 1280 2322 aequissimo
1301 2271 1427 2307 animo
1449 2270 1685 2318 quieturum,

222 2335 460 2385 injuriasque
480 2349 611 2373 omnes
643 2342 681 2373 et
700 2336 953 2373 contumelias
983 2336 1210 2373 obliturum.
1267 2333 1325 2371 Ad
1347 2334 1429 2370 lnce
1452 2340 1576 2370 tamen
1599 2345 1685 2370 san-

222 2396 361 2434 cienda
380 2404 418 2434 et
431 2398 690 2446 jurejurando
711 2398 992 2443 confirmanda,
1014 2399 1122 2448 petiit
1142 2406 1183 2435 ut
1204 2398 1412 2447 Pompejus
1431 2397 1588 2446 propius
1617 2409 1685 2434 ac-

222 2461 373 2498 cederet
411 2462 470 2497 vel
506 2475 544 2498 se
573 2462 756 2499 accc-(lere
787 2469 998 2511 pateretur:
1031 2475 1182 2511 sperare
1215 2462 1313 2498 enim
1347 2475 1384 2498 se
1418 2461 1614 2511 colloquio
1645 2466 1684 2498 et

221 2531 438 2575 conspectu
457 2532 590 2562 mutuo
606 2538 736 2561 omnes
755 2525 1034 2562 controversias
1057 2524 1269 2563 finiendas!
1299 2525 1359 2563 Ad
1383 2528 1464 2563 lucc
1486 2524 1683 2574 responsio

262 2676 303 2704 42
330 2673 759 2715 Lege,gurgitemwa-nla
791 2676 894 2715 Lege,
915 2676 1014 2706 Enim·
1037 2679 1206 2713 erga-⁴1
1237 2676 1339 2716 Lege,
1362 2677 1548 2714 longua—⁴15
1575 2675 1679 2716 chc,

216 2726 398 2767 liclia—46
414 2727 525 2769 Forte,
537 2729 749 2770 putrida—47
767 2729 867 2770 Lege,
882 2730 1096 2761 dimittuntur.
