1850 3109
515 195 574 224 nr.
611 194 721 223 vrrA
763 192 894 222 Jt‘mi
930 191 1162 224 (sst'sARtS.
1477 179 1559 227 761

110 291 386 344 confestimque
406 293 545 330 adero:
569 300 609 329 tu
633 293 807 329 virtutem
831 300 934 329 tuam
953 299 993 328 ut
1015 291 1212 341 pristinam
1230 291 1391 329 retineas
1405 293 1562 341 quaeso.'

113 360 279 396 Accessit
302 358 349 395 ad
371 371 476 408 spent
501 357 625 394 sumus
647 370 693 393 cx
714 370 758 394 ca
790 363 898 406 parte
919 363 1159 406 procpectus,
1185 368 1262 406 qua
1282 362 1460 393 venturus
1480 364 1560 393 erat

112 425 248 467 (samar,
287 422 367 460 ⁴¹ut
406 422 576 458 villarum
618 422 802 465 incendia,
843 421 945 470 signa
979 419 1318 470 propinquantium
1353 419 1558 469 legionum.

109 487 210 524 (iulii
233 487 280 522 de
301 487 466 524 adventu
504 487 668 523 liostium
702 487 751 523 ab
784 485 1091 536 exploratoribus
1125 484 1267 528 edocti,
1299 484 1440 521 omissa
1459 483 1563 521 obsi-

107 551 219 587 dione
241 558 466 595 castrorum,
488 551 728 587 venientibus
748 550 902 587 obviam
925 557 1028 587 eunt.
1087 548 1203 592 Quod
1227 555 1265 585 ut
1293 548 1430 585 Cicero
1451 547 1562 585 intel-

110 615 214 657 lexit,
236 628 322 652 cum
357 616 482 665 ipsum
517 615 579 664 qui
616 615 754 664 primus
787 614 938 658 tulerat,
974 627 1060 650 cum
1095 613 1229 650 litteris
1259 612 1340 649 aliis
1374 612 1490 650 mittit
1508 611 1558 649 ad

109 680 313 722 (''aesurein,
337 691 495 715 monens
519 685 558 714 ut
580 678 647 714 iter
667 690 778 714 suum
801 683 913 714 caute
935 683 1109 726 peragat:
1141 676 1272 713 hostes
1301 676 1400 713 enim
1421 687 1555 714 omnes

109 756 146 777 se
168 741 326 779 dimisso
348 749 482 779 contra
511 755 598 779 eum
630 754 846 791 properare.
904 742 1020 778 Erant
1042 749 1168 778 autem
1191 747 1423 777 armatorum
1454 753 1561 778 sexa-

109 805 211 850 ginta
233 805 346 842 milia.
404 806 536 843 Caesar
556 805 669 841 literis
691 811 802 842 nocte
832 805 1035 854 perc-epita,
1057 804 1264 842 exercitum
1297 804 1346 840 de
1368 804 1559 841 contentis

109 869 144 906 in
173 869 317 907 eisdem
355 869 550 908 admonet.
606 869 725 907 Jubet
752 869 922 907 >sortibus
955 882 1037 906 esse
1068 868 1201 905 animis
1232 874 1270 905 et
1302 867 1351 904 ad
1385 868 1559 918 proelium

110 933 266 982 paratis:
298 933 422 983 primo
442 946 553 970 mane
586 940 711 970 castra
732 939 871 975 movet,
893 939 932 970 et
963 932 1010 969 ad
1045 939 1209 982 quatuor
1242 931 1342 968 milia
1375 944 1555 981 passuum

110 1010 330 1047 progressus
353 997 501 1034 hostem
523 997 640 1042 videt,
673 1010 784 1046 quem
820 1003 976 1047 repente
1009 996 1164 1047 aggredi
1196 996 1283 1033 loco
1321 995 1557 1046 iniquissimo

109 1060 381 1110 periculosum,
403 1067 440 1097 et
461 1061 646 1097 Cicerone
669 1060 832 1098 liberato
851 1060 1073 1098 dilationem
1095 1066 1216 1097 tutam
1236 1066 1352 1104 ratus,
1375 1060 1560 1104 substitit,

107 1131 146 1162 et
165 1124 262 1161 locis
278 1123 424 1161 idoneis
445 1130 570 1160 castra
591 1130 755 1160 metatus
772 1131 828 1161 est
850 1125 1000 1173 quantis
1015 1124 1136 1173 quivit
1155 1124 1353 1174 angustiis,
1371 1123 1406 1161 id
1430 1137 1558 1174 agens,

109 1195 150 1226 ut
170 1188 225 1226 sic
246 1188 423 1226 hostibus
444 1194 710 1238 contemptum
731 1200 810 1225 suae
831 1188 1036 1237 paucitatis
1063 1188 1267 1237 objiceret.
1323 1189 1440 1224 Erant
1460 1189 1559 1225 enim

109 1265 195 1290 vere
215 1253 339 1302 pauci,
361 1253 424 1289 vix
444 1258 592 1302 septem
614 1252 728 1295 milia,
751 1252 814 1290 sed
838 1253 1003 1289 virorum
1026 1258 1063 1288 ct
1083 1251 1363 1301 impedimentis
1384 1250 1558 1295 dimissis,

108 1316 195 1365 [99]
228 1315 459 1354 videbantur
489 1317 602 1353 etiam
631 1317 842 1366 pauciores,
875 1323 913 1353 et
942 1323 1021 1353 arte
1055 1315 1167 1352 ducis
1199 1315 1380 1352 effectum
1414 1321 1498 1352 erat
1518 1322 1562 1352 ut

108 1380 333 1429 paucissimi
353 1380 582 1417 viderentur.
637 1381 787 1417 Tantus
807 1380 974 1430 denique
995 1386 1244 1429 contemptus
1265 1378 1348 1423 fnit,
1380 1385 1422 1415 ut
1453 1391 1561 1416 mane

107 1443 284 1494 proximo
319 1443 369 1481 ad
407 1451 534 1482 castra
573 1444 702 1482 hostes
739 1443 1021 1482 ⁴²occiderent:
1052 1444 1182 1481 Caesar
1214 1456 1304 1480 vero
1343 1442 1559 1492 equitatum

108 1520 314 1558 parumper
332 1508 468 1558 proelio
487 1515 680 1558 expertus,
702 1509 811 1558 quasi
840 1507 1101 1556 ⁴³trepidautis
1133 1507 1170 1543 in
1192 1513 1316 1544 castra
1336 1506 1560 1552 retraheret,

108 1577 147 1608 et
165 1578 297 1621 portas
318 1571 447 1608 claudi
464 1578 501 1609 et
519 1571 687 1622 44ροιῊιε
709 1571 880 1621 undique
901 1571 1128 1608 communiri
1159 1570 1279 1608 multa
1299 1583 1386 1607 cum
1408 1570 1562 1608 simula-

108 1635 212 1671 tione
230 1641 351 1671 metus
371 1635 584 1684 imperaret.
636 1635 766 1672 Tanto
786 1634 886 1671 enim
906 1635 1133 1683 ⁴⁵tantoque
1154 1634 1297 1672 invicto
1317 1640 1398 1672 erat
1418 1634 1558 1678 animo,

110 1703 153 1734 ut
171 1697 220 1735 de
241 1704 348 1735 tanta
369 1698 535 1736 hostium
566 1698 812 1736 multitudine
848 1699 900 1736 nil
935 1699 1098 1743 timeret,
1119 1698 1188 1735 uisi
1218 1711 1263 1734 ne
1296 1698 1474 1747 proelium
1495 1697 1562 1734 de-

108 1767 331 1799 trectarent.
389 1762 564 1812 Denique
599 1761 701 1810 quod
726 1775 856 1800 omncs
889 1761 1062 1811 cupiunt,
1093 1761 1163 1799 iste
1195 1762 1329 1798 unicus
1362 1761 1561 1799 metuebat

108 1824 234 1873 sugam
268 1825 523 1863 inimicorum.
581 1824 639 1862 Illi
671 1838 760 1862 vero
794 1825 1077 1874 conspicientes
1113 1838 1200 1874 quae
1231 1825 1335 1875 apud
1367 1826 1561 1862 Romanos

107 1888 348 1938 gerebantur,
366 1895 403 1925 et
424 1889 664 1925 formidinem
683 1886 908 1931 ⁴5arbitrari,
926 1902 946 1925 e
968 1888 1053 1925 loco
1073 1889 1139 1925 ubi
1160 1889 1412 1926 constiterant
1426 1888 1562 1926 altiore

107 1952 362 1999 descendunt,
400 1959 437 1990 et
475 1952 697 1990 transmisso
737 1953 816 1989 rivo
856 1966 934 2001 quo
971 1953 1021 1989 ab
1060 1952 1222 1989 invicem
1271 1952 1563 2001 separabantur,

108 2022 264 2066 urgente
284 2016 430 2066 impetu
449 2015 660 2052 animorum
692 2015 830 2065 iniquis
864 2015 984 2053 aciem
1019 2016 1112 2053 locis
1146 2017 1354 2058 instruunt,
1374 2023 1412 2053 et
1433 2023 1563 2054 castra

109 2080 271 2129 primum
292 2080 390 2124 telis,
411 2093 500 2117 mox
531 2086 568 2116 et
602 2080 779 2117 manibus
810 2079 1017 2123 invadunt;
1048 2087 1085 2117 et
1106 2094 1152 2117 co
1172 2093 1294 2130 usque
1314 2086 1562 2130 contemptus

107 2149 339 2187 excreverat,
361 2150 404 2181 ut
422 2157 621 2193 praecones
641 2144 789 2180 circum
810 2152 934 2182 castra
953 2144 1199 2189 dimitterent,
1231 2144 1296 2194 qui
1315 2150 1352 2181 et
1373 2143 1496 2181 Gallis
1523 2149 1563 2181 et

109 2207 293 2244 Romanis
313 2206 507 2243 edicerent
523 2220 632 2256 aeque
652 2207 800 2244 licitum
822 2207 991 2256 utrisque
1013 2207 1062 2244 ad
1084 2221 1122 2245 se
1144 2208 1174 2245 si
1191 2208 1305 2245 velint
1323 2213 1411 2244 ante
1431 2207 1562 2244 horam

109 2271 259 2309 tertiam
280 2271 361 2308 sinc
381 2270 554 2320 periculo
574 2270 752 2307 transire:
784 2277 873 2320 post
892 2283 974 2307 eam
998 2271 1130 2308 horam
1151 2284 1225 2307 non
1247 2271 1376 2308 licere.
1432 2272 1565 2309 Caesar

110 2333 178 2371 ubi
198 2334 464 2372 aniniadxertit
495 2334 549 2371 sic.
582 2347 664 2371 esse
694 2335 824 2371 omnia
851 2335 952 2384 apud
988 2335 1116 2372 hostes
1149 2342 1191 2372 ut
1218 2341 1431 2384 optaverat,
1454 2334 1562 2384 signo

111 2397 202 2435 dato
232 2398 359 2435 subito
390 2399 526 2435 castris
562 2411 777 2448 erumpens,
812 2411 882 2435 sua
915 2411 1004 2435 cum
1043 2398 1328 2449 contemptibili
1366 2400 1563 2448 paucitate

113 2461 399 2499 multitudinem
421 2462 521 2499 illam
543 2461 770 2500 insolentem
791 2470 828 2499 et
849 2462 1084 2500 confidentia
1103 2463 1375 2513 obstupenteni
1394 2462 1563 2500 ⁴⁷nume-

112 2525 244 2562 raculo
275 2525 486 2575 eruptionis
506 2524 745 2576 aggreditur:
776 2539 907 2565 omnes
942 2526 979 2564 in
1017 2525 1149 2577 fugam
1184 2527 1308 2570 vertit,
1338 2527 1563 2576 occiditque

152 2685 194 2714 41
215 2683 323 2724 Lege,
338 2687 467 2715 inb—42
492 2685 594 2725 Lege,
609 2685 882 2716 “condemna—13
907 2685 1010 2725 Lege,
1025 2683 1310 2723 trepidantem—44
1336 2679 1567 2718 Fon-remmia

111 2736 340 2776 undique—45
358 2738 460 2776 Lege,
475 2740 697 2777 {aramum—⁴16
712 2738 817 2777 Lege,
831 2736 1076 2767 arbitrata—4⁷
1096 2735 1199 2774 Lege,
1214 2733 1371 2762 miraculo.

196 2799 311 2839 Dclplt.
328 2802 359 2830 ct
380 2799 453 2831 Var.
471 2800 557 2830 ctus.
862 2799 942 2829 0(ιέ.
1403 2799 1421 2826 5
1446 2795 1478 2826 Τ
