1850 3109
231 157 344 200 1696
657 165 695 195 J.
727 163 865 195 CELSI
913 163 1263 194 COMMENTARH

232 263 312 301 otio
332 266 368 299 et
389 262 470 299 solo
491 259 646 298 videndi
667 259 930 308 noscendique
951 258 1090 303 studio,
1128 271 1229 295 nunc
1259 271 1304 294 ex
1325 256 1480 307 negotio
1498 257 1680 296 circuivi:

233 324 407 377 quamvis
428 325 508 374 ipsa
535 322 729 360 nominum
752 322 915 359 mutatio
937 322 972 358 in
996 322 1052 359 his
1085 322 1203 366 terris,
1236 327 1275 358 ut
1307 321 1341 358 in
1362 321 1443 357 aliis
1466 320 1541 358 fere
1562 322 1684 358 omni·

232 389 319 434 bus,
341 388 504 425 multum
527 386 896 423 novae'difficultatis
916 392 955 422 et
975 385 1156 422 scribenti
1179 385 1340 433 objiciat
1360 392 1395 422 et
1421 384 1586 434 legenti:
1616 384 1682 422 sed

233 464 421 501 emergam
441 457 479 487 ut
501 456 651 499 potero.
671 448 758 496 [lti]
795 447 922 485 Gallia
937 460 1028 497 ergo
1048 447 1120 484 23ἰιι
1134 461 1264 484 omnes
1281 449 1411 498 primis
1427 449 1568 485 diffusa
1583 461 1688 499 mag-

233 529 319 553 nam
343 516 506 562 Europae
529 519 674 562 partein
695 517 878 561 occupat,
900 510 1073 548 bifariam
1104 510 1377 561 distinguitur:
1410 519 1447 549 et
1481 512 1635 549 nomina
1664 524 1687 549 a

234 578 420 618 Romanis
440 575 617 625 imposita
639 575 695 613 vel
729 575 814 612 hinc
850 581 969 625 patet,
1000 575 1104 625 quod
1136 588 1219 612 eam
1249 583 1398 625 partem
1421 590 1506 626 quae
1532 577 1690 626 propin-

237 642 346 692 quior
368 642 499 677 Romae
520 645 601 676 erat
622 639 857 688 Cisalpinam
894 638 1033 675 ²⁴dicet
1051 645 1103 683 nt,
1124 639 1230 688 quod
1261 639 1316 676 cis
1348 640 1466 689 Alpes
1487 640 1557 689 ipsi
1576 640 1688 678 etiam

235 712 375 743 essent.
433 704 540 741 lllam
562 716 649 740 vero
670 716 756 752 quae
786 702 978 747 remotior,
999 703 1310 752 Transalpinam,
1332 716 1418 752 quae
1439 702 1633 741 distinctio
1652 709 1691 741 et

236 769 275 806 in
297 768 495 819 Hispaniis
516 767 719 804 observata
738 772 807 810 est,
832 773 872 802 ut
896 766 993 802 hane
1015 766 1161 803 scilicet
1183 766 1233 803 ob
1255 780 1424 811 causam,
1456 767 1538 804 haec
1569 767 1692 805 citeri-

239 847 294 880 or,
316 834 378 871 illa
400 839 528 870 autem
560 830 718 868 ulterior
738 829 948 867 diceretur:
982 829 1083 866 unde
1118 829 1253 866 horum
1285 831 1481 868 nominum
1516 839 1692 868 auctores

238 897 356 935 fuisse
379 889 476 941 illos,
508 895 572 945 qui
595 908 716 932 rerum
751 894 969 943 potirentur
989 892 1101 930 facile
1133 892 1290 942 quidem
1322 894 1538 943 ingeniosus
1572 894 1694 931 lector

239 961 454 1010 intelligat:
489 966 527 996 et
547 958 742 1008 Cisalpina
764 971 851 1007 quas
885 957 959 994 suit
987 957 1077 994 olim
1113 957 1240 994 Gallia
1273 957 1530 1007 terminosque
1561 957 1694 994 habuit

238 1022 327 1062 hinc
351 1023 595 1074 Apenninum
615 1022 664 1058 ab
681 1020 884 1058 occidente
899 1033 941 1057 ac
964 1020 1132 1065 meridie,
1155 1020 1258 1058 illinc
1284 1021 1402 1069 Alpes
1436 1033 1457 1056 a
1487 1019 1695 1070 Septentri-

239 1101 325 1136 one‚
354 1088 403 1125 ab
424 1087 564 1125 oriente
584 1092 712 1123 autem
734 1085 854 1122 sinum
886 1084 996 1122 maris
1024 1083 1228 1128 Adriatici,
1260 1082 1495 1132 fluviumque
1516 1084 1697 1133 exiguum

242 1151 500 1196 Rubiconem,
523 1149 589 1200 qui
610 1147 711 1186 haud
734 1147 871 1197 procul
892 1147 1065 1184 Arimino
1086 1147 1158 1196 ipsi
1179 1146 1375 1184 Adriatico
1394 1147 1484 1183 mari
1509 1153 1545 1183 et
1566 1146 1699 1196 Apen-

241 1214 330 1252 nino
351 1213 630 1256 infunduntur;
663 1224 750 1261 quae
771 1210 898 1247 multis
928 1211 1150 1260 magnisque
1173 1211 1331 1247 urbibus
1364 1210 1537 1259 insignis,
1571 1211 1699 1248 multis

243 1279 347 1316 clara
368 1277 587 1314 fluminibus
609 1288 653 1312 ac
675 1275 837 1311 lacubus
859 1288 926 1324 per
958 1274 1127 1311 medium
1159 1274 1276 1321 Pado,
1309 1287 1421 1324 quem
1455 1274 1585 1311 Graeci
1618 1274 1701 1312 Eri-

243 1343 386 1381 danum
407 1348 556 1386 vocant,
588 1341 691 1390 regio
721 1353 831 1377 amne
850 1339 1113 1389 distinguitur.
1174 1340 1245 1376 Hic
1268 1340 1422 1389 inquam
1444 1340 1609 1377 ambitus
1629 1347 1701 1377 ter-

244 1420 370 1445 rarum
399 1407 577 1456 jamnon
611 1404 754 1442 Galliae
789 1403 856 1441 sed
892 1404 1011 1440 ltalia*
1041 1417 1130 1453 pars
1157 1410 1224 1441 est.
1281 1403 1573 1452 Transalpinam
1613 1415 1701 1441 vcro

245 1472 322 1509 sive
345 1471 560 1509 ulteriorem
579 1469 747 1507 Galliam
769 1469 1048 1518 Cosmographi
1069 1475 1107 1506 et
1128 1468 1311 1505 Historici
1344 1467 1441 1504 varie
1463 1467 1670 1504 diviserunt
1690 1483 1699 1513 ;

250 1548 364 1585 quam
386 1548 478 1579 rem,
499 1533 601 1583 quod
625 1539 663 1569 et
681 1531 784 1581 apud
806 1545 870 1569 eos
893 1532 982 1569 satis
1003 1532 1166 1569 obscura
1187 1538 1256 1576 est,
1290 1538 1327 1568 et
1350 1538 1391 1568 ut.
1425 1531 1563 1568 clarior
1584 1530 1703 1577 tieret,

246 1600 413 1650 plurium
436 1598 624 1647 indigeret
645 1597 856 1640 verborum,
881 1603 1044 1633 transeo.
1102 1596 1217 1639 Quod
1241 1596 1339 1633 inter
1360 1608 1491 1632 omnes
1513 1596 1704 1640 convenit,

248 1670 298 1707 et,
315 1663 420 1714 quod
445 1676 574 1699 verum
601 1674 698 1706 reor,
730 1660 931 1710 attigerim,
952 1660 1135 1697 universae
1155 1661 1418 1710 Transalpinae
1440 1660 1578 1698 Gallia:
1612 1659 1705 1696 fines

248 1741 291 1765 ac
312 1727 492 1777 spatium,
512 1725 626 1762 fuisse
647 1725 684 1761 in
706 1724 863 1773 longum
885 1724 933 1760 ab
966 1723 1130 1772 Alpibus
1162 1723 1280 1760 ltaliae
1313 1723 1361 1760 ad
1397 1724 1596 1760 Oceanum
1623 1723 1706 1759 Bri-

251 1791 445 1829 tannicum
481 1789 743 1837 2⁵Pi1·ivesque
774 1794 920 1825 montes
944 1788 1009 1837 qui
1031 1787 1167 1825 Gallos
1196 1787 1382 1824 dirimunt
1414 1787 1463 1824 ab
1500 1786 1706 1836 Hispanis3

250 1856 287 1892 in
309 1855 426 1892 latum
449 1867 539 1890 vero
559 1852 735 1889 amnibus
751 1851 888 1888 Rheno
910 1864 954 1887 ac
971 1851 1161 1888 Rhodano
1182 1852 1409 1901 geminoque
1431 1851 1525 1888 mari
1542 1851 1579 1887 in
1601 1848 1706 1899 quod

252 1918 409 1956 flumina
430 1918 511 1966 ipsa
530 1915 789 1960 descendunt,
811 1916 971 1951 Oceano
992 1914 1141 1951 scilicet
1161 1928 1205 1951 ac
1233 1915 1446 1964 Tyrrheno,
1467 1914 1648 1964 patuisse,
1669 1918 1710 1950 at

252 1983 290 2019 in
312 1981 490 2024 circuitu,
514 1987 556 2016 ut
588 1979 793 2016 Suetonius
827 1978 1079 2027 Tranquillus
1108 1978 1173 2022 ait,
1194 1977 1242 2014 ad
1264 1978 1321 2014 bis
1341 1986 1380 2014 et
1401 1978 1527 2015 tricies
1547 1983 1710 2014 centena

253 2045 372 2083 millia
393 2058 588 2095 passuum.
646 2044 701 2080 Ex
723 2042 900 2079 omnibus
930 2055 1019 2079 sane
1052 2041 1303 2078 divisionibus
1336 2042 1419 2090 ejus
1451 2054 1493 2078 ac
1522 2041 1710 2090 partibus,

256 2122 368 2146 unam
391 2109 558 2145 Galliam
580 2107 771 2157 Belgicam
794 2106 936 2143 dictam
957 2112 1118 2143 constat.
1179 2106 1237 2142 De
1259 2105 1371 2153 cujus
1393 2105 1535 2142 finibus
1559 2105 1628 2141 etsi
1649 2117 1713 2140 va-

255 2173 351 2211 rient
373 2173 592 2222 scriptores,
614 2172 686 2208 hoc
709 2163 930 2215 fouendum,
966 2170 1160 2206 habitasse
1194 2169 1327 2218 Belgas
1357 2169 1492 2205 Gallos
1525 2168 1574 2205 ad
1610 2167 1716 2204 sinis-

256 2243 354 2275 tram
376 2236 499 2273 Rheni
522 2236 656 2284 ripam,
693 2234 758 2270 ubi
794 2233 957 2269 maxime
991 2232 1039 2269 ad
1076 2234 1280 2269 Oceanum
1317 2232 1614 2281 appropinquat,
1646 2230 1713 2280 qui

257 2301 357 2339 enim
387 2300 565 2337 dextrum
588 2299 685 2336 latus
706 2298 899 2341 accolunt,
916 2297 997 2346 jam
1020 2309 1096 2333 non
1119 2296 1224 2333 Galli
1262 2294 1404 2332 26erant
1427 2295 1492 2331 sed
1513 2293 1712 2331 Germani.

262 2364 451 2413 Incipiens
471 2377 560 2411 ergo
584 2362 785 2410 Belgarum
808 2361 909 2408 regio
939 2360 988 2395 ab
1020 2360 1194 2402 Oceano,
1228 2358 1293 2406 qui
1328 2358 1424 2394 inter
1460 2357 1641 2394 27archon
1676 2362 1714 2393 et

260 2441 441 2465 occasum
465 2425 669 2462 Britannia·
691 2438 713 2461 a
732 2423 1017 2461 continentibus
1039 2429 1205 2471 separat,
1226 2421 1389 2458 adverso
1411 2420 1575 2457 fluminis
1604 2421 1716 2457 alveo

262 2491 361 2529 inter
391 2489 689 2540 septentrionem
722 2495 761 2525 et
795 2487 979 2524 orientem
1016 2486 1212 2529 tendebat,
1242 2485 1381 2535 quibus
1421 2485 1534 2522 hodie
1566 2484 1604 2520 in
1635 2482 1718 2520 tini—

306 2643 347 2671 23
370 2640 516 2671 Videtur
534 2640 731 2679 legendum:
758 2651 824 2680 (μα’
855 2640 887 2670 in
916 2649 1016 2670 onmes
1042 2643 1146 2679 partes
1173 2638 1387 2678 diffitens—24
1413 2636 1719 2675 Logo‚‹1icercnt.—-

265 2698 305 2725 25
324 2694 427 2735 Lege,
443 2694 700 2735 l¹yreneosq11e.—
709 2697 750 2725 26
768 2695 884 2735 Forte,
896 2696 1064 2724 s1mt.—-—27
1080 2694 1183 2733 Lege,
1204 2695 1311 2722 arcton
1324 2694 1351 2721 el
1363 2699 1498 2721 occasum
1510 2689 1723 2720 Britanniam.
