1850 3109
287 194 402 238 1526

290 298 330 330 In
354 299 498 338 vulgatis
518 299 664 340 Appiani
682 300 933 339 exemplaribus
954 300 993 330 B.

290 349 329 380 C.
348 350 369 380 l.
387 359 426 381 n.
446 360 477 390 p.
494 353 567 381 ⁴80.
593 350 704 386 legs-re
731 355 781 379 est
807 349 996 388 Σεμπρώνιος

291 399 368 439 ἀνὴρ
383 400 537 437 Ῥωμαῖος,
561 399 633 429 τότε
649 398 705 435 μὲν
721 400 763 436 τῷ
779 400 917 434 Βασιλεῖ,
939 397 995 427 πά-

290 456 344 481 λαι
373 450 404 481 δὲ
432 452 514 489 αὐτῷ
540 450 687 487 Πομπηΐῳ
720 448 994 489 στρατευσάμενος.

291 502 336 532 Et
365 512 397 541 p.
414 505 488 532 481.
512 500 571 531 Τὸν
593 500 785 539 Σεμπρώνιον
812 500 873 530 εἴτε
898 500 995 537 ἐπι-γι-

293 551 416 582 νώσκων
431 553 576 589 Ῥωμαῖον
591 551 677 587 ὄντα,
693 553 754 582 ἀς,
781 552 840 582 sed
867 551 995 581 utrobi-

289 612 354 642 que
371 603 602 642 reponendum
620 608 671 633 est
687 601 852 638 Σεπτιμίου
863 612 994 633 nomen.

288 652 378 683 Vide
412 653 633 683 Plutarchum
665 653 698 683 in
736 653 855 693 Pomp.
895 662 994 693 pagg.

289 704 366 733 660.
393 706 464 732 ιῐθι.
491 708 524 733 et
554 703 700 734 Dionem
731 704 751 733 l.
779 712 865 733 xm.
895 713 994 743 pugg.

291 753 363 783 186.
384 755 455 782 157.
481 753 592 782 Daris.
642 754 764 783 Lucan.
783 762 794 782 x
808 762 860 784 ιιι.
878 756 952 784 597.

335 804 373 832 12
399 803 487 832 Bello
512 802 705 842 pardonum]
752 803 791 833 ld
807 804 928 834 bellum
947 804 994 834 in-

290 850 428 886 telligit.
455 853 544 891 qnod
572 859 691 882 eontra
719 853 845 892 piratas
871 853 994 884 Cilicas

289 901 392 938 gessit
413 902 606 940 Pompeius.
654 902 754 938 Vide,
771 908 896 942 praeter
913 903 995 933 alios

291 950 492 986 Rima-ivos,
509 952 645 981 Florum
665 962 717 982 ιιι.
734 956 764 983 6.
813 953 926 984 Datis.

337 1003 374 1030 13
415 1001 598 1031 Nur-iculum
633 1003 791 1041 parvulam
822 1003 995 1033 conscendit

289 1060 355 1080 cum
370 1051 478 1090 paucis
498 1051 573 1084 suis.
596 1055 686 1091 atque
709 1052 751 1081 ibi
772 1052 810 1082 ab
827 1052 949 1083 Achilla
966 1056 997 1083 et

290 1099 443 1139 Septimio
460 1101 662 1142 interficitur]
702 1102 759 1132 sic
776 1102 911 1143 quidem
929 1112 996 1133 om-

289 1158 351 1180 nes
384 1151 560 1181 Historiei.
614 1152 681 1182 Adi
707 1153 927 1184 Plutarchum
963 1154 996 1184 in

293 1199 459 1240 Pompeio
488 1211 519 1240 p.
544 1204 618 1233 661.
665 1202 861 1242 Appianum
890 1204 928 1234 B.
957 1204 996 1234 C.

292 1249 315 1279 l.
335 1259 372 1280 ιι.
392 1254 511 1289 p.-1i·³l.
531 1257 564 1281 et
581 1251 727 1282 Dionem
743 1253 762 1282 l.
779 1256 997 1293 x1,11.p.187.

295 1299 340 1330 At
372 1301 493 1331 (ivm-0
524 1301 565 1331 de
594 1302 709 1332 Dirin.
743 1312 781 1333 11.
806 1306 836 1334 9.
892 1304 900 1319 ‘
920 1303 997 1343 An,’

292 1350 414 1390 inquit,
432 1353 438 1367 ‘
458 1352 518 1381 Cn.
538 1351 739 1392 Pompeium
755 1362 874 1384 censes
890 1353 998 1385 tribus

292 1401 362 1431 suis
391 1402 635 1440 consulatibus,
667 1403 776 1434 tribus
809 1404 1000 1444 triumphis,

292 1452 512 1482 maximarum
539 1462 650 1483 rernm
675 1453 780 1493 gloria
804 1454 999 1484 laetaturum

292 1501 409 1542 fuisse,
423 1503 448 1532 si
467 1503 586 1533 scisset
601 1513 633 1533 se
648 1504 679 1533 iu
696 1503 864 1534 solitudine
880 1505 999 1544 [Egyp-

291 1552 405 1583 tim-um
419 1554 606 1584 trucidatum
620 1554 672 1593 iri,
683 1554 801 1584 amisso
815 1555 968 1585 exercitu
981 1555 999 1585 ε’

294 1612 368 1642 (μην
385 1603 412 1633 si
430 1612 509 1633 vera
527 1604 642 1642 lectio,
654 1613 729 1634 eum
745 1604 786 1634 ab
803 1604 878 1634 aliis
895 1605 999 1635 omni-

294 1652 370 1692 hm,
386 1659 456 1684 tum
475 1654 517 1685 ab
541 1665 577 1685 se
602 1655 675 1695 ipso
691 1655 844 1686 diversus
862 1655 934 1686 abit
951 1656 1001 1686 vir

294 1705 609 1742 praesuunissimus.
649 1705 737 1735 vide
753 1705 854 1736 Tusc.
869 1706 1000 1738 Quaest.

297 1753 316 1783 l.
335 1762 391 1785 ιιι.
409 1764 441 1794 p.
460 1757 532 1785 145.
547 1754 601 1785 ed.
619 1755 751 1785 Fabric.
798 1755 898 1786 Unde
912 1765 1001 1786 men-

295 1803 415 1834 dosum
440 1814 514 1835 esse
540 1805 650 1835 locum
675 1804 891 1836 crediderim.
939 1806 1002 1836 Re-

295 1865 385 1895 pono
400 1856 427 1886 si
442 1857 547 1886 scisset
562 1866 593 1887 se
609 1856 641 1886 in
658 1857 777 1887 celone
802 1856 872 1897 (vel
890 1857 1002 1897 potius

294 1907 412 1943 celoce;
444 1907 507 1937 hoc
525 1907 612 1936 enim
640 1906 811 1945 navigium
840 1917 858 1937 a
883 1907 1001 1947 pleris-

296 1967 363 1997 que
400 1958 486 1988 celox
523 1957 661 1988 dicitur.
722 1957 810 1987 Viae
851 1957 1001 1987 Nonium

297 2008 499 2038 Marcellum
518 2017 551 2048 p.
566 2006 657 2048 557.)
671 2007 893 2048 AEgyptiorum
908 2008 1003 2038 truci-

295 2059 403 2087 datum
434 2059 485 2089 iri.
543 2058 625 2089 Celo
652 2058 744 2088 navis
773 2063 824 2089 est
853 2057 1002 2097 biremis,

296 2108 350 2138 vel
370 2109 525 2147 triremis,
538 2114 575 2139 ut
594 2113 741 2140 testatur
757 2108 909 2140 Isidorus
926 2109 1003 2139 His-

297 2158 443 2197 palensis
459 2167 539 2188 xix.
559 2162 584 2188 ι.
603 2159 691 2199 quod
709 2159 825 2198 pulcre
843 2159 1004 2189 convenit

297 2218 373 2238 enm
403 2209 560 2246 Lucano3
609 2208 666 2249 qui
697 2218 777 2239 wir.
807 2212 880 2239 662.
909 2218 1003 2249 seqq.

297 2264 418 2290 auctor
434 2263 487 2290 est
509 2257 750 2290 interfectores
776 2258 931 2299 Pompeii
957 2259 1003 2289 Ι)ι“-

295 2309 373 2338 remi
399 2313 514 2341 vectos
542 2308 660 2340 fuisse.
705 2309 863 2349 Imperiti
888 2309 1005 2340 Mona·

298 2360 364 2398 chi,
389 2370 463 2391 cum
495 2369 563 2391 non
593 2360 825 2398 intelligerent
849 2359 929 2400 quid
960 2360 1005 2390 sit

300 2411 385 2450 Celo,
409 2411 619 2450 solitudinem,
646 2411 758 2442 notius
789 2411 1004 2450 vocabulum,

299 2461 519 2492 substituere.
564 2462 650 2492 Tan.
669 2461 803 2502 quidem
825 2461 935 2492 Faber
961 2462 1003 2492 E-

298 2512 377 2551 pist.
410 2513 496 2543 Crit.
529 2522 553 2543 1.
586 2515 617 2543 4.
641 2514 701 2542 ‘se
731 2521 750 2541 a
781 2512 927 2542 satellite
951 2512 1003 2542 ΙΕ-

300 2562 419 2602 gyptio
449 2561 725 2593 contrucidatam
756 2561 806 2592 iri'
845 2562 1005 2602 conjecit,

300 2623 375 2654 quae
403 2623 483 2644 sane
509 2613 689 2644 hariolatio
716 2612 853 2643 nimium
882 2613 954 2643 abit
985 2624 1004 2644 a

298 2669 447 2704 receptae
479 2663 634 2694 lectionis
662 2662 828 2702 vestigiis,
859 2663 1003 2703 ideoque

299 2723 366 2744 nou
406 2719 534 2744 temere
573 2717 626 2744 est
662 2711 886 2743 admittenda.
939 2713 1004 2744 Da-

296 2764 356 2795 vis.
423 2765 511 2796 Dele
542 2774 561 2794 a
590 2773 701 2803 repono
739 2762 780 2793 ad
819 2763 1006 2795 substituere

299 2819 335 2845 et
374 2823 490 2846 eorum
528 2814 605 2845 loco
634 2813 826 2845 substitue:
865 2813 1005 2853 legerim

766 206 908 237 NOTAE
941 205 1206 236 VARIORUM
1241 206 1288 235 ΙΝ

1043 299 1068 329 εἰ
1098 299 1202 330 scisset
1225 309 1257 329 se
1280 299 1310 329 in
1343 299 1458 329 veloce
1481 297 1642 338 IEgyptiu
1672 301 1744 330 tan-

1044 348 1120 379 dem
1159 349 1350 380 trucidatum
1381 349 1435 385 iri,
1461 349 1515 378 vel
1546 358 1564 377 α
1595 347 1745 388 spadone

1046 400 1205 438 AEgyptio
1236 399 1372 430 demum
1401 399 1591 430 trucidatum
1630 398 1685 437 iri,
1709 404 1746 430 ut

1045 448 1087 478 ad
1125 449 1233 488 ipsum
1270 450 1371 479 Tullii
1411 450 1519 479 locum
1548 449 1746 479 monuimus.

1044 498 1252 531 Auctoribus
1269 500 1316 531 ibi
1340 500 1484 531 laudatis
1501 500 1586 531 adde
1605 500 1748 539 Fulgen-

1045 550 1128 579 tium
1161 550 1193 579 in
1223 551 1350 590 Expus.
1381 561 1480 582 serm.
1543 551 1683 591 Antiqui
1714 560 1750 591 p.

1048 602 1118 629 1⁵0.
1136 604 1170 629 et
1186 600 1351 630 Senecam
1366 600 1475 640 Epist.
1494 604 1524 632 ⁴.
1562 601 1660 639 Idem,
1675 609 1749 631 cur.

1046 660 1114 680 sec.
1172 651 1345 680 illustriss.
1376 651 1533 680 Bouhier.
1561 651 1671 681 locum
1696 649 1750 682 Ci-

1046 702 1174 731 ceronis·
1199 701 1355 732 emendat
1384 702 1554 740 ingeniose
1581 702 1614 731 in
1643 701 1750 732 solitu-

1044 751 1116 782 dine
1146 752 1298 791 AE'ssyl‘list
1327 751 1430 790 ferro.
1492 750 1559 781 Adi
1589 751 1683 781 illum
1706 749 1749 781 ad

1045 804 1144 834 Tusc.
1181 805 1357 844 Disputat.
1400 814 1432 835 c.
1469 808 1521 835 25.
1560 805 1568 821 ‘
1587 803 1750 835 Exercitn

1047 855 1168 885 amisso
1185 855 1293 885 nudus
1310 856 1343 886 in
1360 864 1533 886 servorum
1558 853 1686 886 ferrum
1702 853 1750 884 in-

1046 905 1208 935 cidisset.’

1089 963 1145 985 cv.
1163 957 1182 985 3
1208 954 1374 994 Evocmse]
1418 955 1474 986 Sic
1490 954 1573 985 Mss.
1591 953 1624 998 in
1642 952 1753 984 Editis

1048 1003 1162 1035 fuerat
1174 1015 1305 1035 vocasse.
1331 1006 1439 1036 Clark.
1486 1003 1751 1044 Evocasse,quod

1047 1054 1174 1086 habent
1202 1065 1278 1086 cum
1304 1055 1455 1093 aliorum,
1472 1058 1542 1086 tum
1556 1053 1621 1084 mei
1638 1062 1752 1084 omnen

1049 1110 1177 1145 praeter
1194 1106 1341 1136 Dorvill.
1369 1110 1404 1136 et
1428 1105 1540 1135 Palat.
1564 1104 1635 1145 jam
1662 1102 1754 1134 exhi-

1050 1155 1133 1186 bent
1160 1157 1260 1187 Vase.
1290 1157 1409 1196 Steph.
1437 1156 1572 1197 aliique.
1635 1155 1753 1185 Broca-

1048 1206 1127 1236 visse
1152 1206 1283 1246 Gryph.
1309 1216 1385 1236 cum
1412 1206 1480 1236 Ms.
1508 1205 1631 1243 Scalig.
1660 1205 1753 1236 eiac-

1050 1264 1126 1285 con.
1143 1256 1291 1286 malebat
1307 1257 1476 1286 advocasse.
1524 1254 1664 1286 Rectius
1675 1253 1754 1285 fuis-

1049 1310 1102 1336 set
1126 1311 1195 1336 tum
1215 1307 1254 1336 ad
1278 1316 1310 1336 se
1331 1315 1411 1336 croc.
1457 1304 1544 1335 Vide
1569 1305 1610 1336 ad
1634 1313 1684 1336 vt.
1702 1306 1753 1336 34.

1050 1357 1059 1373 ‘
1079 1356 1206 1387 Omnes
1233 1356 1276 1386 ad
1304 1366 1339 1387 se
1369 1360 1489 1386 evocat
1520 1364 1580 1395 spe
1602 1353 1753 1395 proedae!

1049 1405 1117 1437 Sed
1135 1416 1200 1436 non
1219 1416 1301 1446 opus
1320 1410 1383 1436 est.
1419 1404 1487 1436 Adi
1505 1404 1547 1435 ad
1564 1413 1613 1435 lv.
1630 1407 1682 1435 20.
1699 1406 1752 1435 57.

1093 1459 1113 1487 4
1142 1456 1183 1486 L't
1209 1456 1249 1486 iis
1273 1454 1403 1485 testibus
1427 1454 1461 1484 in
1475 1463 1592 1484 samma
1617 1453 1755 1493 pecuniae

1050 1506 1203 1546 uteretur]
1226 1505 1343 1535 (lodex
1358 1504 1477 1534 Brant.
1492 1507 1526 1534 et
1541 1502 1640 1534 editt.
1655 1502 1754 1535 Rom.

1050 1555 1136 1586 Ven.
1153 1555 1274 1585 omissa
1291 1553 1547 1594 praepositione,
1567 1552 1693 1584 habent
1719 1556 1755 1584 ut

1050 1605 1090 1635 iis
1119 1604 1249 1635 testibus
1283 1613 1399 1635 summa
1433 1604 1571 1643 pecunia>
1604 1606 1754 1643 uteretur,

1052 1655 1141 1685 unde
1159 1654 1314 1685 rescribit
1331 1654 1394 1685 Ph.
1411 1652 1585 1684 Rubenius
1602 1653 1711 1684 Elect.
1729 1661 1754 1684 1.
1797 1692 1799 1695 ι

1052 1709 1105 1737 35.
1130 1706 1139 1723 ‘
1158 1710 1195 1736 ut
1212 1705 1252 1735 iis
1279 1704 1424 1736 testibus
1446 1713 1575 1735 summa
1599 1703 1754 1744 pecuniae

1051 1755 1220 1793 iniretur.5
1289 1755 1356 1786 Ms.
1391 1755 1550 1786 Ciaccon.
1585 1759 1621 1785 et
1656 1754 1755 1786 editt.

1053 1805 1212 1837 Beroald.
1230 1809 1478 1845 repraesentant
1502 1815 1538 1835 (a
1564 1814 1681 1835 summa
1705 1814 1760 1844 pe-

1051 1856 1163 1893 cunioe,
1178 1860 1212 1886 at
1228 1856 1286 1886 lib.
1304 1855 1418 1886 Ursin.
1446 1854 1477 1885 in
1501 1864 1647 1885 summam
1668 1864 1758 1894 pecu-

1052 1906 1114 1937 m'oe
1129 1905 1380 1944 uteretur,nnde
1397 1904 1544 1945 conjecit
1558 1904 1757 1936 ciacconius

1052 1956 1232 1996 legendum
1249 1956 1280 1986 in
1296 1957 1440 1986 sumenda
1460 1955 1589 1996 pecunia
1608 1958 1756 1986 uteretur.

1053 2007 1119 2038 Sed
1146 2016 1312 2037 memores
1331 2015 1403 2037 esse
1421 2006 1586 2036 deberent
1603 2006 1665 2036 viri
1683 2015 1757 2037 eru-

1054 2057 1129 2096 diti,
1149 2057 1298 2088 Criticen
1320 2055 1457 2096 jubere,
1478 2065 1519 2086 ne
1538 2056 1675 2095 vulgata
1690 2056 1759 2087 lec-

1054 2108 1101 2138 tio
1118 2108 1336 2146 sollicitetur,
1359 2117 1434 2138 cnm
1453 2117 1533 2138 sana
1559 2107 1603 2137 sit
1629 2112 1666 2137 et
1693 2106 1758 2137 sin-

1053 2168 1145 2189 cera.
1181 2159 1292 2190 Daris.
1347 2158 1385 2188 Iu
1402 2157 1499 2189 abest
1516 2157 1617 2188 etiam
1635 2156 1676 2187 ab
1693 2156 1759 2187 Ed.

1053 2208 1196 2239 Mediol.
1210 2213 1246 2239 et
1261 2208 1416 2249 pluribus
1432 2219 1440 2238 :
1476 2218 1511 2239 ea
1523 2217 1640 2238 summa
1659 2206 1758 2238 Leid.

1052 2268 1122 2289 sec.
1141 2259 1247 2289 Dorv.
1265 2259 1338 2289 Pal.
1359 2259 1466 2298 Bong.
1494 2263 1529 2289 et
1555 2257 1642 2288 Edd.
1657 2257 1758 2288 Yasc.

1052 2309 1168 2350 steph.
1186 2309 1330 2349 aliaeque
1345 2320 1352 2339 :
1377 2318 1416 2338 ex
1425 2318 1450 2338 s.
1466 2308 1548 2338 Lov.
1564 2307 1598 2338 in
1610 2317 1760 2338 summam

1054 2361 1131 2391 Pet.
1149 2366 1185 2391 et
1199 2360 1297 2390 Voss.
1315 2359 1373 2390 sed
1392 2358 1437 2389 nil
1454 2357 1664 2388 mutandum.
1721 2356 1760 2387 In

1051 2421 1169 2450 sumum
1197 2415 1337 2441 tuentur
1363 2409 1485 2449 Scalig.
1510 2413 1544 2439 et
1569 2408 1665 2439 Leid.
1693 2407 1758 2448 pri-

1052 2471 1148 2491 mus:
1185 2469 1384 2501 quamquam
1408 2458 1441 2489 in
1468 2468 1617 2489 summam
1635 2467 1758 2498 nequa-

1053 2520 1152 2551 quam
1178 2511 1347 2550 displicet.
1395 2509 1443 2540 Ut
1469 2508 1544 2539 finis
1571 2513 1606 2538 et
1638 2517 1760 2548 scopus

1052 2560 1276 2601 significetur,
1291 2569 1353 2590 cur
1376 2569 1434 2590 eos
1451 2563 1555 2589 testes
1571 2557 1759 2591 adhiberet.

1053 2614 1109 2644 De
1137 2622 1202 2654 qna
1226 2612 1396 2642 locutione
1423 2610 1502 2641 alibi
1531 2614 1609 2650 post
1634 2610 1759 2640 multos

1054 2664 1144 2694 viros
1173 2663 1292 2694 doctos·
1323 2661 1476 2702 pluribus
1503 2662 1645 2698 egimus.
1702 2659 1759 2691 Sic

1053 2713 1141 2743 malo
1158 2721 1233 2743 cum
1251 2711 1322 2742 aliis
1338 2711 1428 2751 apnd
1447 2710 1548 2741 Ovid.
1564 2710 1651 2740 Met.
1676 2717 1759 2741 1111.

1054 2768 1107 2795 ³5.
1123 2765 1132 2780 ‘
1150 2764 1181 2793 ἱιι
1197 2772 1333 2793 caussam
1350 2761 1471 2802 prosit,
1486 2760 1630 2791 Achivi!

1097 2817 1116 2845 7
1142 2813 1234 2846 Elide
1255 2813 1289 2843 in
1313 2813 1424 2852 templo
1439 2812 1635 2842 simulacrum
1658 2809 1759 2841 Victo·
