1850 3109
474 183 579 212 cm).
610 171 681 211 50.
717 180 812 209 mn.
846 179 909 209 DE
944 179 1099 208 nunno
1135 179 1285 209 Amzx.
1497 169 1610 213 1559

153 275 194 308 In
217 276 262 315 τῷ
282 275 387 307 multis
405 274 618 306 consentiunt
636 273 757 304 Petav.
773 273 852 303 Sca-

153 329 210 368 lig.
232 327 412 359 heldenses
427 334 503 355 cum
521 325 585 355 Ed.
611 324 653 354 R.
667 324 802 364 Steph.;
818 328 853 354 at

155 379 278 409 Lovan.
306 378 409 407 Dorv.
432 376 529 406 Voss.
548 375 662 406 Ciacc.
680 375 798 405 Brant.
817 379 853 405 et

154 428 239 460 Edd.
266 427 361 458 vett.
380 426 494 456 mutuis
521 426 657 456 habent.
697 425 852 465 Cujucia-

152 488 212 508 nus
242 486 320 508 vero
350 486 426 506 cum
465 475 591 506 Faerno
624 476 718 506 mutis
743 475 853 514 signis.

151 527 250 561 Quod
270 526 366 557 valde
387 526 525 556 arridet.
564 526 632 556 Per
656 529 741 556 mutu
762 526 854 564 sigma

152 578 310 618 intelligit
341 587 454 608 eorum
483 583 611 618 gestus,
635 582 671 608 et
699 577 852 608 actiones

151 629 284 668 tacitns,
302 629 384 660 licet
403 628 517 660 odium
542 638 608 658 non
633 632 853 667 testarentur,

148 685 185 712 nt
212 690 274 721 per
296 680 475 710 testimonia
493 679 683 720 apertiores
706 679 774 709 odii
799 679 854 710 de-

148 731 380 763 nunciationes
396 730 580 771 significat.
606 731 699 760 Muta
709 730 855 770 suspiria,

148 782 227 813 »nuti
252 785 385 822 questus,
408 781 487 812 muti
509 781 662 821 adfectus,
680 786 716 812 et
732 780 855 812 similia

148 832 239 872 alibi,
253 843 328 874 quae
344 843 435 873 soepc
451 832 564 864 abiere
578 832 609 863 in
628 833 736 863 multa.
764 831 854 862 Vide

149 882 190 914 ad
209 883 359 914 Frontin.
377 892 401 914 1.
417 886 446 913 6.
463 885 494 914 2.

193 937 230 965 11
270 933 537 974 Dissimulabant]
576 933 632 965 Sic
669 934 736 965 ΜΞ.
766 932 855 974 Reg.

149 984 234 1017 Quae
250 989 286 1016 et
301 995 383 1016 vera
403 985 515 1015 lectio.
562 984 632 1015 Alii
656 993 772 1014 omnes
795 984 855 1014 dis-

147 1036 307 1066 simulant.
335 1037 444 1066 Clark.
486 1036 577 1075 Lege
604 1034 854 1072 dissimulabunt,

150 1085 240 1125 quod
257 1085 358 1115 etiam
379 1085 536 1115 Clarkius
560 1094 603 1114 ex
627 1084 721 1115 Msto
747 1084 855 1124 Regio

148 1133 291 1165 monuit.
330 1134 385 1164 Ita
404 1138 497 1164 recte
522 1133 606 1163 dant
629 1133 803 1173 Gryphius
820 1137 856 1164 et

150 1183 392 1224 Lugdunenses
422 1185 518 1213 1576.
550 1183 660 1213 Daris.
687 1191 758 1213 cur.
786 1191 854 1212 sec.

151 1232 335 1264 Accedunt
372 1232 490 1264 Codex
517 1232 691 1271 Dorvillii,
727 1231 853 1272 Scalig.

149 1284 229 1317 item
247 1282 334 1314 Edd.
350 1283 490 1314 Vascos.
507 1282 687 1323 Stephani,
703 1287 740 1313 et
763 1282 855 1313 Stra-

149 1332 215 1373 dae,
232 1342 308 1364 cum
328 1332 462 1373 Gryph.
481 1332 545 1363 Ed.
564 1332 766 1373 posteriore,
788 1342 855 1363 non

149 1383 266 1423 prima.
303 1384 479 1415 Praeterea
504 1393 547 1414 ex
570 1383 669 1415 Leid.
694 1383 802 1423 primo
819 1388 855 1415 et

148 1434 272 1464 Lovan.
295 1432 411 1473 scripsi
437 1433 574 1464 animum
596 1433 853 1465 animadvertere.

150 1482 219 1514 Adi
235 1482 277 1513 ad
295 1483 335 1514 B.
349 1483 394 1514 G.
412 1492 436 1513 1.
453 1486 506 1515 24.

191 1537 230 1565 14
265 1533 337 1565 HS.
366 1533 522 1574 centenos]
573 1535 683 1566 Recte
714 1534 855 1566 Ciacco-

148 1584 223 1615 nius
257 1584 390 1615 notavit
418 1585 452 1615 in
483 1585 569 1617 Mss.
610 1586 785 1626 plerisque
818 1589 854 1617 et

149 1634 238 1666 Edd.
253 1635 348 1666 Vett.
377 1636 466 1665 male
490 1635 593 1666 scribi
619 1636 764 1667 sestertia
786 1646 856 1667 cen-

149 1688 231 1715 tena.
255 1684 403 1725 Singulis
421 1685 510 1715 enim
526 1685 701 1725 militibus,
718 1687 856 1717 nimium

150 1733 252 1774 foret,
264 1735 430 1766 universis
449 1745 577 1775 parum.
603 1736 643 1766 In
658 1737 754 1767 Voss.
772 1737 854 1767 Cod.

149 1790 202 1817 est
217 1785 401 1816 Sestertium
417 1788 540 1818 centies,
567 1787 691 1827 Scalig.
707 1791 743 1818 ct
758 1787 855 1818 Leid.

148 1845 202 1878 pr.
231 1835 272 1866 Se
302 1836 343 1867 R.
370 1847 396 1867 c.
427 1836 512 1867 bene
543 1836 632 1867 infra
661 1838 671 1854 ‘
689 1838 855 1868 sestertiis

151 1888 328 1927 centenis‚’
346 1893 381 1920 et
397 1898 428 1919 c.
444 1892 498 1920 52.
518 1890 527 1905 ‘
543 1890 719 1920 sestertios
737 1889 781 1921 c.'
807 1890 856 1920 di-

150 1943 240 1970 serte
256 1939 372 1979 anac.
391 1939 488 1970 Leid.
507 1950 558 1980 pr.
578 1945 613 1971 et
636 1940 761 1981 Scalig.
778 1951 855 1971 cum

148 1989 250 2020 Vasc.
269 1989 387 2029 Steph.
402 1990 489 2021 Scal.
506 1992 570 2021 διε.
593 1995 629 2022 et
653 1991 693 2022 Β.
713 1991 755 2022 G.
773 1999 855 2022 vm.

149 2044 180 2071 4.
197 2039 206 2055 ‘
224 2039 396 2070 Militibus
421 2040 571 2071 ducenos
595 2040 768 2072 sestertios
787 2041 857 2082 pol-

153 2090 297 2129 licetur‚’
329 2095 364 2121 et
393 2090 436 2121 de
465 2091 564 2122 Bello
592 2090 711 2122 Africo
743 2101 773 2123 c.
801 2094 854 2123 88.

152 2140 161 2156 ‘
177 2140 316 2181 singulis
341 2141 411 2171 Hs.
428 2150 458 2171 c.
475 2141 613 2173 divisit:

195 2194 232 2221 15
260 2190 496 2231 Medobregam]
523 2192 564 2222 In
589 2193 753 2234 Inscript.
786 2194 857 2225 Me-

151 2241 284 2281 dubriga
312 2246 349 2272 et
379 2242 492 2272 Plinio
520 2242 771 2274 Medubricenses
798 2254 856 2274 vo-

151 2296 284 2331 cantur,
315 2297 353 2322 ut
389 2291 591 2323 Ciacconius
622 2298 657 2323 et
687 2293 856 2324 Cellarius

150 2341 327 2374 adnotant.
363 2341 439 2372 Huc
458 2342 627 2373 accedunt
645 2342 730 2373 Mss.
744 2344 853 2374 Dorv-

152 2391 248 2422 Leid.
278 2401 347 2422 sec.
375 2392 473 2423 Voss.
498 2392 626 2423 Lovan.
649 2392 707 2433 qui
730 2392 858 2424 habent

153 2442 369 2482 Medobrigam
384 2447 420 2474 et
437 2443 700 2483 Medobrigenses.

198 2495 236 2523 1⁷
254 2493 374 2524 Iterum
387 2493 528 2535 donavit]
542 2494 663 2526 Paullo
676 2498 756 2526 ante
771 2494 859 2525 dixit

153 2551 242 2581 eum,
266 2544 420 2574 exercitu
453 2544 487 2574 in
516 2554 618 2576 unum
645 2546 755 2577 locum
780 2555 859 2577 con-

154 2592 270 2632 ducto,
298 2595 472 2634 pollicitum
510 2605 584 2626 esse
617 2605 649 2628 c.
680 2597 860 2633 sestertios,-

156 2650 223 2672 non
238 2652 317 2674 vero
334 2653 410 2674 eum
429 2646 566 2676 donasse.
602 2646 681 2678 Jam
706 2656 797 2684 vero,
821 2656 858 2677 re

157 2691 245 2723 bene
275 2699 380 2735 gesta,
409 2695 549 2727 donavit
573 2706 630 2728 eos
665 2698 859 2729 sestertios:

157 2751 226 2775 non
246 2742 358 2775 iter-um.
381 2745 537 2778 donavit:
563 2757 666 2788 qnare
686 2748 861 2780 confiden-

906 277 959 304 ter
996 273 1084 313 ejeci
1120 273 1205 303 hanc
1244 282 1374 310 voc-em,
1403 276 1609 307 auctoritate

907 323 991 353 Mss.
1027 323 1143 362 anac.
1174 323 1296 354 Petav.
1323 323 1409 354 Scal.
1436 324 1532 354 Leid.
1558 335 1609 365 pr.

904 373 1005 404 Voss.

950 432 1046 455 xmx.
1074 425 1094 453 8
1132 421 1351 462 Simultnlum]
1387 422 1444 453 Sic
1475 422 1611 463 quidem

906 479 1106 505 constanter
1127 483 1241 504 omnes
1267 473 1375 504 codd.
1406 473 1469 503 Ph.
1497 477 1609 504 tamen

908 526 1082 557 Rubenius
1110 526 1218 556 Elevt.
1245 534 1268 556 1.
1295 526 1347 555 32.
1380 524 1466 554 hanc
1492 524 1611 555 lectio-

906 587 982 607 nem
1000 577 1130 616 rejicit:
1155 576 1259 607 dictio
1277 576 1403 616 quippe
1419 575 1613 605 simultatum

905 629 982 659 huic
1001 627 1179 658 sententiae
1205 637 1268 657 non
1294 627 1373 657 satis
1391 626 1548 666 apposita
1566 626 1612 657 vi·

905 678 1018 717 detur,
1034 679 1178 718 ideoque
1197 678 1331 718 reponit
1345 679 1539 708 muletarum.
1565 676 1613 708 At

907 739 988 761 vero
1004 730 1178 760 simultates
1194 728 1338 769 primum
1359 727 1613 769 quoerebantur,

906 785 1095 821 propterea
1115 779 1205 820 quod
1228 779 1351 809 divites
1379 788 1432 818 eo,
1459 787 1525 820 quo
1550 788 1612 819 par

905 836 969 872 est,
983 831 1081 862 modo
1098 840 1133 861 se
1156 839 1222 860 non
1246 831 1389 869 gessisse
1413 828 1613 860 autumabat

906 882 1098 922 Longinns;
1122 880 1200 912 dein
1228 881 1268 911 iis
1292 881 1426 911 mulctae
1453 885 1531 912 sunt
1552 880 1612 911 im-

906 933 1038 974 positae.
1085 931 1305 963 Antecedens
1330 935 1382 961 est
1408 939 1469 971 pro
1497 939 1613 961 conse-

906 988 1044 1025 quente.
1096 983 1150 1014 Sic
1183 981 1272 1023 apud
1304 982 1406 1013 Corn.
1440 981 1613 1020 Nepotem

905 1034 1070 1074 Tlnrasyb.
1103 1043 1134 1064 c.
1166 1035 1220 1063 lt.
1250 1036 1281 1063 5.
1319 1032 1327 1048 ‘
1350 1031 1449 1062 Hanc
1488 1031 1615 1072 (Muni-

907 1083 1032 1123 chiam)
1063 1083 1114 1114 bis
1149 1081 1296 1122 Tyranni
1328 1091 1506 1122 oppugnare
1534 1087 1613 1113 sunt

907 1133 1018 1164 adorti
1032 1133 1052 1172 ;’
1077 1143 1152 1164 cum
1170 1143 1286 1164 revera
1309 1133 1529 1173 oppugnarint,
1544 1142 1613 1164 non

906 1187 1021 1213 autem
1048 1183 1328 1223 expugnaverint.
1388 1182 1476 1214 Vide
1509 1183 1614 1214 etiam

907 1233 950 1265 B.
981 1233 1022 1265 G.
1050 1242 1084 1264 v.
1110 1236 1161 1264 12.
1192 1238 1227 1263 et
1258 1233 1305 1263 ibi
1336 1237 1464 1264 notata.
1501 1234 1614 1266 Dat-is.

910 1285 1011 1315 Causa
1029 1289 1080 1315 est
1104 1284 1136 1314 in
1163 1284 1257 1316 Leid.
1282 1294 1334 1324 pr.
1360 1284 1435 1315 Lat.
1461 1284 1615 1317 Latinius

906 1334 1044 1375 legebat
1059 1335 1151 1365 simul
1174 1338 1203 1365 et
1227 1344 1354 1366 cuussce.
1391 1334 1459 1365 Sed
1476 1335 1615 1376 vulgata

906 1385 987 1415 mihi
1003 1386 1107 1416 etiam
1132 1385 1263 1416 sincera
1279 1385 1429 1416 videtur.
1468 1385 1617 1417 Simulta-

906 1437 986 1466 tt'um
1009 1441 1123 1467 autem
1147 1440 1199 1466 est
1226 1436 1260 1466 in
1285 1436 1408 1475 Scalig.
1431 1436 1559 1467 Lovan.
1579 1440 1616 1468 et

906 1486 1002 1517 Voss.
1043 1486 1131 1517 vide
1159 1485 1201 1516 ad
1229 1486 1270 1517 B.
1291 1485 1334 1516 G.
1361 1494 1410 1516 xv.
1439 1488 1470 1516 3.
1500 1486 1509 1502 ‘
1526 1485 1615 1518 Civi-

908 1537 1054 1568 tatium!

950 1590 991 1618 12
1015 1587 1103 1618 Inter
1117 1597 1184 1618 reos
1198 1587 1383 1630 referretur]
1405 1588 1460 1620 Sic
1476 1587 1614 1629 quidem
1668 1629 1671 1632 y

907 1637 1114 1669 recentiores
1137 1638 1300 1669 exhibent
1330 1649 1396 1669 una
1422 1649 1498 1670 cum
1522 1639 1613 1670 Edd.

908 1687 1148 1729 antiquissimis
1165 1694 1201 1720 ct
1219 1689 1302 1720 Mss.
1320 1691 1428 1721 Dorv.
1455 1700 1493 1721 ac
1518 1689 1614 1721 Leid.

908 1747 975 1769 sec.
1010 1737 1058 1769 At
1073 1748 1155 1769 vero
1172 1740 1255 1770 Mss.
1274 1741 1394 1771 Petav.
1412 1740 1536 1781 scalig.
1553 1741 1616 1772 Lo-

908 1797 982 1819 van.
1000 1788 1095 1819 Leid.
1115 1799 1164 1829 pr.
1182 1790 1280 1821 Voss.
1301 1795 1337 1821 et
1360 1790 1516 1829 aliorum,
1532 1790 1616 1822 item

908 1838 994 1869 Edd.
1030 1837 1124 1877 Aldi,
1155 1840 1297 1870 Vascos.
1331 1840 1461 1880 Gryph.
1495 1840 1615 1881 steph.

908 1889 1023 1920 Plant.
1052 1889 1176 1930 Scalig.
1201 1890 1322 1921 Cellar.
1340 1894 1375 1921 et
1400 1891 1514 1931 plures
1532 1890 1616 1922 dant

906 1939 941 1970 in
967 1950 1036 1971 reos
1062 1939 1122 1978 ref.
1169 1940 1258 1982 quod
1303 1941 1432 1972 idcirco
1477 1946 1616 1973 secutus

907 2000 992 2021 sum.

951 2050 981 2073 1..
1006 2045 1024 2072 5
1061 2042 1275 2074 Nihilominus
1303 2042 1422 2083 lamen]
1445 2043 1502 2075 Sic
1531 2043 1617 2076 Mss.

908 2092 993 2132 Reg.
1010 2095 1046 2122 et
1063 2092 1156 2124 Edit.
1173 2093 1338 2124 Romana.
1371 2094 1410 2124 In
1427 2094 1501 2125 aliis
1518 2094 1618 2127 deest

907 2145 1020 2173 tamen.
1047 2144 1157 2174 Clark.
1195 2144 1268 2184 Ego
1286 2147 1408 2174 contra
1424 2154 1562 2185 censeo,
1579 2145 1618 2176 li-

909 2194 1012 2225 brarii
1049 2194 1192 2235 alicujus
1229 2205 1304 2226 esse
1335 2195 1618 2235 additamentum,

909 2245 965 2285 qui
989 2244 1048 2275 tali
1074 2244 1183 2275 fulcro
1199 2246 1343 2276 orationi
1360 2255 1444 2286 opus
1460 2256 1533 2277 esse
1557 2256 1618 2287 pu-

910 2295 1016 2325 tabat.
1047 2295 1174 2325 Verum
1193 2295 1383 2335 elegantius
1396 2297 1502 2328 multo
1519 2298 1618 2330 omit-

909 2344 1014 2384 titur;
1043 2355 1104 2376 nec
1122 2355 1257 2386 quoque
1280 2352 1470 2387 comparet,
1494 2347 1559 2379 nisi
1582 2349 1617 2379 in

908 2397 1150 2428 recentissimis
1176 2397 1272 2428 Leid.
1306 2406 1374 2429 sec.
1404 2398 1551 2431 Dorvill.
1581 2404 1619 2431 et

908 2447 997 2479 Edd.
1014 2447 1107 2478 Med.
1120 2447 1360 2487 Ven.,Vasoos.
1377 2448 1510 2489 Gryph.
1529 2454 1618 2490 post.

907 2508 947 2530 ac
960 2499 1081 2540 Steph.
1096 2509 1188 2539 saepe
1205 2499 1310 2530 etiam
1327 2504 1430 2530 tamen
1447 2499 1618 2530 omittitur

908 2554 989 2590 post
1013 2559 1205 2591 quamquam,
1221 2549 1292 2589 etsi,
1309 2554 1345 2580 et
1365 2549 1497 2580 similia.
1538 2548 1617 2589 Adi,

909 2611 992 2642 quos
1006 2601 1125 2632 laudat
1143 2601 1236 2632 Cort.
1253 2600 1294 2630 ad
1313 2600 1449 2630 Sallust.
1474 2599 1514 2629 Β.
1532 2599 1616 2639 Jug.

910 2661 941 2682 c.
965 2655 1018 2683 35.
1047 2656 1083 2682 et
1111 2651 1276 2682 stewech.
1303 2650 1345 2680 ad
1372 2649 1496 2689 Veget.
1523 2657 1547 2680 1.
1562 2651 1616 2679 20.

909 2703 918 2719 ‘
938 2702 1039 2739 Nam,
1053 2702 1148 2740 licet,
1159 2704 1224 2731 διο.
1242 2701 1378 2740 pedites
1393 2703 1529 2730 constat
1541 2709 1617 2731 esse

911 2751 1077 2784 nudatos.⁷
1110 2751 1166 2783 Sic
1179 2751 1282 2782 etiam
1297 2750 1380 2782 Mss.
1397 2749 1462 2782 mei
1478 2759 1593 2782 omues
1607 2760 1621 2784 :-
