1850 3109
239 161 353 203 1802
665 171 704 200 J.
739 170 876 199 causi
913 169 1046 198 coam
1061 169 1265 199 esuum

238 282 307 307 nos
327 276 363 306 et
386 268 571 318 Lingones
590 268 871 318 Treverosque,
899 274 936 305 et
956 268 1038 304 illos
1059 267 1217 316 quidem
1246 266 1341 304 duos
1373 266 1541 303 amicitia
1577 266 1699 304 conti-

239 333 322 371 uuit
356 334 631 377 Romanorum,
671 332 783 381 [1:31]
820 333 888 368 hos
923 331 1052 368 tertios
1090 332 1262 368 locorum
1301 330 1496 375 distantia,
1529 336 1567 367 et
1607 342 1698 366 suns

240 397 362 440 labor,
383 395 412 418 ⁸⁵
428 409 541 445 quani
563 395 780 444 patiebatur
799 408 844 431 eo
866 401 1036 444 tempore
1057 393 1106 430 ab
1135 394 1353 430 incursibus
1384 396 1694 432 Germanorum:

244 473 330 510 quae
352 473 409 497 res
431 466 512 496 toto
535 458 616 494 illos
646 458 746 494 bello
772 457 917 494 medios
938 457 1071 501 tenuit,
1108 463 1146 494 ut
1180 457 1216 492 in
1251 465 1424 494 neutram
1464 464 1610 507 partem
1644 457 1700 493 in-

243 524 441 561 clinarent.
514 523 557 557 ln
588 533 633 556 co
667 532 757 556 sane
791 520 948 556 consilio
987 520 1190 556 commissa
1231 522 1445 568 quaestione
1484 520 1699 569 suffragiis:

243 598 432 624 consensu
459 585 628 621 omnium
665 584 898 633 populorum
919 584 1207 633 Vercingetorix
1239 584 1327 621 belli
1357 584 1435 620 dnx
1455 584 1696 620 decernitur:

243 650 354 698 cujus
373 648 516 685 decreti
534 648 680 698 pudore
701 648 811 685 simul
839 661 882 685 ac
903 641 1063 685 moerore
1085 649 1314 685 consternati
1344 648 1481 685 AEdui:
1511 655 1550 685 et
1579 661 1599 684 e
1631 660 1699 696 spe

243 713 422 763 improba
442 711 601 760 dejecti,
632 719 710 749 tuni
731 713 893 762 primum
917 720 954 749 et
974 725 1205 760 cognoscere
1233 712 1420 749 Caesarem
1444 718 1642 761 coeperunt
1662 718 1701 748 et

244 777 438 815 fortunam
460 789 566 813 snam
585 789 594 813 ι
617 789 692 813 non
721 782 846 813 tamen
868 777 916 812 ab
938 776 1108 825 incoepto
1129 776 1268 813 resilire
1288 777 1386 820 ausi,
1403 776 1491 813 hinc
1522 775 1700 818 Caesaris,

245 841 333 879 hinc
367 841 565 879 Gallorum
602 849 726 878 metu:
759 849 839 878 tum
874 841 1044 890 primum
1078 853 1234 889 quoqne
1268 839 1402 876 tumidi
1437 839 1702 876 adolescentes

243 907 480 958 Eporedorix
505 914 544 944 et
564 906 826 943 Viridomarus
849 906 1094 955 indignantes
1114 918 1320 954 agnoscere
1342 911 1560 954 potuerunt,
1582 916 1703 952 qnan—

245 980 286 1009 to
301 979 399 1009 esset
421 970 616 1007 honestius
633 970 706 1007 sub
727 971 879 1008 Caesare
909 969 975 1006 tali
995 969 1087 1014 viro,
1110 975 1149 1006 et
1176 969 1223 1006 de
1250 969 1303 1005 eis
1334 969 1386 1005 ita
1420 967 1556 1005 merito
1586 979 1703 1016 quam

243 1036 320 1072 sub
337 1034 646 1084 Vercingetorige
667 1034 849 1071 adversus
868 1034 1058 1071 Caesarem
1080 1033 1257 1070 militare.
1298 1033 1387 1083 lpse
1408 1038 1537 1069 autem
1556 1030 1705 1081 pridem

245 1099 385 1143 factus,
416 1110 518 1135 nnnc
535 1097 716 1141 refectus,
738 1097 923 1146 quodque
950 1102 1007 1134 est
1036 1096 1185 1139 fortius,
1208 1094 1496 1133 ⁸⁶contentione
1524 1094 1706 1132 reforma-

247 1170 307 1200 tus
338 1163 544 1213 imperator
572 1161 881 1210 Vercingetorix3
915 1174 983 1197 suo
1011 1161 1093 1210 jain
1127 1160 1266 1198 certior
1294 1160 1343 1197 de
1377 1166 1490 1202 statu,
1518 1159 1596 1208 agit
1621 1159 1704 1207 jam

247 1233 386 1264 cuncta
407 1225 609 1264 fidentius:
641 1224 835 1275 edicitque
859 1225 1036 1262 omnibns
1058 1232 1100 1262 ut
1123 1225 1295 1274 equitum
1328 1231 1472 1261 certum
1506 1235 1706 1259 numerum

247 1289 470 1335 conficiant,
497 1290 884 1338 obtemperatumque
915 1289 1017 1326 illico
1044 1295 1116 1325 est:
1148 1287 1366 1337 quindecim
1400 1287 1501 1324 milia
1533 1286 1706 1336 equitnm

247 1353 367 1391 fuisse
381 1353 474 1391 satis
495 1354 698 1390 convenit:
729 1352 903 1402 peditatu
924 1366 1013 1390 sane
1038 1366 1115 1390 non
1135 1352 1210 1389 alio
1237 1365 1353 1402 quain
1372 1364 1487 1402 quem
1509 1350 1708 1387 habuisset

250 1430 347 1467 opus
366 1430 446 1455 esse
466 1416 658 1467 professus
679 1423 747 1462 est,
770 1417 838 1466 qui
857 1417 1080 1467 octuaginta
1100 1416 1242 1454 milium
1275 1423 1380 1452 erat:
1411 1427 1484 1452 non
1515 1427 1554 1451 se
1577 1421 1707 1451 tamen

250 1481 372 1530 proelii
406 1481 601 1518 fortunam
633 1480 723 1518 totis
762 1480 819 1517 bis
857 1480 979 1530 copiis
1015 1486 1274 1529 experturum,
1315 1491 1439 1528 neque
1474 1491 1552 1515 rem
1588 1477 1707 1525 justae

250 1545 544 1583 commissurum
582 1545 678 1581 aciei
709 1544 996 1594 Vercingetorix
1036 1544 1190 1593 ajebat:
1231 1542 1297 1580 sed
1337 1555 1453 1592 quum
1492 1540 1709 1578 abundaret

248 1609 439 1658 equitatu,
487 1610 683 1647 Romanos
721 1609 868 1659 pabulo
913 1609 1172 1652 exclusurum,
1211 1614 1328 1657 atque
1367 1606 1421 1644 ita
1451 1605 1551 1642 viros
1594 1604 1708 1642 armis

249 1673 427 1718 invictos,
457 1673 583 1710 inedia
609 1687 654 1710 ac
690 1674 791 1710 t'ame
817 1673 1040 1710 victurum:
1075 1685 1199 1721 neque
1225 1683 1351 1708 arcere
1395 1670 1543 1707 hostem
1575 1682 1596 1706 a
1629 1668 1710 1706 fru-

249 1737 387 1774 mentis
434 1744 599 1781 tantum,
646 1738 711 1774 sed
750 1737 942 1774 frumenta
981 1736 1065 1786 ipsa
1103 1747 1351 1784 eorrumpere
1398 1733 1473 1770 suis
1513 1745 1711 1782 persuase-

251 1807 324 1839 rat.
381 1801 412 1824 ⁸⁷
428 1802 491 1838 Sic
530 1801 686 1851 privatis
714 1801 989 1850 temporalibus
1026 1798 1279 1837 incommodis
1317 1804 1542 1847 perpetuam
1583 1795 1712 1846 publi-

254 1877 339 1901 cam
356 1864 572 1902 libertatem
596 1866 716 1914 quaeri
736 1865 941 1903 dictitans:
972 1871 1009 1902 et
1026 1870 1106 1901 erat
1127 1861 1398 1900 tumultuarius
1430 1861 1636 1910 imperator
1655 1872 1713 1896 or-

254 1927 409 1964 dinariis
429 1928 530 1965 curis
563 1929 847 1974 intentissimus,
870 1928 978 1978 quasi
998 1927 1172 1977 legitimis
1192 1926 1289 1962 bene
1315 1931 1473 1961 moratae
1494 1923 1710 1972 cujuspiam

252 1991 476 2041 reipublicae
497 1991 683 2038 suffragiis
703 1991 751 2028 ad
773 1992 972 2040 imperinm
992 1991 1025 2012 ⁸⁸
1035 1989 1279 2027 accidissent.
1338 1987 1442 2023 Inter
1459 1986 1531 2022 alia
1552 1985 1710 2034 quidem

255 2053 518 2103 Allobrigibus
534 2053 691 2097 bellum,
707 2054 811 2103 quod
827 2068 912 2091 cnm
927 2053 1105 2090 Romanis
1121 2051 1255 2088 sentire
1275 2063 1339 2087 eos
1355 2049 1600 2099 opinabatur,
1616 2047 1714 2085 indi-

252 2117 365 2162 cavit,
387 2118 500 2167 [152]
519 2131 668 2168 unaque
697 2132 785 2156 cnm
809 2118 922 2162 bello,
953 2118 1097 2153 animos
1124 2128 1252 2153 eorum
1280 2112 1552 2151 secretioribus
1572 2111 1712 2149 nuntiis

253 2193 299 2217 ac
320 2182 517 2230 promissis
547 2189 672 2220 tentat
696 2182 924 2232 ingentibus,
942 2181 1165 2231 ⁸⁹princeps
1200 2177 1384 2228 perviam,
1415 2176 1612 2214 civitatem
1641 2176 1714 2212 im-

253 2244 360 2294 perio
380 2246 588 2295 provincia)
605 2261 613 2291 ;
648 2254 689 2283 ut
709 2246 814 2297 qnod
836 2259 910 2282 uua
933 2258 1005 2282 non
1026 2244 1148 2294 possit
1167 2243 1201 2264 ⁹0
1210 2243 1305 2280 alter
1322 2246 1578 2289 consequatur
1597 2239 1712 2278 viam.

256 2308 345 2345 Iloc
365 2310 543 2347 adversus
564 2310 798 2360 Allobrogas
821 2310 964 2347 bellum
993 2309 1129 2347 AEdnis
1149 2305 1381 2344 committit:
1412 2303 1478 2353 qni
1507 2303 1712 2352 congressi,

255 2373 387 2409 inultis
412 2385 566 2409 suornm
588 2373 835 2417 obtruncatis,
855 2372 1060 2410 amicitiam
1083 2373 1295 2408 Romanam
1321 2367 1448 2404 utilem
1478 2365 1596 2403 fnisse
1628 2379 1711 2404 sen-

257 2442 399 2478 serunt,
416 2436 486 2472 snb
507 2450 582 2485 qna
602 2436 750 2473 dntlnm
775 2435 949 2472 honorati
967 2434 1163 2484 quietique
1178 2433 1364 2468 vixerant.
1421 2430 1551 2467 Caesar
1569 2429 1714 2466 interea

254 2497 292 2535 in
314 2500 510 2549 Sequanos
531 2498 803 2548 proficiscitur:
835 2497 946 2545 cnjus
981 2497 1050 2533 iter
1071 2494 1361 2545 Vercingetorix
1380 2493 1510 2542 fugam
1531 2498 1647 2535 ratus,
1662 2492 1710 2529 ad

313 2597 353 2623 85
392 2594 496 2633 Lege,
526 2595 604 2634 quod
628 2594 941 2634 premebantur.-86
980 2595 1093 2631 Forte,
1122 2592 1409 2623 consensione.-87
1450 2589 1564 2627 Forte,
1594 2587 1712 2618 His.—

256 2649 298 2677 88
321 2646 426 2686 Lege,
445 2647 716 2678 accessissem—89
741 2648 853 2687 Forte,
873 2647 1027 2687 principes
1050 2645 1275 2686 pecunia.—90
1301 2645 1404 2683 Lege,
1432 2643 1531 2672 altera
1553 2649 1712 2680 consequa-

257 2703 310 2730 tur
332 2698 393 2730 ria.
