1850 3109
540 181 602 209 nn
638 180 750 209 vrrA
783 180 914 209 sumi
952 181 1182 213 υιιςωηις.
1474 175 1585 215 1741

134 275 281 312 Veneto
303 275 336 312 iu
359 275 458 312 bello
480 289 571 313 usus
590 284 668 314 erat
697 291 795 314 anno
825 278 966 322 altero:
1000 285 1038 315 et
1067 293 1156 328 qua}
1189 281 1322 318 amicis
1353 296 1398 318 ex
1429 285 1589 333 regioni-

135 337 204 375 bus
234 338 382 375 interim
415 339 566 377 redacta
606 341 792 390 ingentem
830 344 979 380 navium
1013 357 1209 381 numerum
1244 346 1478 394 expleverat.
1536 350 1584 385 Et

124 401 208 450 jam
240 402 340 439 sama
370 404 626 441 Romanorum
665 420 686 442 a
708 407 910 443 Germanis
949 407 1172 444 transiverat
1202 408 1248 444 atl
1286 409 1511 447 Britannos:
1546 419 1584 448 et

127 476 294 513 praesens
320 465 475 516 insuper
500 475 707 518 apparatus
729 469 803 506 late
838 477 979 506 metum
1013 478 1212 519 sparserat.
1229 473 1313 521 [73]
1334 473 1468 522 ltaque
1489 475 1583 511 mul-

132 534 254 565 tarum
279 529 408 567 insula}
441 531 638 568 civitatum
661 533 782 569 nuntii
803 534 991 569 (farsarcm
1014 534 1169 577 adeunt,
1193 542 1229 571 et
1259 535 1411 572 obsides
1435 543 1473 574 et
1493 538 1586 574 obe-

127 590 306 628 dientiam
339 594 624 642 promittentes:
656 596 724 632 lios
756 595 916 644 benigne
947 596 1173 645 suscipiens,
1195 604 1232 634 et
1254 612 1387 635 sereno
1416 601 1522 638 vultu
1546 608 1585 639 et

126 654 207 692 miti
243 656 414 694 oratione
441 659 694 708 prosequitur,
725 659 898 696 hortatus
934 666 975 696 ut
1009 660 1043 696 in
1102 662 1304 710 proposito
1335 672 1581 712 perseverent

127 718 284 757 domum
317 722 476 759 remittit
503 730 541 759 et
563 736 649 759 cum
671 722 813 760 eisdem
838 723 1071 761 ¹¹communi
1105 725 1251 761 consilii
1284 727 1409 775 magni
1433 728 1580 772 virum;

124 781 240 832 inque
262 784 338 821 oris
365 785 437 822 illis
458 786 638 823 omnibus
667 787 908 824 auctoritatis
937 788 1085 824 eximiae
1106 801 1150 825 ae
1173 795 1356 837 spectatae
1379 791 1485 827 ¹²sibi
1506 805 1583 830 non

124 845 364 892 fidissimum,
404 856 446 886 ut
473 851 641 888 rebatur.
710 853 799 895 Quo
842 851 977 888 merito
1014 852 1282 889 Attrebatibus
1314 853 1424 891 victis
1454 868 1578 903 regem

123 909 228 946 illum
250 911 504 961 imposuerat:
538 927 603 962 per
624 928 738 963 quem
761 915 922 952 urbibus
946 915 1173 953 Britannicis
1204 916 1435 965 persuadere
1458 919 1582 956 ”unit-

123 973 215 1010 titur
245 982 286 1012 ut
319 977 463 1014 ratione
485 978 573 1015 fidei
605 992 642 1016 se
677 979 934 1024 committant,
960 992 1148 1028 suumque
1178 979 1251 1016 illis
1272 980 1422 1018 nuntiet
1442 981 1582 1020 adven-

122 1045 216 1079 tum.
278 1043 476 1079 Venerunt
506 1048 543 1078 et
574 1055 721 1091 magnae
760 1043 878 1091 partis
919 1043 1158 1080 Morinorum
1196 1044 1317 1080 nuntii
1348 1053 1577 1083 excusantes

122 1118 199 1142 suae
228 1105 349 1155 gentis
370 1117 546 1148 errorem,
583 1104 688 1153 quod
720 1105 905 1142 adversus
939 1106 1125 1154 populum
1177 1106 1394 1144 Romanum
1424 1117 1584 1158 propter

123 1182 228 1206 suam
252 1169 509 1218 14imparatam
531 1181 575 1205 ae
596 1167 791 1205 turbidam
805 1168 1018 1205 barbariem
1049 1168 1308 1213 rebellassent,
1333 1172 1455 1208 ¹5mox
1474 1172 1579 1217 vitio,

120 1246 198 1270 non
218 1233 308 1270 odio
335 1233 562 1273 animorum,
590 1238 627 1268 et
649 1238 825 1281 petentes
849 1231 996 1269 veniam
1018 1237 1056 1269 et
1076 1231 1339 1281 poenitentiam
1357 1234 1579 1273 offerentes:

116 1296 152 1334 id
181 1302 402 1346 pergratum
431 1295 574 1332 Caesari
609 1294 695 1340 fuit,
719 1295 824 1344 quod
850 1296 886 1331 in
917 1295 1148 1332 Britanniam
1176 1296 1405 1334 transiturus
1436 1299 1580 1336 bellum

118 1360 258 1397 invitus
279 1366 365 1410 post
386 1368 490 1409 terga
510 1359 730 1404 dimitteret,
753 1372 878 1408 neque
901 1372 1005 1396 curae
1035 1360 1266 1397 Britannicae
1296 1361 1580 1410 praeferendum

120 1423 222 1461 aliud
244 1423 458 1461 extimaret.
517 1423 708 1473 Impositis
728 1423 843 1472 igitur
863 1423 990 1460 multis
1013 1423 1227 1469 obsidibus,
1243 1425 1363 1473 petita
1385 1427 1578 1472 concedit,

120 1488 240 1525 classe
261 1494 388 1525 autem
411 1488 509 1525 sicut
532 1487 698 1525 diximus
719 1487 900 1532 collecta,
931 1487 1022 1525 dum
1057 1488 1105 1525 ad
1138 1489 1338 1525 transitum
1361 1502 1400 1526 se
1429 1502 1581 1540 praepa-

118 1557 189 1596 rat,
216 1565 344 1588 curam
366 1558 499 1601 portus
525 1565 570 1588 ac
602 1550 814 1589 custodiam
849 1551 987 1588 Publio
1020 1551 1182 1602 Sulpitio
1214 1552 1328 1588 Ruffo
1358 1554 1577 1598 committit,

119 1628 213 1659 cum,
236 1629 281 1653 eo
311 1615 418 1664 quod
448 1615 618 1652 sufficere
639 1615 760 1651 visum
794 1620 850 1650 est
881 1613 1074 1663 praesidio.
1130 1614 1342 1651 Residuum
1375 1617 1576 1665 copiarum

116 1680 154 1716 in
175 1679 379 1729 Menapios
400 1679 528 1722 mittit,
551 1685 666 1728 atque
696 1678 731 1714 in
766 1687 1014 1726 eampartem
1055 1678 1308 1723 Morinorum,
1333 1678 1434 1715 unde
1455 1681 1576 1728 (quod

119 1743 336 1781 rebellionis
357 1743 542 1780 indicium
563 1742 791 1791 apparebat)
815 1741 907 1778 nulli
940 1741 988 1778 ad
1021 1755 1106 1778 eum
1135 1742 1257 1778 nuntii
1280 1742 1490 1779 venissent:
1523 1743 1578 1780 his

117 1806 312 1844 Titurium
331 1807 519 1844 Sabinum
542 1812 579 1843 et
596 1806 759 1843 Lucium
778 1805 1060 1853 Arnnculejum
1078 1806 1231 1842 Cottam
1249 1805 1438 1854 praefecit.
1486 1807 1577 1844 Dies

116 1871 260 1908 interea
280 1870 508 1920 navigationi
530 1876 644 1920 aptus
664 1869 788 1906 affuit:
821 1883 987 1919 cumque
1011 1869 1059 1906 de
1090 1869 1214 1906 liltore
1244 1870 1399 1907 Gallico
1420 1870 1578 1919 prosun-

116 1935 165 1972 da
195 1941 308 1972 nocte
345 1934 532 1977 solvisset,
563 1934 748 1983 proximae
778 1934 874 1970 lucis
905 1934 997 1970 liora
1018 1940 1153 1982 quarta
1187 1933 1447 1970 Britannicum
1469 1935 1576 1972 littus

114 1998 313 2048 attigerat:
338 1999 571 2048 plenumque
600 1998 691 2034 illud
725 1997 880 2034 armatis
916 1997 1092 2035 hostibus
1109 1997 1369 2045 conspicatus,
1403 2011 1577 2049 praerup-

116 2069 251 2111 tasque
267 2075 382 2111 rupes
404 2062 540 2111 pelago
562 2061 839 2111 impendentes,
859 2061 960 2098 mide
977 2061 1042 2098 teli
1056 2062 1190 2110 jactus
1211 2068 1277 2098 aut
1296 2062 1431 2111 lapidis
1452 2076 1575 2112 usque

114 2125 161 2162 ad
196 2138 308 2161 naves
339 2125 450 2162 facile
482 2133 733 2175 perventurus
766 2131 878 2169 esset,
916 2125 1089 2162 substitit
1120 2138 1341 2174 parumper,
1364 2134 1574 2175 expectans

116 2201 202 2226 suos
233 2188 298 2238 qui
330 2188 465 2224 lentius
497 2188 725 2225 veniebant:
768 2188 821 2224 sic
857 2189 895 2224 in
925 2189 1101 2225 anchoris
1124 2202 1242 2237 usque
1273 2189 1320 2226 ad
1344 2190 1475 2226 horam
1497 2190 1573 2227 diei

114 2264 250 2289 nonam
279 2252 408 2289 stetit:
432 2252 518 2301 [74]
539 2258 629 2288 tunc
662 2252 845 2288 assecutis
875 2251 1066 2295 omnibus,
1088 2252 1299 2300 legatisque
1336 2260 1374 2288 et
1413 2254 1574 2291 tribunis

116 2315 292 2359 militum,
314 2328 358 2352 ac
392 2315 578 2365 magistris
610 2316 757 2352 navium
783 2313 1051 2352 ¹⁶veliementis
1081 2315 1296 2360 admonitis,
1316 2328 1363 2352 ne
1384 2329 1460 2365 qua
1475 2323 1574 2354 esset

116 2384 180 2415 aut
202 2378 349 2415 bellicis
370 2385 435 2416 aut
455 2379 654 2416 maritimis
676 2379 790 2416 rebus
807 2392 938 2423 m‹›ra;
968 2379 1031 2415 sed
1054 2378 1101 2415 ad
1125 2385 1259 2415 nutum
1280 2379 1408 2416 onmia
1431 2379 1573 2418 ¹⁷(licto

115 2443 375 2492 explorentur.
434 2444 556 2479 Vento
585 2450 621 2480 et
651 2448 744 2479 aestu
766 2442 884 2479 fretus
913 2442 1064 2485 idoneo,
1086 2441 1280 2479 convulsis
1311 2443 1502 2487 anchoris,
1524 2444 1569 2480 ad

155 2593 193 2620 ll
220 2591 323 2630 Lege,
340 2591 607 2622 Commium—12
631 2594 746 2632 Forte,
761 2593 898 2633 sil›iqnc,·
921 2594 989 2632 vel,
1013 2593 1072 2623 sibi
1093 2596 1291 2624 auteur—13
1317 2593 1430 2627 Forte,
1447 2591 1570 2629 nititur,

113 2645 148 2673 nt
165 2642 406 2673 Romana—14
432 2644 534 2683 Lege,
548 2645 819 2685 &ripaduun—15
844 2647 1174 2687 Lege‚mor11m.—l6
1198 2645 1570 2685 Forte,vehementer.—

115 2696 154 2725 17
179 2695 293 2734 Forte,
305 2694 386 2725 dicto
401 2695 504 2727 citius.
