1850 3109
541 194 602 223 nn
636 192 750 221 vi⁷rA
781 191 913 221 sumi
950 192 1178 221 eiusfinis.
1464 182 1578 224 1807

126 295 228 331 ximo
247 306 398 331 omnem
416 305 503 341 quae
524 298 612 328 aute
635 291 802 328 Alexiam
832 297 913 328 erat
933 290 1162 338 ”complere
1184 290 1398 339 planitiem:
1421 292 1576 329 horren-

125 358 216 394 dum
239 357 410 394 hostibus
441 355 717 404 spectaculum,
743 355 779 392 ni
803 355 988 399 Romani3
1018 354 1187 391 obsessis
1209 366 1296 390 vero
1318 354 1547 393 laetis-simum
1567 370 1575 393 ε

124 421 253 469 itaque
282 425 494 468 conspectu
517 419 600 467 ipso
627 418 807 467 gaudium
839 425 875 455 et
906 418 1111 464 gratulatio
1146 418 1279 466 ingens
1309 416 1400 461 ficri,
1423 430 1501 466 quo
1522 432 1579 455 as—

126 489 278 532 sumpta
313 481 454 519 fiducia
490 482 609 530 portis
648 481 787 531 egressi
822 482 1015 531 eruptioni
1053 495 1098 518 ac
1134 481 1264 530 proelio
1300 488 1579 530 praeparantur.

124 546 252 583 Caesar
270 546 315 582 ad
337 546 463 582 omnia
484 545 777 594 praesentissiuio
798 545 925 581 animo
946 558 1031 581 suas
1045 546 1176 594 copias
1197 545 1373 594 partitus,
1392 545 1460 581 hos
1482 546 1579 590 unis,

126 609 196 646 lios
216 608 297 645 aliis
317 608 477 655 objicit:
513 609 664 645 (luobus
686 608 828 651 maguis
849 609 988 657 proeliis
1018 621 1061 644 ea
1093 608 1129 644 in
1161 609 1258 644 valle
1291 615 1477 645 certatum
1508 615 1579 653 est,

125 673 238 709 tertio
271 673 384 709 etiam
406 672 586 721 ancipiti:
623 678 782 720 eratque
814 684 860 707 eo
884 671 1049 708 hostium
1071 672 1243 708 incursus
1263 672 1466 716 ardentior,
1502 685 1581 722 quo

125 749 279 773 suorum
312 735 384 772 sub
413 735 536 772 oculis
569 735 825 784 pugnabatur,
857 748 926 772 nec
957 735 1072 772 latere
1102 735 1331 784 cujusquam
1363 736 1480 772 virtus
1509 749 1579 775 nec

123 799 274 849 ignavia
311 805 478 848 poterat:
516 805 554 835 et
600 804 817 847 pugnantes
851 804 961 847 gestu
993 804 1031 835 et
1071 799 1299 835 clamoribus
1343 812 1388 836 ac
1424 799 1579 837 Gallico

118 863 334 912 juvabatur
354 862 527 899 ululatu:
560 861 669 898 tertio
700 874 786 897 vero
817 874 895 910 quo
922 868 1131 910 pugnatum
1159 861 1324 898 diximus
1355 875 1578 911 congressu,

125 926 222 963 adeo
250 926 287 962 in
318 931 488 962 extremo
519 925 692 960 Romana
728 936 784 960 res
818 924 938 969 stetit,
967 924 1069 974 quod
1100 924 1170 961 nisi
1206 925 1336 962 Caesar
1368 926 1580 963 Labienum

126 1002 213 1026 cum
245 988 480 1031 cohortibus,
503 995 539 1025 et
567 987 655 1024 inde
673 987 878 1036 ²⁵atiosque
908 987 946 1024 in
967 994 1141 1037 ternpore
1171 988 1421 1032 submisisset,
1443 997 1481 1026 et
1500 989 1581 1039 ipse

126 1051 279 1089 demum
302 1051 464 1088 mediam
495 1065 577 1088 sese
596 1051 634 1088 in
661 1051 784 1089 aciem
813 1051 979 1089 terrifico
1011 1052 1154 1101 impetu
1180 1052 1418 1100 conjecisset,
1450 1052 1582 1090 laben-

125 1121 279 1165 temque
298 1128 376 1152 rem
406 1114 607 1158 firmas-set,
627 1121 743 1163 atque
765 1116 815 1152 ita
836 1116 1135 1165 permiscuisset,
1156 1123 1198 1153 ut
1227 1117 1354 1152 nullus
1377 1116 1581 1153 missilibus

125 1178 234 1215 locus
255 1184 365 1221 esset,
388 1177 454 1215 sed
476 1177 610 1227 gladiis
639 1177 765 1214 omnia
785 1186 1029 1227 gererentur:
1057 1179 1222 1228 (lenique
1252 1180 1324 1215 sub
1346 1192 1582 1229 quocunque

125 1241 222 1279 duce
239 1241 314 1278 alio
334 1239 458 1278 26alibi
485 1248 524 1278 et
543 1254 651 1279 ruere
672 1241 795 1278 omnia
819 1241 1051 1291 potuissent:
1084 1255 1218 1291 magua
1237 1250 1295 1280 est
1326 1243 1436 1279 unius
1463 1243 1582 1280 virtus

125 1305 302 1349 hominis,
319 1317 454 1354 magua
467 1304 637 1342 fortuna:
658 1306 772 1355 [158]
792 1306 969 1343 omnibus
982 1306 1134 1343 tandein
1155 1306 1300 1356 proeliis
1316 1307 1439 1343 victor
1454 1307 1584 1344 Caesar

126 1369 244 1418 signis
264 1368 393 1405 multis
422 1368 646 1405 militaribus
664 1368 711 1406 ad
730 1382 768 1405 se
789 1369 929 1413 relatis,
950 1369 1093 1419 ingenti
1113 1378 1237 1418 strage
1259 1369 1455 1406 hominum
1478 1370 1584 1407 facta

127 1439 165 1470 et
185 1432 352 1470 ducibus
385 1432 514 1469 multis
550 1432 670 1476 caesiS,
699 1433 1076 1470 Vercasmellannum
1113 1433 1322 1470 Alvernum
1352 1433 1583 1470 auxiliorum

127 1495 267 1535 ducem
288 1496 457 1533 omnium
481 1496 610 1533 vivum
631 1497 751 1545 cepit:
783 1497 936 1547 plurimi
957 1497 1164 1534 interfecti:
1196 1497 1310 1546 pauci
1333 1497 1423 1546 fuga
1447 1497 1586 1547 elapsi.

128 1561 177 1598 Et
202 1559 271 1596 nisi
302 1559 437 1596 milites
469 1560 631 1596 Romani
660 1566 766 1597 tanto
795 1567 833 1597 et
861 1568 940 1597 tam
968 1561 1072 1597 vario
1102 1561 1233 1597 labore
1263 1560 1365 1597 haud
1393 1560 1584 1598 immerito

124 1621 271 1671 fatigati
304 1622 453 1672 insequi
481 1623 761 1672 nequivissent3
795 1624 855 1660 vix
883 1623 1019 1673 aliquis
1049 1623 1250 1661 evasisset:
1288 1624 1422 1661 missus
1454 1630 1584 1661 tamen

127 1685 323 1734 equitatus
351 1699 372 1723 a
393 1687 544 1723 Caesare
576 1693 689 1723 nocte
723 1685 848 1723 media
880 1686 929 1723 ad
960 1686 1243 1736 insequendum
1275 1686 1471 1736 profugos,
1502 1692 1583 1724 tum

127 1749 280 1786 ultimos
312 1750 516 1799 attigisset,
546 1751 686 1788 multos
707 1750 825 1800 capit,
849 1751 990 1788 multos
1007 1750 1216 1788 interficit:
1245 1751 1375 1788 caeteri
1404 1751 1474 1788 hac
1496 1751 1582 1788 illac

127 1812 281 1850 incertis
301 1813 401 1863 fugae
422 1814 587 1863 vestigiis
608 1813 643 1850 iu
665 1814 823 1863 patriam
841 1815 1005 1864 quisque
1022 1827 1130 1851 suam
1151 1814 1307 1859 abeunt,
1329 1815 1584 1864 nuntiantque

128 1889 215 1926 quae
235 1875 423 1914 videraut.
472 1878 525 1914 At
547 1877 691 1914 obsessi
712 1877 815 1913 omni
835 1890 903 1927 spe
923 1884 1162 1927 cousumpta,
1184 1884 1222 1914 et
1243 1877 1335 1927 quid
1356 1884 1470 1927 agant
1490 1877 1584 1927 quid

128 1939 276 1976 consilii
304 1940 459 1989 capiant
491 1940 623 1990 ignari,
660 1940 725 1977 tali
764 1940 918 1977 tandem
960 1941 1278 1990 Vercingetorigis
1313 1941 1485 1979 oratione
1525 1940 1588 1979 fir-

129 2009 294 2041 mantur.
343 2007 353 2023 ‘
373 2004 483 2053 Ego,'
503 2003 639 2053 inquit,
663 2009 671 2023 ‘
689 2004 794 2040 Deos
812 2016 943 2040 omnes
965 2010 1097 2048 testor,
1120 2003 1262 2040 bellum
1283 2003 1357 2041 hoc
1379 2016 1455 2040 non
1476 2017 1584 2049 meae,

128 2066 192 2103 sed
214 2067 383 2116 publicae
414 2067 585 2104 utilitatis
611 2066 916 2104 consideratione
946 2066 1112 2115 suscepi,
1134 2066 1274 2115 egique
1302 2066 1464 2103 fideliter
1490 2066 1585 2104 dum

129 2129 262 2179 potui:
295 2130 382 2167 fatis
415 2129 703 2167 adversantibus
737 2143 815 2167 rem
841 2132 1052 2179 27egressus
1080 2137 1337 2180 expertusque
1365 2129 1506 2174 omnia,
1535 2130 1587 2167 ad

131 2192 306 2230 ultimum
328 2193 449 2230 victus
482 2206 592 2230 sum:
624 2206 749 2242 neque
781 2195 820 2230 in
850 2207 910 2231 me
931 2193 1143 2242 quidquam
1174 2193 1363 2242 amplius;
1402 2206 1527 2242 neque
1548 2193 1588 2230 in

131 2256 207 2293 alio
237 2255 343 2306 quod
372 2256 521 2294 videam
557 2256 638 2306 spei
669 2266 755 2293 est:
790 2256 1009 2293 cedendum
1034 2257 1118 2304 jam
1152 2256 1313 2293 fortunae
1343 2268 1496 2293 censeo:
1525 2256 1591 2294 cui

132 2319 310 2356 libentius
339 2319 462 2357 fateor
489 2333 567 2356 non
587 2320 785 2357 cederem:
815 2321 880 2358 sed
902 2320 1156 2357 ineluctabilis
1183 2325 1221 2356 et
1250 2319 1391 2356 invicta
1414 2326 1484 2357 est.
1542 2319 1587 2357 ld

135 2395 250 2419 unum
273 2382 521 2432 cogitandum
542 2390 660 2421 restat
680 2384 864 2421 Romanis
885 2384 1092 2420 victoribus
1114 2383 1276 2433 qualiter
1295 2384 1385 2421 satis
1406 2382 1498 2420 fiat:
1529 2382 1586 2419 id-

133 2458 208 2494 que
228 2458 301 2495 ego
321 2459 396 2483 non
417 2447 526 2484 aliter
546 2460 661 2496 quatu
683 2447 756 2484 mei
778 2447 891 2496 ipsius
911 2447 1134 2496 captivitate
1155 2460 1221 2483 seu
1251 2454 1372 2484 morte
1402 2445 1483 2483 fieri
1505 2458 1589 2482 sen-

133 2507 199 2547 tio.
255 2509 316 2546 Ad
338 2516 542 2560 utrumque
562 2524 633 2560 ego
661 2510 774 2547 etiam
796 2523 909 2560 aequo
930 2510 1055 2547 auimo
1085 2520 1239 2560 paratus
1267 2524 1364 2555 suni,
1395 2522 1461 2546 seu
1481 2509 1587 2546 vivus

134 2585 200 2610 seu
219 2572 370 2610 occisus
398 2573 437 2610 in
467 2586 599 2610 manus
632 2573 796 2610 hostium
827 2573 965 2610 venire.
1012 2573 1210 2610 Placemus
1239 2574 1445 2616 Caesarem,
1474 2583 1588 2620 quem

176 2679 218 2708 24
246 2677 347 2718 Lege,
360 2680 640 2719 complevere.-25
663 2679 765 2720 Lege,
781 2680 858 2710 alios
881 2682 1095 2720 wopam—26
1110 2680 1214 2720 Lege,
1229 2678 1386 2708 (ΑΗΖ-27
1414 2677 1515 2715 Lege,
1534 2684 1590 2714 ag·

134 2737 270 2768 gressus.
