1850 3109
543 201 603 229 nn
637 198 755 229 vrrA
784 197 916 229 sumi
955 199 1187 230 cAEsAnrs.
1477 187 1590 233 '1855

128 301 165 338 in
181 300 290 351 Syria
303 298 519 347 Ciliciaque
539 303 579 335 et
600 297 691 334 Asia
711 297 856 335 minore
877 296 1070 334 celerrime
1087 303 1332 346 peracturum
1355 299 1587 345 confidebat,

129 363 232 415 quod
254 363 359 400 nulla
378 362 429 399 ibi
448 362 536 398 belli
559 361 714 398 materia
743 367 963 411 appareret:
1001 362 1039 397 in
1064 360 1229 397 Bithinia
1249 367 1375 398 autem
1398 369 1436 398 et
1468 365 1588 401 Ponto

132 427 349 477 plusculum
385 426 526 475 negotii
562 438 772 475 superesse,
804 426 996 462 Pharnace
1032 438 1118 474 rege
1151 423 1279 462 adhuc
1311 425 1481 474 regiones
1511 427 1591 464 illas

130 490 340 529 obtinente.
387 490 511 527 Jussis
532 503 623 540 ergo
654 490 806 527 urbanis
826 495 941 538 atque
972 489 1078 526 Italis
1099 489 1214 526 rebus
1252 502 1372 539 usque
1402 489 1450 527 ad
1474 490 1591 539 ipsius

130 554 336 592 adventum
376 554 665 604 conquiescere:
711 553 793 602 ipse
828 558 956 602 coepto
995 552 1154 589 festinus
1186 552 1320 589 itinere
1354 553 1591 591 Pharnacem

130 618 250 668 petit:
280 618 607 668 appropinquanti
640 617 845 666 Dejotarus
871 614 1109 653 ⁶⁵Galachiae
1142 616 1345 660 tetrarcha,
1386 617 1473 654 licet
1500 624 1591 655 tune

129 681 178 719 de
196 681 260 718 illa
279 681 450 730 litigans;
485 693 550 718 rex
571 687 696 718 autem
728 680 880 717 minoris
903 679 1090 717 Armeniae
1111 692 1133 715 a
1167 687 1301 717 senatu
1335 681 1590 726 constitutusg

128 743 306 795 deposito
322 745 425 781 omni
445 751 581 782 ornatu
602 744 720 794 regio,
741 750 779 781 et
807 756 882 780 non
905 743 1027 780 solum
1048 743 1202 792 privati,
1224 743 1288 780 sed
1311 744 1362 780 rei
1393 745 1593 794 supplicis·-

131 821 206 858 que
226 808 360 846 habitu
389 808 545 845 obviam
571 808 692 845 venit:
745 813 783 844 et
813 820 901 843 cnm
931 807 1166 844 audientiam
1197 808 1418 845 meruisset:
1453 814 1462 829 ‘
1484 810 1594 859 Ego:

130 872 267 922 inquit,
297 878 308 894 ‘
330 886 353 910 o
367 873 497 910 Caesar
516 885 590 909 non
612 871 763 908 inficior
782 884 842 908 me
863 871 1048 920 Pompeio
1070 869 1229 907 favisse:
1261 870 1290 907 si
1311 872 1448 917 erravi,
1471 878 1588 923 teque

130 936 297 981 offendi3
338 936 486 974 veniam
508 942 621 985 peto:
661 947 764 972 eram
787 935 917 971 Caesar
937 941 974 971 ct
995 933 1048 971 sui
1070 946 1219 984 semper
1245 941 1362 984 atque
1380 948 1446 973 ero
1468 936 1593 974 fidelis

130 1000 278 1050 populo
300 1001 502 1037 Romano:
537 997 638 1036 ⁶⁶ero
661 999 698 1036 in
720 999 777 1035 his
801 998 917 1043 terris,
938 998 1052 1048 [221]
1072 1011 1160 1048 quae
1182 998 1291 1035 nullis
1310 1000 1384 1036 tuis
1406 1000 1592 1049 praesidiis

130 1064 370 1108 tenebantur,
404 1076 528 1113 neque
566 1062 614 1100 de
645 1063 828 1100 Romanis
861 1061 1166 1100 dissensionibus
1203 1076 1435 1112 cognoscere
1467 1077 1592 1103 meum

129 1133 233 1165 erat:
283 1127 375 1178 quid
415 1140 580 1177 agerem,
621 1127 690 1164 nisi
728 1127 832 1177 quod
877 1140 899 1163 a
931 1127 1134 1176 juventute
1173 1127 1397 1173 didiceram,
1434 1129 1593 1166 obedire

129 1190 418 1242 ⁶⁷parentvibus!
473 1190 534 1228 Ad
566 1190 650 1227 haec
674 1191 826 1227 Caesar:
872 1195 881 1209 ‘
904 1190 1028 1227 Multa
1049 1190 1086 1226 in
1108 1196 1144 1227 te
1173 1196 1212 1227 et
1241 1203 1378 1240 magna
1406 1192 1595 1230 beneficia

131 1267 229 1301 mea,
248 1254 390 1305 quibus
411 1255 501 1292 olim
521 1254 655 1291 consul
675 1253 829 1304 ⁶³teque
850 1260 956 1291 tuum
980 1267 1137 1303 regnum
1164 1254 1376 1299 honestavi,
1398 1254 1592 1305 ⁶9quidem

130 1318 284 1356 minime
313 1319 380 1356 tibi
412 1319 601 1356 excidisse
627 1318 864 1356 debuerant:
902 1319 1096 1355 excusatio
1125 1324 1253 1356 autem
1282 1320 1418 1356 erroris
1440 1320 1594 1370 penitus

130 1382 234 1419 nulla
254 1388 313 1420 est
333 1388 409 1419 tam
439 1382 621 1431 prudenti
641 1389 796 1432 tamque
829 1382 1016 1420 industrio
1038 1382 1140 1419 viro:
1180 1395 1292 1420 nosse
1312 1384 1408 1419 enim
1440 1391 1593 1433 poteras

130 1452 170 1484 et
199 1446 370 1484 debebas
404 1446 507 1496 70qui
543 1447 675 1483 urbem
713 1448 876 1484 Romam
907 1454 1024 1496 atque
1054 1446 1203 1483 Italiam
1237 1452 1399 1484 teneret:
1440 1448 1505 1485 ubi
1532 1448 1594 1485 ille

129 1516 242 1556 esset,
263 1510 316 1548 ibi
333 1518 506 1548 senatum
528 1511 798 1562 Populumque
815 1511 1112 1557 Roniaimn1‚ibi
1132 1511 1287 1547 demum
1308 1523 1390 1548 esse
1410 1512 1593 1560 rempub-

129 1574 264 1612 licam:
300 1581 434 1612 contra
449 1581 577 1613 autem
597 1576 682 1625 quis
702 1575 908 1614 Lentulum
924 1581 962 1612 et
980 1574 1205 1612 Marcellum
1223 1574 1399 1611 consules
1420 1574 1592 1621 haberet,

131 1637 275 1687 quidve
295 1638 393 1675 inter
418 1643 492 1675 tam
523 1638 722 1676 dissimilia
749 1639 947 1676 interesset
976 1638 1149 1688 ignorare
1179 1650 1254 1674 non
1287 1644 1452 1687 poteras.
1510 1640 1593 1689 Ego

132 1709 258 1740 tamen
295 1702 395 1739 hanc
424 1703 579 1752 culpam
609 1702 800 1752 prioribus
841 1701 1040 1738 beneficiis
1076 1708 1191 1750 atque
1221 1701 1416 1750 obsequiis
1445 1702 1533 1746 tuis,
1554 1708 1594 1740 et

129 1765 298 1815 hospitio
318 1765 424 1814 quod
447 1766 517 1802 tibi
537 1773 593 1803 est
613 1778 778 1810 mecum,
800 1772 838 1803 et
859 1765 1036 1814 ami-citiae
1061 1765 1243 1814 antiquae,
1263 1771 1301 1801 et
1321 1764 1495 1814 dignitati
1515 1774 1592 1804 tuae

130 1835 246 1879 atque
278 1829 383 1867 aetati
403 1829 532 1867 volens
561 1829 689 1867 dono:
731 1830 886 1878 insuper
905 1836 940 1865 et
962 1828 1171 1866 multorum
1198 1829 1376 1878 precibus
1396 1828 1591 1879 hospitum

129 1893 419 1943 amicorumque
449 1901 617 1938 tuorum,
640 1892 706 1943 qui
736 1906 805 1943 pro
827 1900 863 1930 te
889 1893 1030 1943 stepius
1064 1905 1125 1930 me
1154 1899 1361 1942 rogarunt:
1400 1893 1448 1930 de
1468 1893 1592 1943 litigio

130 1962 257 1994 autem
279 1957 495 1994 tetrarchiae
515 1957 551 1994 in
572 1963 755 2006 tempore,
779 1957 882 2006 quod
905 1956 1059 2005 justum
1082 1955 1285 2002 videbitur,
1308 1955 1516 1994 diffiniam:
1556 1963 1593 1996 te

130 2021 273 2059 interea
300 2021 540 2059 confidenter
567 2034 718 2058 mecum
750 2034 876 2071 agere,
905 2027 943 2058 et
974 2021 1078 2069 regio
1107 2020 1240 2057 habitu
1273 2021 1330 2057 uti
1358 2021 1473 2059 volo.’
1519 2022 1592 2060 His

131 2085 243 2123 dictis
261 2085 450 2134 legionem
470 2098 584 2122 unam
604 2086 704 2135 regis
719 2098 739 2122 e
758 2084 922 2122 subditis
942 2084 1017 2122 suis
1040 2085 1215 2121 Romano
1231 2098 1334 2122 more
1349 2086 1591 2131 instructam,

132 2154 171 2185 et
192 2154 444 2198 quotcunque
481 2150 639 2187 haberet
668 2150 815 2198 equites
845 2162 973 2186 secum
1002 2148 1051 2185 ad
1083 2148 1229 2186 bellum
1260 2149 1460 2186 Ponticum
1490 2149 1592 2188 mitti

132 2211 308 2261 imperat.
349 2213 528 2260 Cumque
567 2212 804 2260 Dejotharus
837 2213 874 2248 in
913 2212 1091 2248 omnibus
1126 2213 1327 2261 paruisset,
1366 2219 1403 2250 et
1432 2212 1479 2250 ad
1510 2213 1593 2262 ejus

132 2275 274 2324 regiam
295 2276 425 2312 Caesar
446 2288 547 2312 more
564 2275 721 2326 hospitii
737 2275 1212 2325 divertisset,⁷¹culte1·que
1233 2289 1381 2313 summa
1395 2276 1593 2326 diligentia

134 2338 280 2384 fuisset,
302 2339 476 2376 inventus
503 2346 573 2385 est,
596 2339 663 2388 qui
684 2340 936 2389 Dejotharum
966 2352 1093 2377 coram
1124 2340 1274 2377 Caesare
1302 2347 1514 2385 accusaret,
1534 2340 1592 2378 in-

133 2401 249 2440 sidias
267 2401 373 2439 illum
389 2402 459 2439 sibi
478 2409 685 2440 nocturnas
706 2403 911 2441 tetendisse
929 2418 937 2441 ι
972 2410 1077 2441 extat
1095 2403 1374 2453 elegantissima
1395 2399 1592 2442 Ciceronis

133 2474 261 2516 regem
291 2465 531 2503 defendentis
551 2467 688 2504 oratio.
745 2468 887 2505 Caesari
916 2467 1096 2505 Ponticos
1126 2466 1221 2505 fines
1249 2467 1420 2518 ingresso
1453 2467 1593 2516 legatio

135 2530 338 2568 Pharnacis
360 2529 456 2579 regis
476 2529 631 2567 obviam
652 2531 778 2569 venit:
811 2538 821 2552 ‘
841 2537 924 2570 orat
944 2537 987 2569 ut
1010 2537 1172 2583 pacatus
1201 2531 1286 2581 ejus
1319 2531 1507 2568 adventus
1529 2531 1592 2575 sit,

134 2606 260 2644 regem
276 2593 376 2634 enim
395 2600 576 2644 prompto
595 2595 721 2631 animo
750 2595 825 2632 suis
853 2595 1020 2645 imperiis
1049 2595 1287 2645 pariturum:
1316 2607 1440 2644 neque
1468 2594 1592 2644 indig-

177 2686 218 2715 65
247 2683 352 2725 Lege,
375 2684 612 2714 Galatia—66
639 2685 744 2724 Lege,
757 2688 936 2717 eram-437
968 2685 1084 2724 Forte,
1099 2684 1417 2724 imperantibus.--68
1443 2683 1547 2724 Lege,
1561 2685 1593 2715 te

139 2738 378 2778 tuumquc.-69
394 2735 505 2776 Adde,
521 2739 686 2777 quan—70
703 2737 793 2778 Lege
808 2737 970 2778 quis—71
989 2738 1094 2777 Lege,
1105 2737 1272 2778 cultusque.
