<?xml version="1.0" encoding="UTF-8"?>
<!DOCTYPE html PUBLIC "-//W3C//DTD XHTML 1.0 Transitional//EN"
    "http://www.w3.org/TR/xhtml1/DTD/xhtml1-transitional.dtd">
<html xmlns="http://www.w3.org/1999/xhtml" xml:lang="en" lang="en">
 <head>
  <title>
</title>
<meta http-equiv="Content-Type" content="text/html;charset=utf-8" />
  <meta name='ocr-system' content='tesseract 3.04.00' />
  <meta name='ocr-capabilities' content='ocr_page ocr_carea ocr_par ocr_line ocrx_word'/>
</head>
<body>
  <div class='ocr_page' id='page_1' title='image "./operaomniaexedit04caesuoft_0331.png"; bbox 0 0 1850 3109; ppageno 0'>
   <div class='ocr_carea' id='block_1_1' title="bbox 509 200 1560 251">
    <p class='ocr_par' dir='ltr' id='par_1_1' title="bbox 509 200 1560 251">
     <span class='ocr_line' id='line_1_1' title="bbox 509 200 1560 251; baseline -0.001 -1"><span class='ocrx_word' id='word_1_1' title='bbox 509 220 571 250; x_wconf 77' lang='lat' dir='ltr'><strong>DE</strong></span> <span class='ocrx_word' id='word_1_2' title='bbox 602 219 720 250; x_wconf 75' lang='lat' dir='ltr'><strong>vt&#39;rA</strong></span> <span class='ocrx_word' id='word_1_3' title='bbox 752 218 885 249; x_wconf 78' lang='lat' dir='ltr'><strong>sumi</strong></span> <span class='ocrx_word' id='word_1_4' title='bbox 925 218 1158 249; x_wconf 75' lang='lat' dir='ltr'><strong>CAEsAms.</strong></span> <span class='ocrx_word' id='word_1_5' title='bbox 1446 200 1560 251; x_wconf 78' lang='lat'>1725</span> 
     </span>
    </p>
   </div>
   <div class='ocr_carea' id='block_1_2' title="bbox 95 310 1561 2595">
    <p class='ocr_par' dir='ltr' id='par_1_2' title="bbox 95 310 1561 2595">
     <span class='ocr_line' id='line_1_2' title="bbox 110 310 1560 369; baseline -0.004 -13"><span class='ocrx_word' id='word_1_6' title='bbox 110 316 358 369; x_wconf 85' lang='lat' dir='ltr'><strong>quamobrem</strong></span> <span class='ocrx_word' id='word_1_7' title='bbox 379 311 550 352; x_wconf 83' lang='lat' dir='ltr'><strong>resistere</strong></span> <span class='ocrx_word' id='word_1_8' title='bbox 570 312 679 349; x_wconf 89' lang='lat' dir='ltr'><strong>vobis</strong></span> <span class='ocrx_word' id='word_1_9' title='bbox 700 325 775 349; x_wconf 92' lang='lat' dir='ltr'><strong>non</strong></span> <span class='ocrx_word' id='word_1_10' title='bbox 796 318 852 349; x_wconf 91' lang='lat' dir='ltr'><strong>est</strong></span> <span class='ocrx_word' id='word_1_11' title='bbox 872 311 990 349; x_wconf 82' lang='lat' dir='ltr'>nostri</span> <span class='ocrx_word' id='word_1_12' title='bbox 1010 310 1219 361; x_wconf 84' lang='lat' dir='ltr'>propositi:</span> <span class='ocrx_word' id='word_1_13' title='bbox 1251 310 1316 348; x_wconf 84' lang='lat' dir='ltr'><strong>sed</strong></span> <span class='ocrx_word' id='word_1_14' title='bbox 1337 311 1373 348; x_wconf 87' lang='lat' dir='ltr'><strong>in</strong></span> <span class='ocrx_word' id='word_1_15' title='bbox 1390 317 1560 361; x_wconf 85' lang='lat' dir='ltr'><strong>potesta-</strong></span> 
     </span>
     <span class='ocr_line' id='line_1_3' title="bbox 109 375 1559 425; baseline -0.006 -6"><span class='ocrx_word' id='word_1_16' title='bbox 109 388 185 420; x_wconf 81' lang='lat' dir='ltr'><strong>tem</strong></span> <span class='ocrx_word' id='word_1_17' title='bbox 205 385 368 418; x_wconf 84' lang='lat' dir='ltr'><strong>vestram</strong></span> <span class='ocrx_word' id='word_1_18' title='bbox 389 391 454 415; x_wconf 77' lang='lat' dir='ltr'><strong>nos</strong></span> <span class='ocrx_word' id='word_1_19' title='bbox 473 382 510 414; x_wconf 90' lang='lat' dir='ltr'><strong>et</strong></span> <span class='ocrx_word' id='word_1_20' title='bbox 531 382 659 414; x_wconf 88' lang='lat' dir='ltr'><strong>nostra</strong></span> <span class='ocrx_word' id='word_1_21' title='bbox 681 377 977 414; x_wconf 78' lang='lat' dir='ltr'><strong>committimus:</strong></span> <span class='ocrx_word' id='word_1_22' title='bbox 1009 389 1123 413; x_wconf 87' lang='lat' dir='ltr'><strong>unum</strong></span> <span class='ocrx_word' id='word_1_23' title='bbox 1151 375 1225 412; x_wconf 88' lang='lat' dir='ltr'><strong>hoc</strong></span> <span class='ocrx_word' id='word_1_24' title='bbox 1246 375 1507 425; x_wconf 83' lang='lat' dir='ltr'><strong>exposcimus,</strong></span> <span class='ocrx_word' id='word_1_25' title='bbox 1529 375 1559 412; x_wconf 87' lang='lat' dir='ltr'><strong>si</strong></span> 
     </span>
     <span class='ocr_line' id='line_1_4' title="bbox 106 439 1558 489; baseline -0.004 -8"><span class='ocrx_word' id='word_1_26' title='bbox 106 449 215 482; x_wconf 89' lang='lat' dir='ltr'><strong>tanta</strong></span> <span class='ocrx_word' id='word_1_27' title='bbox 248 449 306 479; x_wconf 88' lang='lat' dir='ltr'><strong>est</strong></span> <span class='ocrx_word' id='word_1_28' title='bbox 327 442 528 479; x_wconf 84' lang='lat' dir='ltr'><strong>clementia</strong></span> <span class='ocrx_word' id='word_1_29' title='bbox 551 449 615 479; x_wconf 91' lang='lat' dir='ltr'><strong>tua</strong></span> <span class='ocrx_word' id='word_1_30' title='bbox 647 442 790 485; x_wconf 78' lang='lat' dir='ltr'><strong>Caesar,</strong></span> <span class='ocrx_word' id='word_1_31' title='bbox 813 447 954 489; x_wconf 88' lang='lat' dir='ltr'><strong>quanta</strong></span> <span class='ocrx_word' id='word_1_32' title='bbox 989 440 1090 477; x_wconf 86' lang='lat' dir='ltr'><strong>fama</strong></span> <span class='ocrx_word' id='word_1_33' title='bbox 1122 440 1302 489; x_wconf 88' lang='lat' dir='ltr'><strong>loquitur,</strong></span> <span class='ocrx_word' id='word_1_34' title='bbox 1339 439 1369 476; x_wconf 89' lang='lat' dir='ltr'><strong>si</strong></span> <span class='ocrx_word' id='word_1_35' title='bbox 1395 439 1558 476; x_wconf 85' lang='lat' dir='ltr'><strong>salutem</strong></span> 
     </span>
     <span class='ocr_line' id='line_1_5' title="bbox 105 503 1556 552; baseline -0.003 -8"><span class='ocrx_word' id='word_1_36' title='bbox 105 507 216 545; x_wconf 86' lang='lat' dir='ltr'><strong>nobis</strong></span> <span class='ocrx_word' id='word_1_37' title='bbox 235 506 379 552; x_wconf 80' lang='lat' dir='ltr'><strong>tribuis,</strong></span> <span class='ocrx_word' id='word_1_38' title='bbox 402 514 443 542; x_wconf 89' lang='lat' dir='ltr'><strong>ut</strong></span> <span class='ocrx_word' id='word_1_39' title='bbox 473 519 577 543; x_wconf 86' lang='lat' dir='ltr'><strong>arma</strong></span> <span class='ocrx_word' id='word_1_40' title='bbox 611 519 686 542; x_wconf 92' lang='lat' dir='ltr'><strong>non</strong></span> <span class='ocrx_word' id='word_1_41' title='bbox 718 505 884 542; x_wconf 78' lang='lat' dir='ltr'><strong>auferas:</strong></span> <span class='ocrx_word' id='word_1_42' title='bbox 918 504 1031 541; x_wconf 84' lang='lat' dir='ltr'><strong>vicini</strong></span> <span class='ocrx_word' id='word_1_43' title='bbox 1052 504 1151 541; x_wconf 89' lang='lat' dir='ltr'><strong>enim</strong></span> <span class='ocrx_word' id='word_1_44' title='bbox 1181 503 1297 540; x_wconf 84' lang='lat' dir='ltr'><strong>nostri</strong></span> <span class='ocrx_word' id='word_1_45' title='bbox 1326 515 1457 540; x_wconf 85' lang='lat' dir='ltr'><strong>omnes</strong></span> <span class='ocrx_word' id='word_1_46' title='bbox 1477 503 1556 540; x_wconf 84' lang='lat' dir='ltr'><strong>fere</strong></span> 
     </span>
     <span class='ocr_line' id='line_1_6' title="bbox 107 567 1557 620; baseline -0.003 -12"><span class='ocrx_word' id='word_1_47' title='bbox 107 583 176 608; x_wconf 87' lang='lat' dir='ltr'><strong>nos</strong></span> <span class='ocrx_word' id='word_1_48' title='bbox 197 570 373 615; x_wconf 88' lang='lat' dir='ltr'><strong>oderunt,</strong></span> <span class='ocrx_word' id='word_1_49' title='bbox 397 570 584 620; x_wconf 84' lang='lat' dir='ltr'><strong>nobisque</strong></span> <span class='ocrx_word' id='word_1_50' title='bbox 606 569 790 614; x_wconf 88' lang='lat' dir='ltr'><strong>invident,</strong></span> <span class='ocrx_word' id='word_1_51' title='bbox 812 582 833 606; x_wconf 88' lang='lat' dir='ltr'><strong>a</strong></span> <span class='ocrx_word' id='word_1_52' title='bbox 853 568 994 617; x_wconf 86' lang='lat' dir='ltr'><strong>quibus</strong></span> <span class='ocrx_word' id='word_1_53' title='bbox 1024 581 1094 605; x_wconf 88' lang='lat' dir='ltr'><strong>nos</strong></span> <span class='ocrx_word' id='word_1_54' title='bbox 1119 567 1269 605; x_wconf 85' lang='lat' dir='ltr'><strong>amissis</strong></span> <span class='ocrx_word' id='word_1_55' title='bbox 1295 567 1409 604; x_wconf 85' lang='lat' dir='ltr'><strong>armis</strong></span> <span class='ocrx_word' id='word_1_56' title='bbox 1430 571 1557 616; x_wconf 87' lang='lat' dir='ltr'><strong>prote·</strong></span> 
     </span>
     <span class='ocr_line' id='line_1_7' title="bbox 104 629 1554 685; baseline -0.004 -13"><span class='ocrx_word' id='word_1_57' title='bbox 104 648 190 685; x_wconf 82' lang='lat' dir='ltr'><strong>gere</strong></span> <span class='ocrx_word' id='word_1_58' title='bbox 211 647 469 685; x_wconf 79' lang='lat' dir='ltr'><strong>nequeamus:</strong></span> <span class='ocrx_word' id='word_1_59' title='bbox 496 635 668 684; x_wconf 89' lang='lat' dir='ltr'><strong>alioquin</strong></span> <span class='ocrx_word' id='word_1_60' title='bbox 689 633 898 683; x_wconf 77' lang='lat' dir='ltr'><strong>optabilius</strong></span> <span class='ocrx_word' id='word_1_61' title='bbox 919 638 989 677; x_wconf 87' lang='lat' dir='ltr'><strong>est,</strong></span> <span class='ocrx_word' id='word_1_62' title='bbox 1019 631 1208 682; x_wconf 89' lang='lat' dir='ltr'><strong>quidquid</strong></span> <span class='ocrx_word' id='word_1_63' title='bbox 1232 631 1383 669; x_wconf 84' lang='lat' dir='ltr'><strong>libuerit</strong></span> <span class='ocrx_word' id='word_1_64' title='bbox 1403 644 1425 667; x_wconf 90' lang='lat' dir='ltr'><strong>a</strong></span> <span class='ocrx_word' id='word_1_65' title='bbox 1446 629 1554 667; x_wconf 89' lang='lat' dir='ltr'><strong>vobis</strong></span> 
     </span>
     <span class='ocr_line' id='line_1_8' title="bbox 102 693 1561 748; baseline -0.003 -12"><span class='ocrx_word' id='word_1_66' title='bbox 102 697 244 736; x_wconf 88' lang='lat' dir='ltr'><strong>talibus</strong></span> <span class='ocrx_word' id='word_1_67' title='bbox 265 699 351 736; x_wconf 84' lang='lat' dir='ltr'><strong>viris</strong></span> <span class='ocrx_word' id='word_1_68' title='bbox 373 699 467 748; x_wconf 79' lang='lat' dir='ltr'><strong>pati,</strong></span> <span class='ocrx_word' id='word_1_69' title='bbox 489 712 605 748; x_wconf 89' lang='lat' dir='ltr'><strong>quam</strong></span> <span class='ocrx_word' id='word_1_70' title='bbox 628 696 828 747; x_wconf 85' lang='lat' dir='ltr'><strong>suppliciis</strong></span> <span class='ocrx_word' id='word_1_71' title='bbox 848 695 896 733; x_wconf 88' lang='lat' dir='ltr'><strong>ad</strong></span> <span class='ocrx_word' id='word_1_72' title='bbox 915 708 1046 733; x_wconf 88' lang='lat' dir='ltr'><strong>necem</strong></span> <span class='ocrx_word' id='word_1_73' title='bbox 1068 695 1158 732; x_wconf 89' lang='lat' dir='ltr'><strong>dedi</strong></span> <span class='ocrx_word' id='word_1_74' title='bbox 1178 696 1227 732; x_wconf 91' lang='lat' dir='ltr'><strong>ab</strong></span> <span class='ocrx_word' id='word_1_75' title='bbox 1249 695 1306 739; x_wconf 90' lang='lat' dir='ltr'><strong>iis,</strong></span> <span class='ocrx_word' id='word_1_76' title='bbox 1330 694 1470 744; x_wconf 85' lang='lat' dir='ltr'><strong>quibus</strong></span> <span class='ocrx_word' id='word_1_77' title='bbox 1490 693 1561 731; x_wconf 79' lang='lat' dir='ltr'><strong>iin-</strong></span> 
     </span>
     <span class='ocr_line' id='line_1_9' title="bbox 101 758 1559 812; baseline -0.004 -13"><span class='ocrx_word' id='word_1_78' title='bbox 101 774 234 812; x_wconf 89' lang='lat' dir='ltr'><strong>perare</strong></span> <span class='ocrx_word' id='word_1_79' title='bbox 267 763 559 800; x_wconf 61' lang='lat' dir='ltr'><strong>consuevimus!</strong></span> <span class='ocrx_word' id='word_1_80' title='bbox 614 761 677 799; x_wconf 87' lang='lat' dir='ltr'><strong>Ad</strong></span> <span class='ocrx_word' id='word_1_81' title='bbox 714 761 798 797; x_wconf 82' lang='lat' dir='ltr'><strong>haec</strong></span> <span class='ocrx_word' id='word_1_82' title='bbox 821 761 974 796; x_wconf 80' lang='lat' dir='ltr'><strong>Caesar:</strong></span> <span class='ocrx_word' id='word_1_83' title='bbox 1005 760 1274 803; x_wconf 87' lang='lat' dir='ltr'><strong>‘Servassem‚’</strong></span> <span class='ocrx_word' id='word_1_84' title='bbox 1294 758 1432 807; x_wconf 89' lang='lat' dir='ltr'><strong>inquit,</strong></span> <span class='ocrx_word' id='word_1_85' title='bbox 1463 762 1559 794; x_wconf 86' lang='lat' dir='ltr'><strong>‘vos</strong></span> 
     </span>
     <span class='ocr_line' id='line_1_10' title="bbox 101 822 1553 874; baseline -0.003 -11"><span class='ocrx_word' id='word_1_86' title='bbox 101 826 283 863; x_wconf 87' lang='lat' dir='ltr'><strong>libentius</strong></span> <span class='ocrx_word' id='word_1_87' title='bbox 305 827 423 864; x_wconf 79' lang='lat' dir='ltr'><strong>sivos</strong></span> <span class='ocrx_word' id='word_1_88' title='bbox 443 826 640 864; x_wconf 80' lang='lat' dir='ltr'><strong>dedissetis</strong></span> <span class='ocrx_word' id='word_1_89' title='bbox 675 831 880 874; x_wconf 87' lang='lat' dir='ltr'><strong>antequam</strong></span> <span class='ocrx_word' id='word_1_90' title='bbox 915 823 1032 860; x_wconf 89' lang='lat' dir='ltr'><strong>muris</strong></span> <span class='ocrx_word' id='word_1_91' title='bbox 1063 823 1259 860; x_wconf 85' lang='lat' dir='ltr'><strong>machinas</strong></span> <span class='ocrx_word' id='word_1_92' title='bbox 1289 822 1553 859; x_wconf 84' lang='lat' dir='ltr'><strong>admoverem:</strong></span> 
     </span>
     <span class='ocr_line' id='line_1_11' title="bbox 104 887 1556 938; baseline -0.003 -13"><span class='ocrx_word' id='word_1_93' title='bbox 104 889 170 926; x_wconf 87' lang='lat' dir='ltr'><strong>sed</strong></span> <span class='ocrx_word' id='word_1_94' title='bbox 192 896 229 927; x_wconf 83' lang='lat' dir='ltr'><strong>et</strong></span> <span class='ocrx_word' id='word_1_95' title='bbox 249 902 350 927; x_wconf 83' lang='lat' dir='ltr'><strong>nunc</strong></span> <span class='ocrx_word' id='word_1_96' title='bbox 372 890 533 927; x_wconf 75' lang='lat' dir='ltr'><strong>servabo</strong></span> <span class='ocrx_word' id='word_1_97' title='bbox 555 888 752 938; x_wconf 79' lang='lat' dir='ltr'><strong>magisque</strong></span> <span class='ocrx_word' id='word_1_98' title='bbox 772 887 808 924; x_wconf 92' lang='lat' dir='ltr'><strong>in</strong></span> <span class='ocrx_word' id='word_1_99' title='bbox 830 887 938 923; x_wconf 83' lang='lat' dir='ltr'><strong>vobis</strong></span> <span class='ocrx_word' id='word_1_100' title='bbox 967 892 1151 932; x_wconf 87' lang='lat' dir='ltr'><strong>naturam,</strong></span> <span class='ocrx_word' id='word_1_101' title='bbox 1169 899 1393 935; x_wconf 89' lang='lat' dir='ltr'><strong>moremque</strong></span> <span class='ocrx_word' id='word_1_102' title='bbox 1416 898 1556 929; x_wconf 89' lang='lat' dir='ltr'><strong>meum,</strong></span> 
     </span>
     <span class='ocr_line' id='line_1_12' title="bbox 105 948 1558 1003; baseline -0.003 -12"><span class='ocrx_word' id='word_1_103' title='bbox 105 966 221 1003; x_wconf 85' lang='lat' dir='ltr'><strong>quam</strong></span> <span class='ocrx_word' id='word_1_104' title='bbox 243 954 418 991; x_wconf 86' lang='lat' dir='ltr'><strong>meritum</strong></span> <span class='ocrx_word' id='word_1_105' title='bbox 441 959 607 990; x_wconf 72' lang='lat' dir='ltr'><strong>vestrum</strong></span> <span class='ocrx_word' id='word_1_106' title='bbox 629 964 779 1001; x_wconf 90' lang='lat' dir='ltr'><strong>sequar.</strong></span> <span class='ocrx_word' id='word_1_107' title='bbox 837 951 895 988; x_wconf 86' lang='lat' dir='ltr'><strong>Ita</strong></span> <span class='ocrx_word' id='word_1_108' title='bbox 916 957 1041 988; x_wconf 89' lang='lat' dir='ltr'><strong>tamen</strong></span> <span class='ocrx_word' id='word_1_109' title='bbox 1068 956 1108 988; x_wconf 92' lang='lat' dir='ltr'><strong>ut</strong></span> <span class='ocrx_word' id='word_1_110' title='bbox 1129 950 1207 987; x_wconf 91' lang='lat' dir='ltr'><strong>sine</strong></span> <span class='ocrx_word' id='word_1_111' title='bbox 1227 962 1419 987; x_wconf 89' lang='lat' dir='ltr'><strong>armorum</strong></span> <span class='ocrx_word' id='word_1_112' title='bbox 1440 948 1558 986; x_wconf 87' lang='lat' dir='ltr'><strong>tradi-</strong></span> 
     </span>
     <span class='ocr_line' id='line_1_13' title="bbox 105 1013 1556 1067; baseline -0.004 -12"><span class='ocrx_word' id='word_1_113' title='bbox 105 1018 205 1055; x_wconf 87' lang='lat' dir='ltr'><strong>tione</strong></span> <span class='ocrx_word' id='word_1_114' title='bbox 227 1018 374 1055; x_wconf 75' lang='lat' dir='ltr'><strong>deditio</strong></span> <span class='ocrx_word' id='word_1_115' title='bbox 394 1031 467 1054; x_wconf 87' lang='lat' dir='ltr'><strong>non</strong></span> <span class='ocrx_word' id='word_1_116' title='bbox 490 1017 690 1067; x_wconf 87' lang='lat' dir='ltr'><strong>procedat.</strong></span> <span class='ocrx_word' id='word_1_117' title='bbox 745 1015 846 1052; x_wconf 81' lang='lat' dir='ltr'><strong>Nam</strong></span> <span class='ocrx_word' id='word_1_118' title='bbox 875 1013 979 1064; x_wconf 88' lang='lat' dir='ltr'><strong>quod</strong></span> <span class='ocrx_word' id='word_1_119' title='bbox 1011 1014 1056 1051; x_wconf 89' lang='lat' dir='ltr'><strong>de</strong></span> <span class='ocrx_word' id='word_1_120' title='bbox 1077 1014 1168 1051; x_wconf 87' lang='lat' dir='ltr'><strong>odio</strong></span> <span class='ocrx_word' id='word_1_121' title='bbox 1188 1014 1404 1051; x_wconf 87' lang='lat' dir='ltr'><strong>vicinorum</strong></span> <span class='ocrx_word' id='word_1_122' title='bbox 1426 1013 1556 1050; x_wconf 86' lang='lat' dir='ltr'><strong>dicitis</strong></span> 
     </span>
     <span class='ocr_line' id='line_1_14' title="bbox 104 1077 1557 1129; baseline -0.003 -11"><span class='ocrx_word' id='word_1_123' title='bbox 104 1082 317 1119; x_wconf 87' lang='lat' dir='ltr'><strong>curandum</strong></span> <span class='ocrx_word' id='word_1_124' title='bbox 353 1082 443 1118; x_wconf 83' lang='lat' dir='ltr'><strong>mibi</strong></span> <span class='ocrx_word' id='word_1_125' title='bbox 484 1081 662 1129; x_wconf 85' lang='lat' dir='ltr'><strong>linquite:</strong></span> <span class='ocrx_word' id='word_1_126' title='bbox 692 1093 763 1128; x_wconf 80' lang='lat' dir='ltr'><strong>ego</strong></span> <span class='ocrx_word' id='word_1_127' title='bbox 800 1078 1042 1115; x_wconf 83' lang='lat' dir='ltr'><strong>indemnitati</strong></span> <span class='ocrx_word' id='word_1_128' title='bbox 1080 1084 1214 1115; x_wconf 84' lang='lat' dir='ltr'><strong>vestrae</strong></span> <span class='ocrx_word' id='word_1_129' title='bbox 1252 1077 1480 1128; x_wconf 81' lang='lat' dir='ltr'><strong>providebo,</strong></span> <span class='ocrx_word' id='word_1_130' title='bbox 1516 1082 1557 1113; x_wconf 88' lang='lat' dir='ltr'><strong>ut</strong></span> 
     </span>
     <span class='ocr_line' id='line_1_15' title="bbox 101 1140 1555 1194; baseline -0.002 -13"><span class='ocrx_word' id='word_1_131' title='bbox 101 1144 325 1181; x_wconf 80' lang='lat' dir='ltr'><strong>Nerviorum</strong></span> <span class='ocrx_word' id='word_1_132' title='bbox 348 1143 507 1194; x_wconf 73' lang='lat' dir='ltr'><strong>providi,</strong></span> <span class='ocrx_word' id='word_1_133' title='bbox 534 1142 712 1191; x_wconf 88' lang='lat' dir='ltr'><strong>jubendo</strong></span> <span class='ocrx_word' id='word_1_134' title='bbox 743 1140 912 1178; x_wconf 84' lang='lat' dir='ltr'><strong>finitimis</strong></span> <span class='ocrx_word' id='word_1_135' title='bbox 943 1154 989 1177; x_wconf 92' lang='lat' dir='ltr'><strong>ne</strong></span> <span class='ocrx_word' id='word_1_136' title='bbox 1019 1154 1086 1177; x_wconf 86' lang='lat' dir='ltr'><strong>vos</strong></span> <span class='ocrx_word' id='word_1_137' title='bbox 1107 1141 1262 1178; x_wconf 76' lang='lat' dir='ltr'><strong>laedant.</strong></span> <span class='ocrx_word' id='word_1_138' title='bbox 1319 1142 1435 1178; x_wconf 84' lang='lat' dir='ltr'><strong>Jussu</strong></span> <span class='ocrx_word' id='word_1_139' title='bbox 1457 1154 1555 1186; x_wconf 85' lang='lat' dir='ltr'><strong>rne0‚</strong></span> 
     </span>
     <span class='ocr_line' id='line_1_16' title="bbox 102 1204 1554 1258; baseline -0.003 -13"><span class='ocrx_word' id='word_1_140' title='bbox 102 1221 218 1258; x_wconf 88' lang='lat' dir='ltr'><strong>quam</strong></span> <span class='ocrx_word' id='word_1_141' title='bbox 253 1209 386 1245; x_wconf 82' lang='lat' dir='ltr'><strong>vestris</strong></span> <span class='ocrx_word' id='word_1_142' title='bbox 420 1207 532 1244; x_wconf 89' lang='lat' dir='ltr'><strong>armis</strong></span> <span class='ocrx_word' id='word_1_143' title='bbox 552 1206 654 1243; x_wconf 90' lang='lat' dir='ltr'><strong>eritis</strong></span> <span class='ocrx_word' id='word_1_144' title='bbox 675 1205 860 1243; x_wconf 84' lang='lat' dir='ltr'><strong>tutiores.’</strong></span> <span class='ocrx_word' id='word_1_145' title='bbox 920 1205 1006 1241; x_wconf 84' lang='lat' dir='ltr'><strong>Hoc</strong></span> <span class='ocrx_word' id='word_1_146' title='bbox 1041 1210 1241 1254; x_wconf 80' lang='lat' dir='ltr'><strong>praecepto</strong></span> <span class='ocrx_word' id='word_1_147' title='bbox 1275 1204 1331 1241; x_wconf 89' lang='lat' dir='ltr'><strong>vis</strong></span> <span class='ocrx_word' id='word_1_148' title='bbox 1363 1217 1554 1241; x_wconf 88' lang='lat' dir='ltr'><strong>armorum</strong></span> 
     </span>
     <span class='ocr_line' id='line_1_17' title="bbox 102 1267 1554 1322; baseline -0.003 -14"><span class='ocrx_word' id='word_1_149' title='bbox 102 1271 234 1322; x_wconf 87' lang='lat' dir='ltr'><strong>ingens</strong></span> <span class='ocrx_word' id='word_1_150' title='bbox 255 1271 412 1310; x_wconf 81' lang='lat' dir='ltr'><strong>tradita:</strong></span> <span class='ocrx_word' id='word_1_151' title='bbox 443 1270 509 1308; x_wconf 88' lang='lat' dir='ltr'><strong>sed</strong></span> <span class='ocrx_word' id='word_1_152' title='bbox 543 1277 582 1307; x_wconf 90' lang='lat' dir='ltr'><strong>et</strong></span> <span class='ocrx_word' id='word_1_153' title='bbox 610 1283 747 1320; x_wconf 85' lang='lat' dir='ltr'><strong>magna</strong></span> <span class='ocrx_word' id='word_1_154' title='bbox 778 1281 866 1320; x_wconf 87' lang='lat' dir='ltr'><strong>pars</strong></span> <span class='ocrx_word' id='word_1_155' title='bbox 892 1274 1053 1314; x_wconf 88' lang='lat' dir='ltr'><strong>retenta,</strong></span> <span class='ocrx_word' id='word_1_156' title='bbox 1075 1275 1192 1318; x_wconf 87' lang='lat' dir='ltr'><strong>atque</strong></span> <span class='ocrx_word' id='word_1_157' title='bbox 1212 1267 1357 1313; x_wconf 87' lang='lat' dir='ltr'><strong>abdita,</strong></span> <span class='ocrx_word' id='word_1_158' title='bbox 1381 1273 1421 1305; x_wconf 89' lang='lat' dir='ltr'><strong>ut</strong></span> <span class='ocrx_word' id='word_1_159' title='bbox 1440 1268 1490 1305; x_wconf 86' lang='lat' dir='ltr'><strong>ab</strong></span> <span class='ocrx_word' id='word_1_160' title='bbox 1511 1267 1554 1304; x_wconf 90' lang='lat' dir='ltr'><strong>iis</strong></span> 
     </span>
     <span class='ocr_line' id='line_1_18' title="bbox 103 1331 1557 1385; baseline -0.003 -13"><span class='ocrx_word' id='word_1_161' title='bbox 103 1336 170 1385; x_wconf 89' lang='lat' dir='ltr'><strong>qui</strong></span> <span class='ocrx_word' id='word_1_162' title='bbox 193 1343 294 1373; x_wconf 86' lang='lat' dir='ltr'><strong>metu</strong></span> <span class='ocrx_word' id='word_1_163' title='bbox 318 1335 418 1380; x_wconf 81' lang='lat' dir='ltr'><strong>belli,</strong></span> <span class='ocrx_word' id='word_1_164' title='bbox 453 1348 527 1372; x_wconf 89' lang='lat' dir='ltr'><strong>non</strong></span> <span class='ocrx_word' id='word_1_165' title='bbox 556 1347 683 1371; x_wconf 86' lang='lat' dir='ltr'><strong>amore</strong></span> <span class='ocrx_word' id='word_1_166' title='bbox 704 1334 810 1384; x_wconf 86' lang='lat' dir='ltr'><strong>pacis</strong></span> <span class='ocrx_word' id='word_1_167' title='bbox 844 1335 1069 1385; x_wconf 79' lang='lat' dir='ltr'><strong>agebantur,</strong></span> <span class='ocrx_word' id='word_1_168' title='bbox 1091 1331 1276 1370; x_wconf 88' lang='lat' dir='ltr'><strong>traditum</strong></span> <span class='ocrx_word' id='word_1_169' title='bbox 1298 1344 1454 1382; x_wconf 90' lang='lat' dir='ltr'><strong>quoque</strong></span> <span class='ocrx_word' id='word_1_170' title='bbox 1475 1331 1557 1382; x_wconf 90' lang='lat' dir='ltr'><strong>opi-</strong></span> 
     </span>
     <span class='ocr_line' id='line_1_19' title="bbox 101 1396 1550 1448; baseline -0.003 -12"><span class='ocrx_word' id='word_1_171' title='bbox 101 1398 207 1436; x_wconf 86' lang='lat' dir='ltr'><strong>dum.</strong></span> <span class='ocrx_word' id='word_1_172' title='bbox 265 1400 311 1436; x_wconf 87' lang='lat' dir='ltr'><strong>Et</strong></span> <span class='ocrx_word' id='word_1_173' title='bbox 347 1399 497 1448; x_wconf 82' lang='lat' dir='ltr'><strong>quietus</strong></span> <span class='ocrx_word' id='word_1_174' title='bbox 519 1398 578 1434; x_wconf 91' lang='lat' dir='ltr'><strong>ille</strong></span> <span class='ocrx_word' id='word_1_175' title='bbox 599 1397 677 1434; x_wconf 87' lang='lat' dir='ltr'><strong>dies</strong></span> <span class='ocrx_word' id='word_1_176' title='bbox 699 1397 791 1444; x_wconf 87' lang='lat' dir='ltr'><strong>fuit;</strong></span> <span class='ocrx_word' id='word_1_177' title='bbox 824 1405 937 1436; x_wconf 81' lang='lat' dir='ltr'><strong>nocte</strong></span> <span class='ocrx_word' id='word_1_178' title='bbox 958 1397 1131 1448; x_wconf 80' lang='lat' dir='ltr'><strong>proxima</strong></span> <span class='ocrx_word' id='word_1_179' title='bbox 1151 1396 1283 1434; x_wconf 87' lang='lat' dir='ltr'><strong>Caesar</strong></span> <span class='ocrx_word' id='word_1_180' title='bbox 1304 1396 1438 1433; x_wconf 87' lang='lat' dir='ltr'><strong>milites</strong></span> <span class='ocrx_word' id='word_1_181' title='bbox 1461 1408 1550 1433; x_wconf 90' lang='lat' dir='ltr'><strong>suos</strong></span> 
     </span>
     <span class='ocr_line' id='line_1_20' title="bbox 100 1459 1554 1513; baseline -0.003 -13"><span class='ocrx_word' id='word_1_182' title='bbox 100 1463 216 1501; x_wconf 83' lang='lat' dir='ltr'><strong>muris</strong></span> <span class='ocrx_word' id='word_1_183' title='bbox 248 1462 378 1513; x_wconf 80' lang='lat' dir='ltr'><strong>egredi</strong></span> <span class='ocrx_word' id='word_1_184' title='bbox 407 1462 613 1512; x_wconf 73' lang='lat' dir='ltr'><strong>claudique</strong></span> <span class='ocrx_word' id='word_1_185' title='bbox 645 1467 776 1512; x_wconf 87' lang='lat' dir='ltr'><strong>portas</strong></span> <span class='ocrx_word' id='word_1_186' title='bbox 803 1462 985 1511; x_wconf 86' lang='lat' dir='ltr'><strong>jusserat,</strong></span> <span class='ocrx_word' id='word_1_187' title='bbox 1017 1474 1063 1498; x_wconf 92' lang='lat' dir='ltr'><strong>ne</strong></span> <span class='ocrx_word' id='word_1_188' title='bbox 1098 1460 1192 1511; x_wconf 89' lang='lat' dir='ltr'><strong>quid</strong></span> <span class='ocrx_word' id='word_1_189' title='bbox 1222 1459 1372 1509; x_wconf 68' lang='lat' dir='ltr'><strong>injuriae</strong></span> <span class='ocrx_word' id='word_1_190' title='bbox 1396 1460 1498 1498; x_wconf 77' lang='lat' dir='ltr'><strong>cives</strong></span> <span class='ocrx_word' id='word_1_191' title='bbox 1533 1472 1554 1495; x_wconf 91' lang='lat' dir='ltr'><strong>a</strong></span> 
     </span>
     <span class='ocr_line' id='line_1_21' title="bbox 99 1522 1553 1576; baseline -0.003 -12"><span class='ocrx_word' id='word_1_192' title='bbox 99 1527 284 1564; x_wconf 87' lang='lat' dir='ltr'><strong>militibus</strong></span> <span class='ocrx_word' id='word_1_193' title='bbox 305 1532 542 1576; x_wconf 84' lang='lat' dir='ltr'><strong>paterentur:</strong></span> <span class='ocrx_word' id='word_1_194' title='bbox 573 1525 659 1575; x_wconf 76' lang='lat'>[53]</span> <span class='ocrx_word' id='word_1_195' title='bbox 693 1525 759 1562; x_wconf 86' lang='lat' dir='ltr'><strong>sed</strong></span> <span class='ocrx_word' id='word_1_196' title='bbox 790 1526 879 1563; x_wconf 88' lang='lat' dir='ltr'><strong>huic</strong></span> <span class='ocrx_word' id='word_1_197' title='bbox 903 1526 1090 1562; x_wconf 75' lang='lat' dir='ltr'><strong>Caesareae</strong></span> <span class='ocrx_word' id='word_1_198' title='bbox 1110 1524 1244 1574; x_wconf 88' lang='lat' dir='ltr'><strong>pietati</strong></span> <span class='ocrx_word' id='word_1_199' title='bbox 1265 1523 1429 1561; x_wconf 85' lang='lat' dir='ltr'><strong>hostium</strong></span> <span class='ocrx_word' id='word_1_200' title='bbox 1451 1522 1553 1560; x_wconf 85' lang='lat' dir='ltr'><strong>fraus</strong></span> 
     </span>
     <span class='ocr_line' id='line_1_22' title="bbox 100 1587 1553 1640; baseline -0.003 -12"><span class='ocrx_word' id='word_1_201' title='bbox 100 1590 118 1609; x_wconf 60' lang='lat'><em>³</em></span> <span class='ocrx_word' id='word_1_202' title='bbox 140 1591 292 1628; x_wconf 81' lang='lat' dir='ltr'><strong>obictns</strong></span> <span class='ocrx_word' id='word_1_203' title='bbox 310 1596 401 1629; x_wconf 89' lang='lat' dir='ltr'><strong>erat.</strong></span> <span class='ocrx_word' id='word_1_204' title='bbox 460 1591 594 1640; x_wconf 89' lang='lat' dir='ltr'><strong>Itaque</strong></span> <span class='ocrx_word' id='word_1_205' title='bbox 617 1590 816 1628; x_wconf 80' lang='lat' dir='ltr'><strong>barbarica</strong></span> <span class='ocrx_word' id='word_1_206' title='bbox 835 1590 1025 1627; x_wconf 80' lang='lat' dir='ltr'><strong>⁸⁵lenitate</strong></span> <span class='ocrx_word' id='word_1_207' title='bbox 1047 1595 1195 1626; x_wconf 87' lang='lat' dir='ltr'><strong>mutato</strong></span> <span class='ocrx_word' id='word_1_208' title='bbox 1219 1594 1375 1639; x_wconf 88' lang='lat' dir='ltr'><strong>repente</strong></span> <span class='ocrx_word' id='word_1_209' title='bbox 1393 1587 1553 1625; x_wconf 87' lang='lat' dir='ltr'><strong>consilio</strong></span> 
     </span>
     <span class='ocr_line' id='line_1_23' title="bbox 98 1651 1553 1704; baseline -0.002 -13"><span class='ocrx_word' id='word_1_210' title='bbox 98 1654 352 1692; x_wconf 84' lang='lat' dir='ltr'><strong>rebellarunt:</strong></span> <span class='ocrx_word' id='word_1_211' title='bbox 380 1667 503 1704; x_wconf 88' lang='lat' dir='ltr'><strong>neque</strong></span> <span class='ocrx_word' id='word_1_212' title='bbox 525 1653 661 1691; x_wconf 73' lang='lat' dir='ltr'><strong>victori</strong></span> <span class='ocrx_word' id='word_1_213' title='bbox 682 1654 843 1703; x_wconf 87' lang='lat' dir='ltr'><strong>opidum</strong></span> <span class='ocrx_word' id='word_1_214' title='bbox 863 1653 1067 1691; x_wconf 82' lang='lat' dir='ltr'><strong>abstulisse</strong></span> <span class='ocrx_word' id='word_1_215' title='bbox 1088 1653 1275 1698; x_wconf 85' lang='lat' dir='ltr'><strong>contenti,</strong></span> <span class='ocrx_word' id='word_1_216' title='bbox 1295 1658 1420 1690; x_wconf 86' lang='lat' dir='ltr'><strong>castra</strong></span> <span class='ocrx_word' id='word_1_217' title='bbox 1440 1651 1553 1688; x_wconf 80' lang='lat' dir='ltr'><strong>etiam</strong></span> 
     </span>
     <span class='ocr_line' id='line_1_24' title="bbox 98 1716 1554 1767; baseline -0.002 -13"><span class='ocrx_word' id='word_1_218' title='bbox 98 1718 283 1764; x_wconf 77' lang='lat' dir='ltr'><strong>invasere,</strong></span> <span class='ocrx_word' id='word_1_219' title='bbox 304 1724 411 1756; x_wconf 85' lang='lat' dir='ltr'><strong>tanto</strong></span> <span class='ocrx_word' id='word_1_220' title='bbox 432 1718 589 1767; x_wconf 85' lang='lat' dir='ltr'><strong>impetu,</strong></span> <span class='ocrx_word' id='word_1_221' title='bbox 611 1723 795 1767; x_wconf 86' lang='lat' dir='ltr'><strong>tantoque</strong></span> <span class='ocrx_word' id='word_1_222' title='bbox 826 1717 976 1762; x_wconf 88' lang='lat' dir='ltr'><strong>ardore,</strong></span> <span class='ocrx_word' id='word_1_223' title='bbox 1011 1730 1085 1754; x_wconf 91' lang='lat' dir='ltr'><strong>non</strong></span> <span class='ocrx_word' id='word_1_224' title='bbox 1119 1716 1234 1753; x_wconf 87' lang='lat' dir='ltr'><strong>modo</strong></span> <span class='ocrx_word' id='word_1_225' title='bbox 1257 1721 1391 1753; x_wconf 85' lang='lat' dir='ltr'><strong>contra</strong></span> <span class='ocrx_word' id='word_1_226' title='bbox 1411 1716 1554 1751; x_wconf 82' lang='lat' dir='ltr'><strong>Roma-</strong></span> 
     </span>
     <span class='ocr_line' id='line_1_25' title="bbox 98 1777 1553 1832; baseline -0.003 -13"><span class='ocrx_word' id='word_1_227' title='bbox 98 1795 183 1819; x_wconf 85' lang='lat' dir='ltr'><strong>nam</strong></span> <span class='ocrx_word' id='word_1_228' title='bbox 219 1782 412 1827; x_wconf 78' lang='lat' dir='ltr'><strong>virtutem,</strong></span> <span class='ocrx_word' id='word_1_229' title='bbox 449 1782 514 1819; x_wconf 86' lang='lat' dir='ltr'><strong>sed</strong></span> <span class='ocrx_word' id='word_1_230' title='bbox 549 1788 681 1819; x_wconf 86' lang='lat' dir='ltr'><strong>contra</strong></span> <span class='ocrx_word' id='word_1_231' title='bbox 720 1781 957 1832; x_wconf 86' lang='lat' dir='ltr'><strong>iniquitatem</strong></span> <span class='ocrx_word' id='word_1_232' title='bbox 990 1781 1104 1818; x_wconf 85' lang='lat' dir='ltr'><strong>etiam</strong></span> <span class='ocrx_word' id='word_1_233' title='bbox 1139 1780 1325 1824; x_wconf 81' lang='lat' dir='ltr'><strong>locorum,</strong></span> <span class='ocrx_word' id='word_1_234' title='bbox 1365 1785 1405 1816; x_wconf 84' lang='lat' dir='ltr'><strong>ut</strong></span> <span class='ocrx_word' id='word_1_235' title='bbox 1444 1777 1553 1816; x_wconf 83' lang='lat' dir='ltr'><strong>facile</strong></span> 
     </span>
     <span class='ocr_line' id='line_1_26' title="bbox 98 1842 1550 1895; baseline -0.003 -12"><span class='ocrx_word' id='word_1_236' title='bbox 98 1852 272 1895; x_wconf 82' lang='lat' dir='ltr'><strong>apparet,</strong></span> <span class='ocrx_word' id='word_1_237' title='bbox 306 1845 549 1895; x_wconf 83' lang='lat' dir='ltr'><strong>desperantes</strong></span> <span class='ocrx_word' id='word_1_238' title='bbox 579 1845 626 1882; x_wconf 91' lang='lat' dir='ltr'><strong>de</strong></span> <span class='ocrx_word' id='word_1_239' title='bbox 658 1845 777 1882; x_wconf 90' lang='lat' dir='ltr'><strong>salute</strong></span> <span class='ocrx_word' id='word_1_240' title='bbox 797 1857 981 1895; x_wconf 85' lang='lat' dir='ltr'><strong>pugnare.</strong></span> <span class='ocrx_word' id='word_1_241' title='bbox 1040 1845 1096 1881; x_wconf 84' lang='lat' dir='ltr'><strong>Eo</strong></span> <span class='ocrx_word' id='word_1_242' title='bbox 1118 1856 1322 1893; x_wconf 86' lang='lat' dir='ltr'><strong>congressu</strong></span> <span class='ocrx_word' id='word_1_243' title='bbox 1342 1857 1387 1880; x_wconf 83' lang='lat' dir='ltr'><strong>ex</strong></span> <span class='ocrx_word' id='word_1_244' title='bbox 1410 1842 1482 1879; x_wconf 91' lang='lat' dir='ltr'><strong>illis</strong></span> <span class='ocrx_word' id='word_1_245' title='bbox 1503 1842 1550 1878; x_wconf 87' lang='lat' dir='ltr'><strong>ad</strong></span> 
     </span>
     <span class='ocr_line' id='line_1_27' title="bbox 99 1906 1553 1959; baseline -0.003 -13"><span class='ocrx_word' id='word_1_246' title='bbox 99 1915 267 1959; x_wconf 87' lang='lat' dir='ltr'><strong>quatuor</strong></span> <span class='ocrx_word' id='word_1_247' title='bbox 286 1909 387 1947; x_wconf 84' lang='lat' dir='ltr'><strong>milia</strong></span> <span class='ocrx_word' id='word_1_248' title='bbox 409 1909 604 1947; x_wconf 84' lang='lat' dir='ltr'><strong>cecidere:</strong></span> <span class='ocrx_word' id='word_1_249' title='bbox 636 1909 782 1946; x_wconf 65' lang='lat' dir='ltr'><strong>caeteris</strong></span> <span class='ocrx_word' id='word_1_250' title='bbox 814 1909 911 1946; x_wconf 90' lang='lat' dir='ltr'><strong>intra</strong></span> <span class='ocrx_word' id='word_1_251' title='bbox 933 1908 1091 1958; x_wconf 85' lang='lat' dir='ltr'><strong>opidum</strong></span> <span class='ocrx_word' id='word_1_252' title='bbox 1113 1907 1341 1957; x_wconf 76' lang='lat' dir='ltr'><strong>compulsis:</strong></span> <span class='ocrx_word' id='word_1_253' title='bbox 1375 1906 1428 1943; x_wconf 86' lang='lat' dir='ltr'><strong>sic</strong></span> <span class='ocrx_word' id='word_1_254' title='bbox 1450 1906 1553 1943; x_wconf 86' lang='lat' dir='ltr'><strong>omni</strong></span> 
     </span>
     <span class='ocr_line' id='line_1_28' title="bbox 96 1969 1552 2023; baseline -0.003 -14"><span class='ocrx_word' id='word_1_255' title='bbox 96 1972 248 2023; x_wconf 90' lang='lat' dir='ltr'><strong>penitus</strong></span> <span class='ocrx_word' id='word_1_256' title='bbox 270 1986 338 2023; x_wconf 90' lang='lat' dir='ltr'><strong>spe</strong></span> <span class='ocrx_word' id='word_1_257' title='bbox 359 1973 513 2022; x_wconf 85' lang='lat' dir='ltr'><strong>abjecta</strong></span> <span class='ocrx_word' id='word_1_258' title='bbox 547 1980 589 2011; x_wconf 89' lang='lat' dir='ltr'><strong>ut</strong></span> <span class='ocrx_word' id='word_1_259' title='bbox 622 1973 682 2010; x_wconf 88' lang='lat' dir='ltr'><strong>die</strong></span> <span class='ocrx_word' id='word_1_260' title='bbox 703 1973 877 2023; x_wconf 86' lang='lat' dir='ltr'><strong>proxima</strong></span> <span class='ocrx_word' id='word_1_261' title='bbox 905 1971 1171 2022; x_wconf 87' lang='lat' dir='ltr'><strong>frangentibus</strong></span> <span class='ocrx_word' id='word_1_262' title='bbox 1205 1975 1338 2021; x_wconf 87' lang='lat' dir='ltr'><strong>portas</strong></span> <span class='ocrx_word' id='word_1_263' title='bbox 1367 1969 1552 2007; x_wconf 81' lang='lat' dir='ltr'><strong>Romanis</strong></span> 
     </span>
     <span class='ocr_line' id='line_1_29' title="bbox 97 2034 1551 2087; baseline -0.002 -14"><span class='ocrx_word' id='word_1_264' title='bbox 97 2036 226 2073; x_wconf 88' lang='lat' dir='ltr'><strong>nullus</strong></span> <span class='ocrx_word' id='word_1_265' title='bbox 264 2037 469 2074; x_wconf 80' lang='lat' dir='ltr'><strong>obstiterit:</strong></span> <span class='ocrx_word' id='word_1_266' title='bbox 510 2043 667 2087; x_wconf 88' lang='lat' dir='ltr'><strong>captum</strong></span> <span class='ocrx_word' id='word_1_267' title='bbox 706 2036 879 2086; x_wconf 88' lang='lat' dir='ltr'><strong>opidum,</strong></span> <span class='ocrx_word' id='word_1_268' title='bbox 919 2034 1164 2085; x_wconf 74' lang='lat' dir='ltr'><strong>³⁶venditque</strong></span> <span class='ocrx_word' id='word_1_269' title='bbox 1200 2047 1346 2080; x_wconf 88' lang='lat' dir='ltr'><strong>omnes,</strong></span> <span class='ocrx_word' id='word_1_270' title='bbox 1388 2046 1551 2083; x_wconf 84' lang='lat' dir='ltr'><strong>quorum</strong></span> 
     </span>
     <span class='ocr_line' id='line_1_30' title="bbox 97 2099 1550 2151; baseline -0.002 -15"><span class='ocrx_word' id='word_1_271' title='bbox 97 2099 249 2137; x_wconf 86' lang='lat' dir='ltr'><strong>turbam</strong></span> <span class='ocrx_word' id='word_1_272' title='bbox 270 2100 546 2151; x_wconf 85' lang='lat' dir='ltr'><strong>quinquaginta</strong></span> <span class='ocrx_word' id='word_1_273' title='bbox 574 2100 689 2138; x_wconf 89' lang='lat' dir='ltr'><strong>trium</strong></span> <span class='ocrx_word' id='word_1_274' title='bbox 719 2100 866 2138; x_wconf 91' lang='lat' dir='ltr'><strong>milium</strong></span> <span class='ocrx_word' id='word_1_275' title='bbox 889 2113 1090 2137; x_wconf 84' lang='lat' dir='ltr'><strong>numerum</strong></span> <span class='ocrx_word' id='word_1_276' title='bbox 1109 2099 1286 2148; x_wconf 77' lang='lat' dir='ltr'><strong>implesse</strong></span> <span class='ocrx_word' id='word_1_277' title='bbox 1307 2104 1550 2147; x_wconf 87' lang='lat' dir='ltr'><strong>compertum</strong></span> 
     </span>
     <span class='ocr_line' id='line_1_31' title="bbox 98 2160 1550 2213; baseline -0.001 -14"><span class='ocrx_word' id='word_1_278' title='bbox 98 2161 184 2200; x_wconf 85' lang='lat' dir='ltr'><strong>fuit.</strong></span> <span class='ocrx_word' id='word_1_279' title='bbox 240 2162 312 2200; x_wconf 90' lang='lat' dir='ltr'><strong>Per</strong></span> <span class='ocrx_word' id='word_1_280' title='bbox 332 2164 484 2200; x_wconf 85' lang='lat' dir='ltr'><strong>eosdem</strong></span> <span class='ocrx_word' id='word_1_281' title='bbox 507 2163 588 2201; x_wconf 90' lang='lat' dir='ltr'><strong>dies</strong></span> <span class='ocrx_word' id='word_1_282' title='bbox 609 2176 631 2200; x_wconf 91' lang='lat' dir='ltr'><strong>a</strong></span> <span class='ocrx_word' id='word_1_283' title='bbox 650 2164 775 2213; x_wconf 87' lang='lat' dir='ltr'><strong>legato</strong></span> <span class='ocrx_word' id='word_1_284' title='bbox 805 2163 968 2201; x_wconf 77' lang='lat' dir='ltr'><strong>Caesaris</strong></span> <span class='ocrx_word' id='word_1_285' title='bbox 989 2164 1031 2200; x_wconf 91' lang='lat' dir='ltr'><strong>P.</strong></span> <span class='ocrx_word' id='word_1_286' title='bbox 1053 2163 1208 2206; x_wconf 87' lang='lat' dir='ltr'><strong>Crasso,</strong></span> <span class='ocrx_word' id='word_1_287' title='bbox 1228 2174 1343 2213; x_wconf 90' lang='lat' dir='ltr'><strong>quem</strong></span> <span class='ocrx_word' id='word_1_288' title='bbox 1365 2160 1482 2198; x_wconf 90' lang='lat' dir='ltr'><strong>modo</strong></span> <span class='ocrx_word' id='word_1_289' title='bbox 1502 2160 1550 2198; x_wconf 88' lang='lat' dir='ltr'><strong>ad</strong></span> 
     </span>
     <span class='ocr_line' id='line_1_32' title="bbox 95 2224 1551 2277; baseline -0.002 -14"><span class='ocrx_word' id='word_1_290' title='bbox 95 2226 276 2270; x_wconf 84' lang='lat' dir='ltr'><strong>venetos,</strong></span> <span class='ocrx_word' id='word_1_291' title='bbox 315 2226 484 2277; x_wconf 89' lang='lat' dir='ltr'><strong>aliosque</strong></span> <span class='ocrx_word' id='word_1_292' title='bbox 518 2226 763 2276; x_wconf 88' lang='lat' dir='ltr'><strong>quamplures</strong></span> <span class='ocrx_word' id='word_1_293' title='bbox 803 2227 981 2276; x_wconf 84' lang='lat' dir='ltr'><strong>populos,</strong></span> <span class='ocrx_word' id='word_1_294' title='bbox 1019 2226 1087 2275; x_wconf 93' lang='lat' dir='ltr'><strong>qui</strong></span> <span class='ocrx_word' id='word_1_295' title='bbox 1122 2231 1334 2263; x_wconf 77' lang='lat' dir='ltr'><strong>extremum</strong></span> <span class='ocrx_word' id='word_1_296' title='bbox 1366 2224 1551 2262; x_wconf 89' lang='lat' dir='ltr'><strong>accolunt</strong></span> 
     </span>
     <span class='ocr_line' id='line_1_33' title="bbox 98 2287 1550 2339; baseline -0.001 -12"><span class='ocrx_word' id='word_1_297' title='bbox 98 2289 299 2327; x_wconf 87' lang='lat' dir='ltr'><strong>Oceanum</strong></span> <span class='ocrx_word' id='word_1_298' title='bbox 334 2290 586 2339; x_wconf 69' lang='lat' dir='ltr'><strong>praemiserat,</strong></span> <span class='ocrx_word' id='word_1_299' title='bbox 615 2290 827 2335; x_wconf 82' lang='lat' dir='ltr'><strong>nuntiatur,</strong></span> <span class='ocrx_word' id='word_1_300' title='bbox 861 2302 996 2327; x_wconf 87' lang='lat' dir='ltr'><strong>omnes</strong></span> <span class='ocrx_word' id='word_1_301' title='bbox 1028 2289 1110 2326; x_wconf 88' lang='lat' dir='ltr'><strong>illas</strong></span> <span class='ocrx_word' id='word_1_302' title='bbox 1144 2295 1275 2338; x_wconf 86' lang='lat' dir='ltr'><strong>gentes</strong></span> <span class='ocrx_word' id='word_1_303' title='bbox 1307 2293 1442 2338; x_wconf 89' lang='lat' dir='ltr'><strong>sponte</strong></span> <span class='ocrx_word' id='word_1_304' title='bbox 1477 2287 1550 2325; x_wconf 92' lang='lat' dir='ltr'><strong>sub</strong></span> 
     </span>
     <span class='ocr_line' id='line_1_34' title="bbox 98 2351 1549 2403; baseline 0 -14"><span class='ocrx_word' id='word_1_305' title='bbox 98 2351 312 2390; x_wconf 86' lang='lat' dir='ltr'><strong>Romanum</strong></span> <span class='ocrx_word' id='word_1_306' title='bbox 333 2353 533 2403; x_wconf 87' lang='lat' dir='ltr'><strong>imperium</strong></span> <span class='ocrx_word' id='word_1_307' title='bbox 555 2353 714 2391; x_wconf 86' lang='lat' dir='ltr'><strong>venisse.</strong></span> <span class='ocrx_word' id='word_1_308' title='bbox 770 2354 856 2390; x_wconf 87' lang='lat' dir='ltr'><strong>Jam</strong></span> <span class='ocrx_word' id='word_1_309' title='bbox 878 2352 927 2389; x_wconf 86' lang='lat' dir='ltr'><strong>ad</strong></span> <span class='ocrx_word' id='word_1_310' title='bbox 948 2352 1151 2397; x_wconf 87' lang='lat' dir='ltr'><strong>Barbaros,</strong></span> <span class='ocrx_word' id='word_1_311' title='bbox 1169 2352 1235 2402; x_wconf 91' lang='lat' dir='ltr'><strong>qui</strong></span> <span class='ocrx_word' id='word_1_312' title='bbox 1249 2360 1350 2389; x_wconf 89' lang='lat' dir='ltr'><strong>trans</strong></span> <span class='ocrx_word' id='word_1_313' title='bbox 1370 2351 1549 2389; x_wconf 85' lang='lat' dir='ltr'><strong>Rhenum</strong></span> 
     </span>
     <span class='ocr_line' id='line_1_35' title="bbox 95 2415 1551 2466; baseline 0.001 -14"><span class='ocrx_word' id='word_1_314' title='bbox 95 2415 282 2461; x_wconf 85' lang='lat' dir='ltr'><strong>habitant,</strong></span> <span class='ocrx_word' id='word_1_315' title='bbox 305 2417 489 2454; x_wconf 65' lang='lat' dir='ltr'><strong>Romanae</strong></span> <span class='ocrx_word' id='word_1_316' title='bbox 511 2417 778 2466; x_wconf 86' lang='lat' dir='ltr'><strong>Caesareaeque</strong></span> <span class='ocrx_word' id='word_1_317' title='bbox 808 2416 958 2454; x_wconf 80' lang='lat' dir='ltr'><strong>virtutis</strong></span> <span class='ocrx_word' id='word_1_318' title='bbox 991 2423 1029 2453; x_wconf 90' lang='lat' dir='ltr'><strong>et</strong></span> <span class='ocrx_word' id='word_1_319' title='bbox 1059 2416 1274 2453; x_wconf 76' lang='lat' dir='ltr'><strong>clementiae</strong></span> <span class='ocrx_word' id='word_1_320' title='bbox 1295 2415 1396 2453; x_wconf 86' lang='lat' dir='ltr'><strong>fama</strong></span> <span class='ocrx_word' id='word_1_321' title='bbox 1416 2428 1551 2466; x_wconf 88' lang='lat' dir='ltr'><strong>perve-</strong></span> 
     </span>
     <span class='ocr_line' id='line_1_36' title="bbox 96 2479 1549 2530; baseline 0.001 -15"><span class='ocrx_word' id='word_1_322' title='bbox 96 2485 216 2524; x_wconf 86' lang='lat' dir='ltr'><strong>nerat,</strong></span> <span class='ocrx_word' id='word_1_323' title='bbox 250 2479 385 2517; x_wconf 73' lang='lat' dir='ltr'><strong>⁸⁷adeo</strong></span> <span class='ocrx_word' id='word_1_324' title='bbox 406 2480 689 2530; x_wconf 86' lang='lat' dir='ltr'><strong>percrebuerat,</strong></span> <span class='ocrx_word' id='word_1_325' title='bbox 723 2486 765 2517; x_wconf 86' lang='lat' dir='ltr'><strong>ut</strong></span> <span class='ocrx_word' id='word_1_326' title='bbox 796 2492 928 2517; x_wconf 87' lang='lat' dir='ltr'><strong>omnes</strong></span> <span class='ocrx_word' id='word_1_327' title='bbox 963 2480 1063 2517; x_wconf 90' lang='lat' dir='ltr'><strong>ultro</strong></span> <span class='ocrx_word' id='word_1_328' title='bbox 1092 2480 1140 2517; x_wconf 92' lang='lat' dir='ltr'><strong>ad</strong></span> <span class='ocrx_word' id='word_1_329' title='bbox 1176 2480 1370 2518; x_wconf 79' lang='lat' dir='ltr'><strong>Caesarem</strong></span> <span class='ocrx_word' id='word_1_330' title='bbox 1403 2479 1549 2530; x_wconf 83' lang='lat' dir='ltr'><strong>legatos</strong></span> 
     </span>
     <span class='ocr_line' id='line_1_37' title="bbox 96 2540 1549 2595; baseline 0.001 -17"><span class='ocrx_word' id='word_1_331' title='bbox 96 2540 312 2581; x_wconf 86' lang='lat' dir='ltr'><strong>mitterent:</strong></span> <span class='ocrx_word' id='word_1_332' title='bbox 334 2544 400 2594; x_wconf 93' lang='lat' dir='ltr'><strong>qui</strong></span> <span class='ocrx_word' id='word_1_333' title='bbox 421 2558 460 2582; x_wconf 87' lang='lat' dir='ltr'><strong>se</strong></span> <span class='ocrx_word' id='word_1_334' title='bbox 480 2551 518 2582; x_wconf 87' lang='lat' dir='ltr'><strong>et</strong></span> <span class='ocrx_word' id='word_1_335' title='bbox 537 2544 696 2582; x_wconf 88' lang='lat' dir='ltr'><strong>daturos</strong></span> <span class='ocrx_word' id='word_1_336' title='bbox 716 2544 872 2582; x_wconf 88' lang='lat' dir='ltr'><strong>obsides</strong></span> <span class='ocrx_word' id='word_1_337' title='bbox 888 2550 927 2581; x_wconf 92' lang='lat' dir='ltr'><strong>et</strong></span> <span class='ocrx_word' id='word_1_338' title='bbox 940 2543 1052 2595; x_wconf 78' lang='lat' dir='ltr'><strong>jussa</strong></span> <span class='ocrx_word' id='word_1_339' title='bbox 1071 2543 1241 2582; x_wconf 86' lang='lat' dir='ltr'><strong>facturos</strong></span> <span class='ocrx_word' id='word_1_340' title='bbox 1263 2544 1549 2594; x_wconf 74' lang='lat' dir='ltr'><strong>⁸⁸spouderuut,</strong></span> 
     </span>
    </p>
   </div>
   <div class='ocr_carea' id='block_1_3' title="bbox 94 2701 1548 2795">
    <p class='ocr_par' dir='ltr' id='par_1_3' title="bbox 94 2701 1548 2795">
     <span class='ocr_line' id='line_1_38' title="bbox 117 2701 1548 2748; baseline 0 -17"><span class='ocrx_word' id='word_1_341' title='bbox 117 2702 183 2739; x_wconf 19' lang='lat'><strong>⁷8⁵</strong></span> <span class='ocrx_word' id='word_1_342' title='bbox 206 2701 310 2742; x_wconf 72' lang='lat' dir='ltr'><strong>Lege,</strong></span> <span class='ocrx_word' id='word_1_343' title='bbox 337 2704 562 2738; x_wconf 58' lang='lat' dir='ltr'><strong>levitam—86</strong></span> <span class='ocrx_word' id='word_1_344' title='bbox 598 2707 704 2748; x_wconf 83' lang='lat' dir='ltr'><strong>Lege,</strong></span> <span class='ocrx_word' id='word_1_345' title='bbox 735 2707 1005 2748; x_wconf 48' lang='lat' dir='ltr'><strong>venditique-87</strong></span> <span class='ocrx_word' id='word_1_346' title='bbox 1040 2707 1157 2747; x_wconf 82' lang='lat' dir='ltr'><strong>Forte,</strong></span> <span class='ocrx_word' id='word_1_347' title='bbox 1182 2705 1414 2746; x_wconf 50' lang='lat' dir='ltr'><strong>adeoque—88</strong></span> <span class='ocrx_word' id='word_1_348' title='bbox 1448 2701 1548 2741; x_wconf 86' lang='lat' dir='ltr'><strong>Lege,</strong></span> 
     </span>
     <span class='ocr_line' id='line_1_39' title="bbox 94 2756 329 2795; baseline 0.017 -12"><span class='ocrx_word' id='word_1_349' title='bbox 94 2756 329 2795; x_wconf 65' lang='lat' dir='ltr'><strong>spoponderunt.</strong></span> 
     </span>
    </p>
   </div>
  </div>
 </body>
</html>
