1850 3109
241 196 354 237 1510

244 303 344 335 Milia
357 303 519 334 est-ibent
537 314 669 346 quoque
688 306 768 335 Mss.
785 306 944 337 Ciaccon.

244 355 342 386 Leid.
360 365 425 387 sec.
443 362 477 387 ct
498 357 572 387 Pal.
591 367 666 387 curn
693 357 779 387 Edd.
805 358 944 389 Vascos.

242 404 360 446 Stepli.
394 406 525 446 Grypli.
557 413 642 446 post.
660 407 803 438 Stradae.
828 409 946 438 milium

246 456 372 487 Lovan.
392 457 444 487 ΑΙ.
462 458 525 487 mil.

290 515 380 537 Lxxx
393 516 430 537 ιι.
447 510 466 536 9
485 508 669 545 Progressos
677 507 833 548 consequi]
865 508 946 539 Plus

243 556 377 587 adridet
404 557 495 595 milii,
511 558 599 597 qumi
617 562 668 588 est
693 559 725 588 in
747 559 945 590 Lovaniensi

240 616 439 645 progressos,
456 612 490 636 ut
514 612 549 637 et
566 617 683 638 sensus
710 610 881 648 postulare
900 610 946 640 vi·

243 656 355 686 detur.
403 657 450 687 Ut
477 657 601 699 ubique
619 669 676 699 pro
701 664 735 689 et
754 670 834 699 prce,
851 660 944 691 itain

242 706 306 737 lioc
339 708 525 748 composito
557 709 750 740 turbantur.
818 710 873 741 Sic
911 711 944 741 in

244 757 362 788 From.
379 767 419 788 11.
435 762 466 789 7.
484 760 498 798 ξ
515 762 568 790 20.
614 760 622 776 ‘
643 760 719 799 Ipse
738 770 944 800 prmgressus

244 817 320 838 cum
352 809 467 849 copiis,
498 820 579 850 quas
606 811 779 847 lial›cbat,'
808 812 839 841 in
866 822 945 843 non-

242 859 342 889 nullis
367 865 417 890 est
440 870 549 900 progr.
595 861 688 891 Alibi
712 863 884 901 pram-edere
911 868 946 894 et

240 910 421 939 antecedere
437 910 532 941 (licit.
556 910 643 940 Vide
658 911 699 941 ad
725 921 790 942 vu.
807 915 858 943 54.

289 967 330 989 Lx
340 968 445 990 xviii.
463 963 500 990 13
521 960 947 1003 obpugnaret—conaretur]

243 1008 299 1038 Sic
318 1010 401 1040 Mss.
430 1010 512 1049 ch.
540 1010 665 1041 Elicns.
690 1015 725 1041 et
742 1011 831 1042 Edit.
848 1011 945 1042 Rom.

244 1057 363 1088 Recte.
379 1059 530 1097 Scaliger
545 1065 579 1089 et
598 1060 819 1091 Recentiores
831 1071 946 1093 omnes

241 1113 636 1147 oppugnare**conat-etur.
696 1111 796 1143 Quod
839 1112 947 1142 miuus

243 1163 323 1198 apte
352 1160 522 1191 convenit.
571 1161 761 1192 Dicendum
785 1162 873 1193 enim
891 1172 947 1203 po-

243 1208 310 1239 tins
360 1209 479 1240 fuisset
525 1221 757 1251 expugnare—-
770 1217 943 1244 conaretur.

244 1260 351 1290 Clark.
401 1261 601 1301 obpugnaret
627 1263 763 1303 quidem
787 1270 948 1295 exaratur

242 1311 275 1341 in
304 1313 399 1342 Carr.
426 1312 555 1343 Lovan.
583 1323 622 1344 ac
651 1314 746 1344 Leid.
775 1324 842 1345 sec.
871 1324 946 1346 curn

242 1362 332 1392 Edu.
349 1363 443 1392 Med.
458 1362 543 1393 Ven.
558 1368 592 1393 et
610 1364 700 1394 Flor.
739 1364 804 1395 Sed
824 1366 947 1406 reliqui

243 1417 278 1443 et
296 1413 503 1454 antiquiores
533 1423 609 1444 cum
633 1415 759 1446 ceteris
777 1415 946 1456 Ed‹l.jam

243 1468 322 1494 ante
347 1464 470 1503 Scalig.
497 1463 626 1495 liabent
667 1464 854 1505 obpugnare,
885 1466 946 1496 nisi

245 1513 334 1555 quod
361 1514 393 1544 iu
420 1514 517 1545 Leid.
549 1524 599 1554 pr.
629 1515 670 1545 sit
702 1524 895 1555 expugnare,
928 1527 945 1547 e

246 1565 377 1596 (nossa.
440 1566 516 1595 Non
548 1565 661 1604 video,
693 1566 771 1607 quid
807 1566 946 1597 obstare

244 1617 353 1656 possit
381 1617 412 1647 in
441 1617 608 1648 locutione
637 1618 947 1658 obpugnare—eona-

243 1670 340 1706 retur‚
354 1667 374 1696 i.
394 1676 422 1697 e.
443 1667 468 1696 si
494 1672 657 1705 tentaret,
673 1678 788 1698 earum
817 1669 947 1699 urbium

245 1718 547 1757 oppugnationem.
595 1718 694 1748 Unde
712 1723 831 1749 contra
847 1721 949 1758 despe-

242 1778 314 1798 rare
341 1768 609 1808 obpugnationem,
633 1769 767 1810 quando
794 1770 948 1800 obsidere

245 1818 362 1849 urbem
388 1819 462 1859 quis
482 1819 692 1859 prohibetur,
709 1820 834 1861 legitur
850 1830 880 1851 c.
896 1824 947 1852 10.

245 1868 352 1899 Immo
367 1870 477 1908 plane,
495 1874 531 1899 ut
548 1870 613 1909 hic,
630 1871 678 1901 ita
694 1871 783 1910 apud
799 1871 948 1902 Hirtium

245 1919 286 1949 B.
307 1918 415 1950 Afric.
430 1930 461 1951 c.
480 1924 531 1951 29.
556 1922 564 1937 ⁶
584 1921 746 1961 oppidum
761 1922 948 1961 obpugnare,

248 1979 286 1999 ac
307 1970 336 1999 xi
355 1970 548 2011 inrumpere
564 1970 754 2001 conabatur!

291 2023 327 2050 17
365 2021 422 2059 El,
449 2021 522 2061 quid
558 2021 635 2063 fieri
668 2023 769 2060 vellet,
800 2022 949 2062 ostendit]

246 2071 370 2111 Vulgg.
399 2072 507 2112 ecquid
538 2071 617 2112 fieri
658 2074 762 2110 vellet,
802 2074 947 2104 ostendit.

245 2121 311 2153 Seri
331 2131 445 2152 omnes
463 2123 568 2153 (totid.
587 2129 790 2163 repugnant,
807 2133 948 2164 quormu

246 2173 488 2204 auctoritatem
531 2183 604 2203 sum
645 2179 793 2204 secutus.
837 2174 948 2204 Daris.

249 2225 304 2263 Et,
327 2225 413 2264 quid,
439 2228 490 2263 axj-e.
538 2224 592 2255 Ita
610 2225 760 2255 restituit
779 2225 951 2264 Davisius,

248 2275 543 2306 consentientibus
589 2276 672 2306 Mss.
716 2275 869 2306 omnibus
916 2280 949 2306 et

248 2325 354 2356 Editt.
382 2325 553 2366 plerisque
580 2325 765 2357 veteribus.
823 2326 951 2356 Vocem

247 2376 378 2413 miram,
403 2381 438 2406 et
466 2376 591 2407 Caesari
620 2385 756 2416 prorsus
791 2375 952 2415 ignotam,

247 2426 367 2464 ecquid,
393 2425 507 2456 intulit
523 2426 576 2456 hic
591 2426 706 2456 nescio
721 2426 816 2466 quis:
852 2436 951 2465 quem

248 2476 357 2506 secuti
371 2476 521 2513 Scaliger
534 2481 567 2506 et
583 2477 814 2506 Recentiores.
843 2477 950 2505 Clark.

249 2526 345 2557 Istud
362 2527 467 2566 ecquid
481 2526 522 2556 ab
541 2526 628 2556 Aldo
644 2526 847 2566 profectum,
864 2527 952 2567 quod

249 2577 439 2615 Manutius,
463 2576 684 2617 Scaligerque
722 2582 840 2607 contra
878 2577 953 2607 reli-

250 2638 333 2669 quas
351 2627 438 2658 Edd.
455 2632 491 2658 ct
518 2628 600 2659 Mss.
632 2637 746 2658 omnes
775 2638 814 2659 ac
838 2637 953 2659 sanum

249 2688 396 2717 sensum,
414 2683 447 2708 et
465 2677 683 2719 frequentem
702 2679 844 2709 Cat—saris
863 2680 952 2709 locu-

252 2728 377 2759 tionem
394 2728 504 2759 secuti
522 2733 610 2759 sunt.
655 2729 854 2760 sexcenties
872 2729 955 2760 dicit

251 2783 370 2809 auctor
392 2782 434 2819 et,
459 2779 534 2818 quid
550 2779 629 2820 fieri
655 2780 755 2822 vellet,
779 2784 837 2811 aut
867 2780 953 2819 velit,

705 209 846 240 Nor-E
880 210 1143 242 vARlORUM
1179 212 1230 242 1N

996 309 1140 339 ostendit.

1039 362 1080 388 22
1105 358 1142 389 Si
1156 360 1264 390 (cesar
1278 359 1340 390 iter
1355 360 1406 390 illo
1429 359 1565 400 haberet,
1580 364 1613 392 ut
1626 360 1696 392 nib-

996 409 1110 438 sidium
1127 409 1265 449 Scipioni
1283 409 1412 447 f,·erret
1435 411 1461 441 si
1477 411 1515 441 ab
1535 421 1588 442 ora
1603 413 1697 443 mari·

996 459 1088 498 tima]
1123 459 1227 499 Lege,
1248 461 1299 491 sin
1314 460 1352 490 ab
1375 472 1428 491 ora
1451 462 1620 501 maritima,
1643 463 1696 502 ἐξα.

997 507 1051 537 Sic
1076 509 1174 548 paulo
1191 514 1281 549 ante,
1307 511 1316 526 ‘
1332 512 1357 540 si
1375 511 1406 542 in
1423 512 1557 543 Italiam
1576 512 1698 543 transi-

998 563 1062 596 ret,
1077 559 1125 589 εἰη
1150 559 1389 600 Apolloniam,’
1403 564 1467 592 ἃς.
1494 563 1541 592 ita
1563 572 1698 603 semper

997 608 1179 649 loquuntur
1204 609 1322 649 optimi
1339 611 1534 652 scriptores,
1552 619 1589 644 ut
1606 622 1696 654 saepe

997 659 1195 691 monuimus.
1240 659 1356 692 Daeis.
1402 671 1475 692 cur.
1505 673 1571 694 sec.
1619 664 1696 695 Hoc

997 710 1082 741 adeo
1094 716 1297 751 perpetuum
1311 721 1377 742 non
1390 717 1455 750 est,
1468 717 1505 743 ut
1518 722 1583 743 non
1594 714 1698 744 etiam

995 761 1021 790 si
1046 761 1079 790 in
1096 760 1322 800 disjunctione
1341 766 1514 802 repetant:
1553 772 1700 803 praeces-

997 810 1053 849 sit,
1066 811 1092 840 si
1111 811 1277 850 Pompeius
1291 812 1393 842 eodem
1406 812 1650 851 contenderet,si
1665 813 1699 844 in

997 861 1123 891 Italiam
1139 862 1300 900 transiret,
1323 862 1371 892 sin
1398 863 1500 902 Apoll.
1528 862 1583 893 ubi
1601 863 1700 903 pleri-

998 921 1061 952 que
1079 916 1113 941 et
1131 911 1248 951 optimi
1262 913 1365 942 etiam
1387 913 1531 944 Codices
1546 914 1585 944 si.
1633 914 1698 944 Im-

998 971 1051 991 mo
1070 962 1145 992 vide
1163 962 1205 991 ad
1224 971 1287 992 vn.
1316 965 1366 992 66.
1390 968 1426 993 et
1453 963 1534 993 alibi
1563 963 1699 1003 saepius.

1000 1011 1069 1042 Pro
1085 1011 1210 1042 liaberet
1227 1012 1388 1043 Ciaccon.
1406 1013 1545 1053 conjicit
1572 1011 1700 1044 frustra

997 1061 1121 1100 habeat,
1139 1062 1218 1103 quia
1234 1062 1267 1092 in
1280 1072 1339 1101 suo
1356 1063 1484 1093 invenit
1501 1062 1642 1095 habebat.

1043 1121 1169 1144 Lxxrx.
1208 1116 1223 1143 l
1252 1114 1295 1143 Et
1326 1114 1390 1144 suis
1413 1117 1448 1143 ut
1470 1117 1544 1144 esset
1568 1114 1703 1155 auxilio]

998 1162 1054 1193 Sic
1072 1163 1155 1193 Mss.
1180 1162 1268 1204 ch.
1285 1164 1411 1194 Elieus.
1429 1169 1463 1195 et
1479 1164 1601 1195 Vossii.
1624 1165 1701 1195 Ele-

998 1216 1129 1251 ganter.
1158 1212 1251 1243 Editi
1276 1213 1433 1252 studebat,
1461 1219 1499 1245 ut
1527 1214 1595 1245 suis
1625 1218 1703 1245 esset

999 1264 1129 1294 auxilio.
1171 1265 1278 1294 Clark.
1339 1265 1384 1294 Et
1409 1265 1475 1296 suis
1502 1268 1536 1296 ut
1568 1265 1703 1307 reposui

999 1314 1205 1345 auctoritate
1233 1316 1403 1346 Mstorum
1427 1325 1575 1347 meorum
1598 1316 1703 1348 omni-

999 1375 1065 1406 um,
1094 1366 1215 1397 Petav.
1240 1366 1312 1397 Pal.
1337 1367 1449 1407 Bong.
1473 1366 1593 1398 Leidd.
1612 1367 1702 1399 Scal.

998 1416 1126 1447 Lovan.
1142 1421 1177 1447 et
1192 1417 1315 1449 Vossii.

1042 1470 1060 1497 3
1088 1470 1243 1498 (cesarem
1258 1468 1424 1508 Apollonia
1436 1468 1552 1498 directo
1563 1468 1601 1498 it.
1615 1477 1702 1499 arer-

999 1518 1094 1558 terat]
1117 1517 1260 1548 Variant
1277 1518 1361 1548 Mss.
1376 1523 1410 1548 et
1427 1518 1532 1549 Editi.
1580 1520 1703 1559 Vulga-

1001 1572 1034 1597 ta
1049 1566 1207 1607 profluxit
1225 1578 1245 1598 a
1266 1569 1449 1608 Beroaltlo,
1464 1578 1563 1609 quem
1580 1568 1702 1609 Aldus,

999 1618 1101 1648 Basil.
1127 1618 1259 1649 Manut.
1278 1618 1440 1659 Scaliger,
1458 1624 1493 1650 et
1515 1619 1635 1661 reliqui
1653 1629 1703 1651 se-

1000 1667 1069 1698 cuti
1087 1672 1176 1698 suut.
1223 1668 1290 1698 Sed
1306 1673 1424 1699 contra
1455 1669 1538 1699 Mss.
1558 1669 1703 1700 auctori·

1001 1722 1115 1747 tatem.
1145 1718 1184 1749 R.
1211 1718 1402 1759 Stephanus
1444 1719 1552 1750 edidit
1597 1721 1704 1775 Coesffir

1000 1768 1195 1808 Apolloniam
1217 1779 1235 1798 α
1263 1769 1323 1800 dir.
1341 1774 1443 1810 atque
1468 1769 1516 1800 ita
1540 1775 1651 1801 exstat
1669 1771 1703 1801 in

1000 1819 1164 1858 Bongars.
1212 1819 1326 1850 Minus
1352 1819 1450 1858 bene,
1473 1820 1553 1851 licet
1579 1820 1703 1860 Apollo-

1000 1870 1085 1900 niam
1109 1870 1153 1900 sit
1178 1880 1311 1910 quoque
1345 1870 1376 1900 iu
1405 1871 1512 1901 tribus
1540 1881 1703 1903 meorum.

1001 1922 1029 1952 A
1057 1924 1141 1951 recto
1170 1922 1206 1952 it.
1236 1926 1289 1952 est
1318 1922 1352 1952 in
1384 1922 1496 1953 Palat.
1525 1922 1640 1953 Brant.
1668 1926 1704 1953 et

1003 1972 1097 2002 Leid.
1136 1981 1202 2002 sec.
1271 1972 1365 2002 Recto
1396 1972 1467 2003 itin.
1503 1972 1705 2012 simpliciter

1002 2022 1128 2052 Lovan.
1147 2021 1236 2052 unde
1255 2021 1307 2052 Ill.
1346 2021 1506 2053 Heinsius
1523 2021 1705 2063 adscripsit

1000 2074 1037 2102 de
1063 2076 1144 2103 recto
1174 2072 1243 2103 itin.
1273 2071 1361 2112 quod
1395 2077 1429 2102 et
1461 2072 1641 2103 Ciacconio
1672 2072 1705 2102 in

1002 2128 1150 2153 mentem
1178 2126 1332 2160 venerat,
1359 2122 1415 2162 qui
1446 2122 1560 2161 etiam,
1577 2122 1654 2163 qnia
1670 2123 1705 2153 in

1003 2173 1129 2203 Codice
1147 2172 1289 2202 Achillis
1310 2172 1410 2202 Statii
1428 2177 1503 2202 erat
1518 2173 1708 2212 adverterat,

1002 2224 1209 2264 conjiciebat
1242 2226 1349 2254 Coesar
1389 2224 1585 2264 Apolloniam
1623 2227 1706 2254 recto

1002 2275 1078 2305 itin.
1095 2275 1277 2305 diverterat.
1314 2275 1440 2305 Rectus
1459 2273 1577 2304 fuisset
1589 2274 1706 2305 dez-ert.

1004 2325 1092 2355 Vide
1115 2324 1155 2355 ad
1184 2325 1268 2355 Luc.
1294 2333 1335 2354 11.
1363 2327 1437 2354 470.
1460 2324 1469 2339 ‘
1487 2323 1706 2364 devertitque

1003 2374 1118 2406 acics.⁹
1165 2373 1338 2404 Audacius
1367 2373 1456 2403 idem
1478 2373 1619 2413 conjicit
1638 2375 1707 2404 (Ἰε-

1002 2435 1055 2455 sar
1067 2424 1103 2454 ab
1120 2424 1283 2464 Apollonia
1298 2426 1414 2454 rectum
1431 2423 1492 2454 iter
1514 2433 1561 2454 ar.
1585 2422 1664 2463 quia
1681 2432 1706 2454 1.

1006 2478 1056 2506 14.
1087 2475 1179 2505 ‘iter
1205 2473 1247 2504 ab
1273 2473 1381 2504 Arare
1409 2473 1562 2504 Helvetii
1579 2478 1710 2504 averte-

1004 2523 1103 2554 rant.’
1150 2524 1277 2554 Verum
1295 2524 1379 2554 Mss.
1398 2523 1553 2554 meliores
1578 2527 1613 2553 ct
1639 2523 1710 2563 ple-

1005 2575 1099 2615 rique
1115 2574 1275 2612 retinent,
1293 2576 1445 2604 Caesarem
1469 2573 1649 2613 Apollonia:
1672 2577 1710 2604 et

1003 2636 1021 2656 a
1043 2625 1104 2655 dir.
1131 2626 1182 2656 vel
1207 2636 1225 2655 a
1252 2627 1373 2655 derecto
1404 2625 1519 2655 itinere
1548 2629 1657 2656 restat
1674 2624 1710 2655 in

1005 2677 1089 2707 Mss.
1120 2677 1232 2707 Ciacc.
1257 2677 1379 2707 Petav.
1413 2676 1490 2716 Cuj.
1523 2676 1621 2706 Lcid.
1653 2685 1708 2716 pr.

1004 2728 1101 2758 Voss.
1115 2732 1150 2758 et
1173 2727 1260 2758 Edd.
1279 2726 1407 2767 primis,
1423 2727 1563 2757 Vascos.
1586 2726 1707 2766 Stepb.

1006 2778 1149 2820 Gryphii
1188 2779 1352 2820 aliisque:
1401 2777 1491 2819 quod
1536 2780 1703 2809 mutatum
