1850 3109
470 198 575 228 cAr.
605 186 677 227 64.
714 196 807 225 ΜΒ.
833 196 897 226 DE
929 196 1087 226 Brinno
1120 197 1272 228 ArAEx.

148 293 249 336 Hisp.
267 304 296 326 c.
312 297 344 326 3.
359 293 510 334 consule,
535 301 685 332 quosque
708 296 845 322 secutus

144 355 231 377 sum.
277 345 343 375 Adi
359 344 460 374 etiam
476 343 580 374 Snrit.
597 342 638 373 ad
664 342 792 373 Anton.
810 352 842 382 p.

145 399 221 430 412.
270 395 371 427 Ullam
399 400 510 425 tamen
549 393 676 435 ubique
705 398 845 425 servant

146 447 232 479 Mas.
253 447 343 477 Ulam
361 444 446 475 End.
466 454 521 484 pp.

191 501 230 529 lo
257 498 300 527 Ut
326 499 356 526 et
382 496 440 526 loci
471 497 607 534 Natura,
623 513 709 518 —-—
733 496 844 536 etipsa

143 546 326 586 munitione]
343 546 425 577 Mss.
442 550 477 576 et
495 546 604 577 Editt.
620 546 717 577 Vett.
742 550 776 577 ut
792 551 845 578 est

142 599 200 630 laci
211 601 416 634 autumn—nt
431 597 497 637 ipsa
509 597 688 633 munitione,
699 598 752 636 85⁶·
777 598 843 628 Sed

143 653 284 689 proestat
302 647 438 684 vulgata
453 647 569 678 lectio.
598 648 706 678 Clark.
732 647 843 678 Etiam

140 699 207 731 mei
229 709 357 730 omnes.
404 699 497 729 Male
529 708 549 729 a
580 698 844 730 Recentioribns

143 749 342 792 quibusdam
362 755 396 780 et
415 749 534 780 Davis.
554 748 638 780 Edd.
663 750 797 780 exsulat
812 752 844 780 et

142 805 222 832 ante
237 801 306 831 loci.

185 853 223 883 11
253 852 293 882 In
314 851 398 882 edito
420 850 498 891 loco]
520 850 576 882 Sic
601 851 667 881 ΜΞ.
684 851 769 890 Reg.
787 849 843 881 ΑΙ.

139 902 172 933 in
190 901 270 933 edito
286 908 414 933 monte.
452 901 549 933 Quod
567 902 654 932 idem
675 906 739 931 est.
777 901 843 932 Sed

141 952 482 993 interpretamentum
500 952 574 992 plus
592 952 691 992 sapit.
735 952 843 983 Clark.

143 1003 230 1034 Haec
259 1002 439 1033 innovandi
469 1006 522 1033 est
553 1003 703 1043 prurigo.
748 1003 845 1034 Edita

140 1055 241 1082 monte
258 1057 393 1082 servant
409 1052 475 1083 mei
488 1061 614 1084 omnes.
630 1062 659 1083 c.
673 1056 726 1083 72.
742 1054 751 1069 ‘
767 1053 843 1083 Edi-

141 1102 289 1133 tissimus
304 1102 422 1133 collis.'

185 1155 223 1182 15
243 1152 434 1183 Necessitate
449 1155 493 1182 est
517 1153 688 1187 adducta-35
709 1157 744 1183 ut

144 1201 364 1233 Cordubenses.
382 1201 528 1232 Castellis
539 1201 744 1242 idontis,85c.]
759 1203 843 1233 Cum

140 1252 225 1283 illud
266 1253 408 1283 Castellis
437 1252 570 1292 idoneis,
601 1253 654 1291 δῖε.
693 1252 843 1283 nonnihil

139 1302 288 1333 hiulcum
303 1301 458 1333 videatur
472 1312 481 1340 ;
499 1302 692 1333 concinnior
705 1300 795 1334 forte
809 1308 845 1333 et

141 1352 328 1393 elegantior
344 1352 407 1383 erit
423 1351 544 1391 oratio,
561 1351 601 1386 si.
622 1352 744 1383 omissa
760 1362 845 1383 voce

140 1407 198 1442 est,
230 1409 265 1435 et
294 1408 425 1435 mutata
460 1403 747 1444 interpunctione,
780 1404 843 1435 hoc

139 1455 241 1487 modo
270 1455 441 1493 legamus:
475 1456 657 1486 necessitate
682 1457 844 1495 adductus,

139 1509 174 1536 vt
294 1506 525 1542 Cordubenses,·
554 1507 688 1537 castellis
714 1506 844 1547 idoneis,

139 1558 192 1596 23⁸0.
236 1557 276 1587 In
294 1557 362 1587 Ms.
380 1558 487 1597 Regio
505 1563 570 1597 est,
593 1559 776 1589 necessitate
792 1564 843 1590 cst

139 1607 302 1646 adductus,
317 1611 351 1638 ut
364 1625 450 1630 ———
466 1609 691 1640 Cordubenses:
715 1610 845 1641 Castel-

140 1657 262 1698 lisque,
292 1659 344 1697 850.
391 1659 498 1689 Clark.
537 1659 628 1690 Nihil
659 1659 760 1690 hiulci
788 1660 844 1691 hic

141 1708 254 1739 video.
300 1708 429 1748 Incipit
453 1710 542 1740 enim
569 1719 655 1740 nova
684 1711 792 1741 oratio
810 1715 846 1742 et

141 1758 312 1798 periodus.
358 1759 407 1790 Ut
424 1760 585 1791 orationis
602 1770 709 1792 nexus
732 1760 845 1799 fieret,

140 1809 271 1840 librarii
319 1810 470 1840 nonnulli
519 1820 578 1850 que
616 1811 843 1842 inseruerunt.

141 1859 242 1893 Quod
259 1859 372 1890 inveni
399 1860 501 1890 etiam
526 1861 558 1891 in
588 1862 744 1892 Leidens.
774 1872 843 1893 sec.

141 1910 211 1942 Sed
226 1919 291 1941 non
308 1911 500 1941 necessaria
518 1911 600 1942 talia
615 1917 693 1942 sunt
708 1911 830 1944 fulcra.

184 1970 278 1993 an.
291 1965 312 1993 6
324 1962 644 2003 Marcellofavebant]
655 1964 732 1994 Non
745 1964 843 1996 male.

140 2011 208 2043 Sed
236 2011 320 2043 Mss.
344 2012 483 2042 aliorum
508 2013 614 2044 lectio
631 2023 842 2055 nequaquam

141 2067 195 2094 est
209 2063 412 2103 spernenda.
461 2064 550 2094 Nam
573 2064 691 2104 Cujac.
719 2065 841 2105 Scalig.

141 2113 270 2144 Lovan.
287 2114 480 2152 Lefflenses,
493 2117 638 2147 Dorvill.
656 2117 736 2148 daut
755 2119 843 2148 Mar-

142 2162 417 2202 cellnmsorebanss
431 2165 451 2194 i.
468 2175 498 2196 e.
516 2167 688 2206 colebant,
706 2175 740 2198 et
753 2170 843 2199 omni

142 2222 180 2244 re
209 2213 376 2252 juvabant.
429 2215 550 2246 Cicero
582 2217 623 2246 ad
655 2218 698 2250 Q.
733 2218 843 2250 Fratr.

142 2273 198 2295 111.
217 2267 246 2294 l.
263 2265 280 2304 ᾗ
295 2267 326 2295 3.
343 2266 352 2280 ‘
364 2264 483 2296 scribis
498 2265 540 2296 de
557 2266 701 2297 Caesaris
715 2277 844 2299 summo

144 2323 225 2354 erga
240 2323 297 2345 nos
314 2324 438 2346 amore.
478 2315 580 2347 Hunc
599 2321 633 2347 et
650 2322 686 2347 tu
703 2315 846 2357 fovebis,

144 2369 180 2395 et
207 2373 280 2403 nos,
306 2365 573 2405 quibuscumque
590 2368 777 2406 poterimus
795 2377 846 2398 re-

145 2414 220 2455 bus,
248 2416 469 2455 augebimus!
517 2417 618 2448 Ovid.
650 2418 736 2448 Met.
768 2426 844 2448 xiv.

144 2467 219 2498 333.
266 2466 352 2496 ‘lile
380 2465 475 2498 fovet
500 2467 682 2507 Nymphon
696 2468 715 2505 ;'
740 2474 777 2499 ut
795 2469 846 2500 Cl.

145 2516 261 2549 Burin.
289 2516 419 2547 edidit:
445 2518 544 2558 vulgo
575 2518 656 2549 colit.
685 2519 777 2550 Fast.
805 2528 845 2550 11.

145 2566 199 2596 42.
232 2567 242 2583 ⁴
260 2566 424 2596 credulus
441 2567 598 2598 innierita
632 2568 775 2599 Phasida
801 2568 847 2599 fo-

146 2613 196 2645 vit
224 2615 313 2654 ope.'
368 2616 494 2647 verum
527 2617 572 2647 ibi
606 2619 688 2649 Mss.
720 2619 847 2650 habent

139 2662 225 2701 juvit
239 2675 249 2695 .-
273 2666 361 2705 qnod
378 2666 467 2697 idem
485 2668 587 2699 valet.

191 2715 211 2743 S
232 2714 360 2745 Acriter
382 2716 555 2757 crebroque,
580 2721 615 2748 ut
637 2720 764 2759 accidit,
776 2720 847 2757 sor-

147 2765 223 2796 tuna
248 2773 341 2806 serpe,
366 2766 436 2807 δικ]
464 2767 587 2808 Miror,
612 2772 680 2800 tam
695 2770 847 2812 ineptam

1488 189 1600 231 1567

894 290 1105 329 ταυτολογίαν
1131 300 1152 322 a
1178 292 1258 322 viris
1285 291 1395 324 doctis
1425 303 1492 324 non
1523 305 1601 335 pro-

896 342 1059 382 scriptam
1091 342 1216 380 fuisse;
1241 343 1341 373 immo
1368 342 1409 373 ab
1428 344 1514 374 Edd.
1532 346 1599 384 pri-

897 392 1158 432 mis‚stephano
1186 398 1220 423 et
1247 393 1319 423 aliis
1348 394 1446 433 pejus
1470 394 1599 425 editum

895 442 997 473 fnisse
1023 443 1139 473 uerita
1152 455 1161 473 :
1184 442 1347 482 crebroque
1359 446 1392 473 ut
1409 443 1523 474 accidit
1532 443 1601 481 sor-

895 497 969 524 tuna
994 503 1083 534 scepe.
1139 493 1231 525 Quid
1260 493 1346 524 enim
1377 493 1441 523 liuc
1471 492 1600 525 faciunt

894 548 930 575 at
955 545 1069 575 accidit
1085 550 1120 575 et
1135 542 1243 584 soepe?
1270 545 1362 584 Lege
1377 551 1410 574 et
1428 544 1600 584 distingne

896 596 936 626 P.
964 599 1027 626 atr.
1055 596 1191 626 acriter.-
1230 595 1402 635 Crebraque
1419 596 1452 626 id
1474 595 1601 635 accidit,

887 645 1021 683 fortuna
1036 656 1117 686 soepe
1132 647 1171 676 ad
1193 650 1256 676 uer.
1282 647 1444 676 victoriam
1467 645 1601 684 transse-

894 700 991 727 rente.
1036 696 1092 727 Sic
1117 697 1208 727 enirn
1232 702 1284 727 est
1309 697 1341 726 in
1365 697 1486 727 Petav.
1510 697 1600 728 Scal.

897 746 1134 786 Leidensibus,
1151 748 1277 778 Lovan.
1296 752 1331 777 et
1360 748 1502 779 Dorvill.
1526 748 1601 778 vul-

896 806 938 837 go
953 798 1055 828 etiam
1072 797 1185 836 transf.
1201 798 1372 828 victoriam.

940 857 1042 879 Lxm.
1063 851 1100 879 14
1121 848 1335 888 Permaneret]
1358 848 1448 879 Mire
1464 847 1519 879 hic
1535 858 1600 879 ω’-

895 899 1018 930 eutivit
1037 899 1264 938 Rhellicanns,
1281 898 1337 939 qui
1353 898 1425 929 hoec
1443 899 1485 929 ad
1504 899 1602 939 Lepi-

895 949 975 980 dum
1006 948 1126 989 refert,
1157 950 1398 989 sententiamque
1428 949 1601 990 intelligit,

895 999 966 1040 ejus
991 1000 1184 1040 propositum
1209 1001 1281 1031 lites
1307 999 1496 1030 ‹lim'mendis
1523 1009 1600 1030 cum

895 1049 1075 1081 manifesto
1093 1050 1227 1081 dicatur
1250 1050 1402 1080 sententia
1427 1049 1498 1080 sive
1523 1059 1601 1080 con—

894 1101 1004 1132 silium
1033 1101 1140 1132 Cassii
1165 1100 1270 1141 ipsius
1297 1100 1341 1131 de
1364 1099 1440 1131 bello
1463 1099 1602 1130 contiuu-

894 1154 985 1182 ando.
1033 1152 1141 1182 Clark.

939 1204 979 1231 16
1007 1201 1185 1231 Constituta
1208 1210 1300 1240 opera
1323 1211 1415 1240 quum
1429 1202 1604 1240 complana-

894 1251 976 1292 rent]
991 1252 1071 1283 Non
1092 1251 1178 1282 male
1205 1251 1330 1282 Petav.
1360 1250 1419 1281 dat
1444 1251 1600 1282 instituta.

896 1303 1041 1334 Consule
1057 1307 1176 1333 notata
1191 1302 1233 1333 ad
1251 1303 1292 1333 B.
1307 1302 1350 1333 G.
1366 1311 1407 1332 11.
1422 1305 1475 1333 30.
1500 1306 1508 1319 ‘
1526 1303 1600 1333 Ma·

895 1353 1044 1384 chinatio
1061 1352 1323 1384 institueretur.’
1369 1352 1448 1383 Non
1476 1362 1602 1395 sequor

895 1408 1020 1434 tamen.
1064 1403 1154 1434 Dein
1171 1413 1262 1443 quum
1278 1403 1376 1433 abest
1394 1413 1413 1432 a
1430 1403 1514 1433 Mss.
1531 1413 1602 1434 om-

895 1453 994 1484 nibus
1011 1458 1046 1484 et
1063 1452 1150 1483 Edd.
1169 1453 1298 1493 primis,
1325 1452 1408 1483 item
1425 1452 1600 1492 Beroaldi,

894 1505 1034 1535 Vascos.
1061 1503 1181 1544 Stepll.
1207 1503 1340 1544 Gryph.
1368 1508 1455 1543 post.
1472 1509 1601 1543 praeter

895 1555 1018 1586 Petav.
1047 1556 1080 1585 in
1109 1565 1173 1596 quo
1201 1566 1292 1595 quum
1314 1555 1491 1595 plantarent.
1539 1555 1602 1586 Co-

895 1606 1031 1647 rippum
1062 1617 1156 1637 usum
1187 1616 1260 1637 esse
1287 1604 1435 1646 simplici
1463 1606 1602 1647 planare,

896 1657 1024 1686 Lexiea
1040 1657 1176 1687 docent.

940 1716 1038 1737 Lxu'.
1055 1710 1074 1737 3
1094 1708 1219 1737 Cassius
1233 1717 1299 1738 cum
1315 1708 1379 1738 suis
1391 1709 1602 1750 proficiscitur

899 1757 1022 1797 Carm.]
1055 1757 1111 1788 Sic
1130 1759 1262 1798 reposui
1280 1769 1355 1789 cum
1374 1761 1414 1791 R.
1430 1761 1549 1800 steph.
1566 1765 1602 1790 et

898 1808 963 1838 Ms.
992 1808 1113 1849 Scalig.
1160 1810 1237 1842 Quo
1266 1808 1396 1841 faciunt
1423 1811 1497 1852 an.
1522 1812 1600 1842 Pet.

897 1859 993 1890 Leid.
1027 1869 1076 1900 pr.
1107 1860 1203 1891 Voss.
1232 1860 1267 1893 in
1296 1861 1414 1901 quibus
1444 1872 1512 1892 cum
1538 1861 1603 1891 suis

897 1910 1025 1940 Cassius
1037 1909 1121 1950 prof.
1169 1911 1271 1941 Cassii
1288 1920 1410 1941 nomen
1427 1910 1461 1942 iu
1485 1911 1602 1942 multis

897 1961 1003 1992 deest.
1049 1960 1137 1991 vide
1153 1961 1346 1993 Variantes.

943 2012 1146 2052 carmanum]
1160 2012 1304 2043 Codices
1317 2016 1478 2053 corrupte
1490 2023 1498 2050 ;
1516 2012 1603 2043 Nar-

897 2062 1014 2094 bonem.
1055 2063 1162 2094 Unde
1183 2063 1415 2103 Glandorpius
1436 2063 1601 2102 reposuit,

904 2114 1078 2145 Bardonem
1115 2114 1168 2144 vel
1209 2115 1401 2149 Cardonem;
1442 2113 1604 2153 Scaliger,

899 2165 1096 2194 Car-monam.
1123 2165 1230 2196 Clark.
1258 2164 1436 2195 Narbonam
1449 2164 1534 2195 Mss.
1548 2174 1605 2195 ve-

896 2215 1066 2245 iustiores.
1094 2214 1164 2245 Alii
1177 2215 1355 2246 Narbonem
1367 2215 1422 2246 sab
1435 2216 1513 2246 idem
1527 2218 1602 2246 tem-

894 2276 963 2304 pus,
992 2266 1051 2296 sed
1077 2268 1275 2305 Carmonem,
1301 2272 1339 2297 nt
1366 2255 1468 2306 supra
1495 2276 1525 2297 c.
1550 2269 1602 2297 57.

897 2321 1027 2346 rectum
1053 2317 1189 2347 videtur
1205 2327 1212 2347 :
1240 2317 1409 2357 quomodo
1426 2316 1552 2348 ibidem
1568 2327 1603 2348 e·

896 2366 977 2396 tiam
997 2366 1214 2397 Rhellicanns
1231 2367 1393 2408 conjecit.
1434 2367 1530 2399 Idem
1544 2377 1603 2399 ve-

896 2425 934 2447 ro
950 2416 1005 2447 hic
1023 2417 1089 2447 lovi
1116 2416 1252 2448 Norbam
1274 2418 1419 2457 mavult,
1443 2423 1482 2449 ut
1506 2418 1604 2449 intel-

895 2466 1018 2499 ligatur
1045 2467 1162 2498 Norba
1189 2468 1347 2499 Caesarea
1365 2469 1396 2499 in
1415 2469 1602 2501 Lusitania.

896 2517 963 2547 Sed
980 2517 1119 2548 nimium
1137 2518 1244 2548 distat
1260 2518 1331 2549 hal-c
1353 2529 1372 2549 a
1387 2517 1489 2548 fluvio
1511 2518 1602 2549 Baeti

895 2573 932 2598 et
951 2568 1110 2600 Corduba:
1137 2569 1194 2599 ubi
1211 2569 1283 2600 haec
1299 2575 1392 2609 gesta
1405 2574 1495 2599 sunt.
1510 2567 1601 2599 Vide

896 2630 923 2650 c.
941 2623 994 2651 59.
1042 2620 1183 2650 Norbam
1211 2625 1323 2650 tamen
1352 2620 1532 2650 intextum
1549 2628 1601 2649 re-

896 2671 989 2711 cepit
1005 2671 1208 2711 Stephanus.
1256 2671 1442 2700 Carmonam
1463 2669 1601 2700 Ciacco-

895 2721 971 2752 nius
987 2722 1057 2761 jum
1075 2721 1163 2752 vidit
1179 2720 1357 2761 legendnm
1375 2729 1447 2749 esse
1462 2729 1470 2749 t
1497 2719 1601 2750 immo

896 2776 933 2803 et
970 2771 1213 2811 Glandorpius.
1266 2770 1333 2803 Qui
1370 2769 1474 2802 etiam
1512 2768 1602 2804 hene
