1850 3109
265 176 374 219 1764
690 189 726 218 J.
759 188 897 218 censi
931 188 1279 218 comtssmuxssit

263 281 378 318 situm
399 280 572 319 intuens:
605 294 708 320 nunc
738 281 896 318 ⁵⁹minus
926 286 963 317 et
993 287 1084 318 tunc
1119 282 1194 318 tela
1217 280 1367 329 jaciens
1394 281 1526 325 indies,
1563 280 1717 330 propin-

264 345 348 396 quis
370 345 501 382 castris
522 345 736 395 obequitat,
757 351 796 381 et
818 344 1008 381 Labienus
1038 343 1074 380 in
1109 351 1232 382 castra
1253 358 1332 381 sese
1353 345 1568 388 continens,
1600 343 1722 393 majo-

261 421 342 446 rem
363 408 534 458 quotidie
555 415 698 446 metum
722 407 850 457 fingit:
883 407 1081 456 magisque
1101 414 1137 444 et
1160 408 1278 456 magis
1298 408 1464 445 bostium
1486 408 1623 445 crescit
1651 420 1717 444 au-

261 470 386 516 dacia,
408 471 532 508 donec
560 469 822 507 ⁶0intermissis
851 469 1071 506 clanculum
1105 470 1302 519 equitibus
1334 471 1558 521 intempesta
1591 480 1716 515 noete,

261 542 301 572 et
320 548 359 572 re
379 548 528 572 summo
548 533 677 572 studio
697 545 912 583 suppressa,
936 539 977 570 ut
997 545 1068 570 nec
1089 533 1192 577 sciri,
1215 545 1285 570 nec
1307 534 1389 570 ullis
1409 535 1559 572 indiciis
1589 542 1718 583 posset

262 598 421 648 intelligi
439 613 447 635 :
479 610 627 634 reversa
660 597 745 634 luce
766 598 846 647 ipse
866 597 979 634 etiam
1011 596 1303 634 Induciomarus
1324 611 1370 634 ex
1392 611 1495 634 more
1517 598 1719 635 revertitur

260 668 297 699 et
318 661 471 698 insultat
492 661 640 705 castris,
662 661 840 709 intraque
868 658 1042 697 ⁶'vallem
1065 660 1139 697 tela
1153 660 1353 708 jaciuntur
1384 674 1405 697 a
1435 661 1525 705 suis,
1556 668 1593 698 et
1626 674 1718 698 con-

261 725 486 762 temtissime
507 725 670 762 Romani
692 724 830 761 milites
861 723 946 760 altis
979 723 1140 760 vocibus
1172 723 1219 759 :ul
1253 724 1427 773 prselium
1461 724 1714 761 advocantur.

260 789 472 826 obstinato
493 789 544 825 illi
564 788 714 826 silentio
735 802 816 825 sese
834 793 976 824 tenent.
1033 786 1172 824 ⁶2Gntti
1203 787 1290 823 loco
1312 788 1467 824 militum
1491 788 1579 824 nibil
1602 788 1718 825 hosti-

261 864 324 889 um
357 852 580 897 tribuentes,
619 851 772 888 tandem
808 850 855 887 ad
896 862 1092 899 vesperam
1129 857 1170 886 ut
1200 850 1372 887 solebant
1398 850 1590 888 ⁶³scaudio
1628 851 1717 889 fessi

258 915 419 966 sparsim
440 916 606 953 abeunt:
640 928 737 965 quos
759 915 825 952 ubi
845 915 920 951 late
941 914 1084 951 effusos
1119 914 1307 951 Labienus
1340 914 1450 958 vidit,
1485 915 1614 952 subito
1646 928 1716 964 pa-

257 978 408 1016 tefactis
422 985 634 1016 castrorum
658 979 777 1028 portis
797 991 995 1027 erumpere
1015 977 1229 1026 equitatum
1246 978 1375 1024 jubet,
1405 978 1717 1028 praesagierisque

259 1041 362 1092 quod
384 1042 550 1086 accidit;
583 1042 761 1086 ‘Nemo‚’
789 1042 924 1091 inquit,
956 1041 1147 1090 ‘aliquem
1179 1041 1303 1086 feriat,
1325 1041 1449 1079 donec
1472 1041 1716 1079 Inducioma-

249 1119 320 1143 rus
341 1105 564 1144 interfectus
583 1105 644 1151 sit,
680 1119 727 1143 ne
762 1105 858 1143 forte
891 1106 982 1143 alios
1009 1105 1182 1142 feriendo
1202 1105 1260 1142 ille
1281 1106 1444 1154 spatium
1468 1105 1606 1143 lrabeat
1626 1119 1714 1143 eva-

257 1169 372 1207 dendi
387 1172 409 1206 :’
455 1176 582 1207 tamen
627 1170 781 1219 praemia
821 1169 1141 1207 interficientibus
1176 1170 1359 1219 proponit
1398 1169 1580 1218 iugentia:
1625 1182 1713 1206 mox

257 1233 418 1283 egressis
446 1233 661 1283 equitibus,
692 1233 904 1270 electorum
939 1233 1111 1283 peditum
1144 1233 1337 1269 submittit
1363 1232 1514 1276 auxilia,
1547 1239 1586 1268 ut
1613 1232 1714 1281 jussi

257 1303 364 1333 erant
384 1295 542 1334 faciunt.
596 1294 806 1345 6⁴Inopiam
839 1296 1067 1345 repert-uisis
1102 1309 1146 1332 ac
1178 1295 1413 1343 fugientibus
1449 1296 1636 1341 hostibus,
1666 1309 1713 1333 ex

257 1358 419 1396 adverso
440 1366 569 1396 autem
604 1359 640 1395 in
671 1372 790 1395 unum
822 1359 973 1396 intentis
995 1359 1186 1403 omnibus,
1218 1359 1252 1395 in
1275 1359 1400 1396 medio
1421 1359 1584 1397 fluminis
1604 1361 1712 1397 alveo

256 1423 555 1460 Induciomarus
576 1422 861 1460 circumventus
881 1422 1082 1468 occiditur,
1111 1422 1224 1472 [103]
1252 1430 1370 1472 caput
1403 1431 1579 1462 truncum
1606 1425 1714 1463 Labi-

257 1499 330 1524 eno
351 1493 589 1536 reportatum
609 1492 690 1524 est:
721 1486 807 1523 hinc
828 1486 863 1522 in
885 1492 1046 1523 caeteros
1068 1486 1194 1523 factus
1214 1492 1272 1523 est
1293 1486 1455 1535 impetus
1473 1499 1519 1524 ac
1540 1488 1711 1536 plurimis

257 1549 483 1595 interfectis,
514 1564 596 1588 sero
626 1549 790 1587 reditum
826 1550 864 1587 in
895 1557 1043 1588 castra:
1075 1563 1114 1588 re
1149 1557 1189 1587 ut
1221 1557 1303 1587 erat
1336 1551 1371 1586 iu
1406 1552 1541 1601 vulgus
1575 1551 1711 1597 effusa,

256 1615 454 1652 Eburones
477 1613 612 1664 populi
632 1613 695 1650 atii
716 1614 781 1663 qui
805 1613 1062 1651 induciomari
1084 1615 1234 1651 hortatu
1265 1614 1448 1658 coierant,
1482 1621 1518 1651 et
1540 1615 1575 1651 in
1597 1616 1711 1653 armis

254 1685 374 1721 erant,
395 1678 514 1715 territi
534 1677 781 1715 dilabuntur:
813 1684 851 1715 et
871 1691 916 1714 ex
938 1678 1004 1715 illo
1024 1677 1264 1728 aliquamdiu
1287 1671 1467 1727 paeneior
1487 1679 1615 1716 Gallia
1633 1679 1711 1716 Ro-

254 1742 374 1779 manis
395 1741 562 1779 (lucibus
581 1741 663 1777 fuit.

307 1806 447 1856 Neque
467 1805 524 1842 his
545 1812 671 1842 tamen
692 1804 786 1842 fisus
809 1806 940 1842 Caesar
971 1811 1010 1843 et
1038 1805 1239 1842 Gallorum
1261 1819 1381 1844 mores
1401 1806 1627 1857 animosque
1646 1820 1712 1844 ex-

253 1870 464 1919 perimento
485 1881 693 1918 agnoscens
715 1869 955 1918 majoresque
977 1870 1146 1919 undique
1183 1883 1306 1907 rerum
1342 1876 1469 1907 motus
1501 1878 1710 1920 expectans

252 1933 481 1970 detrimenta
503 1933 667 1969 militum
690 1946 756 1981 per
775 1946 839 1970 eos
861 1934 943 1971 dies
971 1933 1002 1958 ⁶⁵
1018 1942 1170 1983 recepta
1192 1934 1347 1971 reticere
1369 1934 1580 1983 cogitabat.
1635 1936 1707 1971 Ita-

254 2010 328 2046 que
349 2003 387 2034 et
419 1996 581 2033 dilectus
613 2010 728 2033 novos
763 2010 830 2046 per
863 1998 1009 2046 legatos
1038 1999 1186 2042 babuit,
1216 2005 1255 2034 et
1287 2011 1360 2046 ope
1390 1998 1501 2045 Cueji
1534 1998 1709 2047 Pompeji

256 2060 380 2110 magni
400 2060 654 2110 proconsulis,
676 2060 786 2108 cujus
806 2074 850 2097 ea
872 2068 1092 2111 tempestate
1113 2061 1280 2111 potentia
1304 2061 1436 2097 Romae
1457 2062 1587 2110 iugens
1608 2069 1708 2104 erut:

252 2130 344 2162 tunc
361 2124 516 2174 quidem
538 2124 666 2173 generi
686 2130 724 2160 et
744 2125 857 2161 amici
879 2126 947 2169 sui,
984 2125 1077 2162 tanti
1113 2138 1199 2162 mox
1236 2124 1351 2161 futuri
1383 2125 1512 2169 bostis,
1543 2125 1710 2164 obtinuit

256 2194 296 2225 ut
322 2194 395 2225 tres
427 2188 499 2225 sibi
533 2187 699 2237 legiones
724 2195 812 2225 ante
842 2188 974 2225 bicinis
1008 2189 1150 2225 exitum
1182 2188 1429 2232 adderentur,
1461 2195 1499 2225 et
1531 2188 1709 2226 cohortes

254 2252 428 2301 quicum
449 2252 601 2289 Titurio
623 2251 812 2301 perier-aut
844 2251 1142 2301 ‹luplicarentur,
1174 2251 1306 2288 dicens
1337 2252 1438 2300 quod
1475 2251 1707 2289 verissimum

252 2321 345 2358 erat,
367 2328 440 2350 nou
463 2314 498 2350 in
522 2328 690 2364 praesens
725 2314 856 2358 modo,
892 2316 957 2352 sed
984 2316 1020 2351 in
1042 2328 1154 2352 omne
1181 2321 1332 2363 tempus
1354 2313 1535 2362 expedire
1556 2315 1709 2364 reipub-

252 2378 348 2422 licm,
371 2391 589 2426 persuasum
619 2376 699 2415 ⁶⁶et
719 2377 856 2414 Galliae
889 2385 928 2415 et
959 2377 1114 2422 mundo,
1138 2384 1260 2414 tantas
1281 2390 1363 2413 esse
1384 2377 1478 2414 vires
1504 2378 1634 2423 ltaliae,
1666 2384 1708 2416 ut

253 2453 328 2478 non
351 2441 472 2477 sotum
494 2442 634 2478 darnua
656 2441 764 2478 bellis
786 2448 948 2490 accepta
977 2443 1055 2478 cito
1089 2440 1303 2483 restaurari,
1338 2440 1404 2477 sed
1435 2441 1559 2490 copiae
1591 2441 1705 2479 etiam

251 2504 442 2554 duplicari
462 2511 641 2553 posseut;
676 2503 781 2552 quod
805 2504 884 2553 ipse
907 2511 999 2541 tuuc
1020 2510 1057 2541 ct
1079 2504 1262 2542 brevitate
1283 2504 1475 2553 temporis,
1504 2511 1543 2542 et
1562 2505 1707 2556 magui-

296 2611 338 2639 59
365 2608 465 2647 Lege,
480 2608 676 2638 minus.--60
702 2608 803 2647 Lege,
820 2607 1100 2639 intr‹›missin.-61
1132 2610 1234 2649 Lege,
1252 2610 1459 2640 vallum—62
1487 2610 1600 2651 Forte,
1618 2610 1707 2641 Galli

246 2663 313 2693 loeo
337 2662 476 2700 multum,
500 2661 578 2692 nihil
592 2661 730 2692 hostibus
744 2661 1012 2693 tribuenda-63
1040 2663 1153 2704 Forte,
1175 2664 1362 2695 tctdio.*61
1392 2664 1506 2704 Forte,
1523 2664 1654 2704 Inopina
1672 2673 1705 2694 re

246 2715 491 2755 perculsis-65
515 2715 617 2756 Lege,
633 2718 855 2756 acce1›t‹1.-—GG
884 2715 993 2756 Adde,
1015 2725 1087 2748 csse.
