<?xml version="1.0" encoding="UTF-8"?>
<!DOCTYPE html PUBLIC "-//W3C//DTD XHTML 1.0 Transitional//EN"
    "http://www.w3.org/TR/xhtml1/DTD/xhtml1-transitional.dtd">
<html xmlns="http://www.w3.org/1999/xhtml" xml:lang="en" lang="en">
 <head>
  <title>
</title>
<meta http-equiv="Content-Type" content="text/html;charset=utf-8" />
  <meta name='ocr-system' content='tesseract 3.04.00' />
  <meta name='ocr-capabilities' content='ocr_page ocr_carea ocr_par ocr_line ocrx_word'/>
</head>
<body>
  <div class='ocr_page' id='page_1' title='image "./operaomniaexedit04caesuoft_0404.png"; bbox 0 0 1850 3109; ppageno 0'>
   <div class='ocr_carea' id='block_1_1' title="bbox 250 150 1272 195">
    <p class='ocr_par' dir='ltr' id='par_1_1' title="bbox 250 150 1272 195">
     <span class='ocr_line' id='line_1_1' title="bbox 250 150 1272 195; baseline 0.004 -5"><span class='ocrx_word' id='word_1_1' title='bbox 250 150 364 191; x_wconf 77' lang='lat'><strong>1796</strong></span> <span class='ocrx_word' id='word_1_2' title='bbox 675 164 714 194; x_wconf 80' lang='lat' dir='ltr'><strong>J.</strong></span> <span class='ocrx_word' id='word_1_3' title='bbox 748 163 886 194; x_wconf 64' lang='lat' dir='ltr'><strong>censi</strong></span> <span class='ocrx_word' id='word_1_4' title='bbox 921 164 1272 195; x_wconf 71' lang='lat' dir='ltr'><strong>coMMENTARu</strong></span> 
     </span>
    </p>
   </div>
   <div class='ocr_carea' id='block_1_2' title="bbox 248 261 1715 2539">
    <p class='ocr_par' dir='ltr' id='par_1_2' title="bbox 248 261 1715 2539">
     <span class='ocr_line' id='line_1_2' title="bbox 249 261 1704 315; baseline 0.003 -17"><span class='ocrx_word' id='word_1_5' title='bbox 249 261 371 299; x_wconf 85' lang='lat' dir='ltr'><strong>fectus</strong></span> <span class='ocrx_word' id='word_1_6' title='bbox 389 262 582 311; x_wconf 81' lang='lat' dir='ltr'><strong>abjicitur,</strong></span> <span class='ocrx_word' id='word_1_7' title='bbox 603 264 818 314; x_wconf 85' lang='lat' dir='ltr'><strong>speratique</strong></span> <span class='ocrx_word' id='word_1_8' title='bbox 842 265 962 301; x_wconf 81' lang='lat' dir='ltr'><strong>⁵²loc0</strong></span> <span class='ocrx_word' id='word_1_9' title='bbox 981 265 1130 314; x_wconf 66' lang='lat' dir='ltr'><strong>praemii</strong></span> <span class='ocrx_word' id='word_1_10' title='bbox 1151 266 1330 315; x_wconf 85' lang='lat' dir='ltr'><strong>supplicii</strong></span> <span class='ocrx_word' id='word_1_11' title='bbox 1351 265 1573 315; x_wconf 69' lang='lat' dir='ltr'><strong>occuparit.</strong></span> <span class='ocrx_word' id='word_1_12' title='bbox 1619 266 1704 303; x_wconf 87' lang='lat' dir='ltr'><strong>Me-</strong></span> 
     </span>
     <span class='ocr_line' id='line_1_3' title="bbox 249 326 1704 377; baseline 0.003 -14"><span class='ocrx_word' id='word_1_13' title='bbox 249 326 475 364; x_wconf 83' lang='lat' dir='ltr'><strong>moraudum</strong></span> <span class='ocrx_word' id='word_1_14' title='bbox 497 336 678 377; x_wconf 61' lang='lat' dir='ltr'><strong>pra‘terea</strong></span> <span class='ocrx_word' id='word_1_15' title='bbox 700 328 736 364; x_wconf 91' lang='lat' dir='ltr'><strong>in</strong></span> <span class='ocrx_word' id='word_1_16' title='bbox 760 329 858 365; x_wconf 81' lang='lat' dir='ltr'><strong>banc</strong></span> <span class='ocrx_word' id='word_1_17' title='bbox 881 328 1001 377; x_wconf 82' lang='lat' dir='ltr'>ipsam</span> <span class='ocrx_word' id='word_1_18' title='bbox 1026 329 1152 366; x_wconf 83' lang='lat' dir='ltr'><strong>boram</strong></span> <span class='ocrx_word' id='word_1_19' title='bbox 1176 330 1323 367; x_wconf 68' lang='lat' dir='ltr'><strong>tiu-inus</strong></span> <span class='ocrx_word' id='word_1_20' title='bbox 1343 330 1489 367; x_wconf 77' lang='lat' dir='ltr'>incidit.</span> <span class='ocrx_word' id='word_1_21' title='bbox 1546 331 1704 368; x_wconf 82' lang='lat' dir='ltr'><strong>Marcus</strong></span> 
     </span>
     <span class='ocr_line' id='line_1_4' title="bbox 249 390 1706 443; baseline 0.003 -17"><span class='ocrx_word' id='word_1_22' title='bbox 249 402 386 440; x_wconf 87' lang='lat' dir='ltr'><strong>nempe</strong></span> <span class='ocrx_word' id='word_1_23' title='bbox 409 392 608 428; x_wconf 76' lang='lat' dir='ltr'>Petronius</span> <span class='ocrx_word' id='word_1_24' title='bbox 630 391 786 440; x_wconf 80' lang='lat' dir='ltr'><strong>legionis</strong></span> <span class='ocrx_word' id='word_1_25' title='bbox 819 390 989 439; x_wconf 78' lang='lat' dir='ltr'><strong>ejusdem</strong></span> <span class='ocrx_word' id='word_1_26' title='bbox 1024 392 1213 437; x_wconf 86' lang='lat' dir='ltr'><strong>centurio,</strong></span> <span class='ocrx_word' id='word_1_27' title='bbox 1247 393 1341 430; x_wconf 89' lang='lat' dir='ltr'><strong>dum</strong></span> <span class='ocrx_word' id='word_1_28' title='bbox 1375 400 1504 443; x_wconf 74' lang='lat' dir='ltr'><strong>portas</strong></span> <span class='ocrx_word' id='word_1_29' title='bbox 1534 394 1706 442; x_wconf 76' lang='lat' dir='ltr'>frangere</span> 
     </span>
     <span class='ocr_line' id='line_1_5' title="bbox 248 453 1706 506; baseline 0.003 -16"><span class='ocrx_word' id='word_1_30' title='bbox 248 453 393 498; x_wconf 87' lang='lat' dir='ltr'><strong>nititur,</strong></span> <span class='ocrx_word' id='word_1_31' title='bbox 443 454 691 490; x_wconf 86' lang='lat' dir='ltr'><strong>multitudine</strong></span> <span class='ocrx_word' id='word_1_32' title='bbox 740 453 907 490; x_wconf 88' lang='lat' dir='ltr'><strong>bostium</strong></span> <span class='ocrx_word' id='word_1_33' title='bbox 959 454 1259 499; x_wconf 86' lang='lat' dir='ltr'><strong>circumventus,</strong></span> <span class='ocrx_word' id='word_1_34' title='bbox 1308 464 1345 494; x_wconf 83' lang='lat' dir='ltr'><strong>et</strong></span> <span class='ocrx_word' id='word_1_35' title='bbox 1400 457 1519 506; x_wconf 72' lang='lat' dir='ltr'><strong>plagis</strong></span> <span class='ocrx_word' id='word_1_36' title='bbox 1577 458 1706 494; x_wconf 90' lang='lat' dir='ltr'><strong>multis</strong></span> 
     </span>
     <span class='ocr_line' id='line_1_6' title="bbox 248 516 1705 567; baseline 0.001 -12"><span class='ocrx_word' id='word_1_37' title='bbox 248 518 431 560; x_wconf 77' lang='lat' dir='ltr'><strong>afflictus,</strong></span> <span class='ocrx_word' id='word_1_38' title='bbox 453 517 537 553; x_wconf 78' lang='lat' dir='ltr'><strong>⁵³nc</strong></span> <span class='ocrx_word' id='word_1_39' title='bbox 559 530 689 553; x_wconf 77' lang='lat' dir='ltr'><strong>versus</strong></span> <span class='ocrx_word' id='word_1_40' title='bbox 710 516 757 554; x_wconf 78' lang='lat' dir='ltr'><strong>ad</strong></span> <span class='ocrx_word' id='word_1_41' title='bbox 788 517 937 561; x_wconf 83' lang='lat' dir='ltr'><strong>socios3</strong></span> <span class='ocrx_word' id='word_1_42' title='bbox 971 523 979 537; x_wconf 89' lang='lat'>‘</span> <span class='ocrx_word' id='word_1_43' title='bbox 1003 518 1184 566; x_wconf 78' lang='lat' dir='ltr'><strong>quando,’</strong></span> <span class='ocrx_word' id='word_1_44' title='bbox 1218 518 1355 567; x_wconf 89' lang='lat' dir='ltr'><strong>inquit,</strong></span> <span class='ocrx_word' id='word_1_45' title='bbox 1392 525 1402 540; x_wconf 90' lang='lat'>‘</span> <span class='ocrx_word' id='word_1_46' title='bbox 1426 533 1483 556; x_wconf 84' lang='lat' dir='ltr'><strong>me</strong></span> <span class='ocrx_word' id='word_1_47' title='bbox 1506 520 1705 557; x_wconf 87' lang='lat' dir='ltr'><strong>vobiscum</strong></span> 
     </span>
     <span class='ocr_line' id='line_1_7' title="bbox 251 580 1710 630; baseline 0.002 -13"><span class='ocrx_word' id='word_1_48' title='bbox 251 593 401 617; x_wconf 85' lang='lat' dir='ltr'><strong>servare</strong></span> <span class='ocrx_word' id='word_1_49' title='bbox 423 580 641 629; x_wconf 83' lang='lat' dir='ltr'><strong>prohibeor,</strong></span> <span class='ocrx_word' id='word_1_50' title='bbox 676 594 744 617; x_wconf 81' lang='lat' dir='ltr'><strong>vos</strong></span> <span class='ocrx_word' id='word_1_51' title='bbox 766 581 939 625; x_wconf 77' lang='lat' dir='ltr'>servabo,</span> <span class='ocrx_word' id='word_1_52' title='bbox 963 593 1059 630; x_wconf 88' lang='lat' dir='ltr'><strong>quos</strong></span> <span class='ocrx_word' id='word_1_53' title='bbox 1078 594 1227 618; x_wconf 87' lang='lat' dir='ltr'><strong>mecum</strong></span> <span class='ocrx_word' id='word_1_54' title='bbox 1261 582 1390 630; x_wconf 67' lang='lat' dir='ltr'><strong>gloriae</strong></span> <span class='ocrx_word' id='word_1_55' title='bbox 1422 582 1550 619; x_wconf 88' lang='lat' dir='ltr'><strong>studio</strong></span> <span class='ocrx_word' id='word_1_56' title='bbox 1574 583 1610 619; x_wconf 91' lang='lat' dir='ltr'><strong>in</strong></span> <span class='ocrx_word' id='word_1_57' title='bbox 1633 584 1710 620; x_wconf 87' lang='lat' dir='ltr'><strong>dis-</strong></span> 
     </span>
     <span class='ocr_line' id='line_1_8' title="bbox 248 644 1707 694; baseline 0.003 -14"><span class='ocrx_word' id='word_1_58' title='bbox 248 644 392 681; x_wconf 77' lang='lat' dir='ltr'>crimen</span> <span class='ocrx_word' id='word_1_59' title='bbox 414 644 533 680; x_wconf 72' lang='lat' dir='ltr'><strong>traxi:</strong></span> <span class='ocrx_word' id='word_1_60' title='bbox 564 644 613 680; x_wconf 88' lang='lat' dir='ltr'><strong>ite</strong></span> <span class='ocrx_word' id='word_1_61' title='bbox 635 644 855 689; x_wconf 83' lang='lat' dir='ltr'><strong>incolumes,</strong></span> <span class='ocrx_word' id='word_1_62' title='bbox 878 645 968 681; x_wconf 89' lang='lat' dir='ltr'><strong>dum</strong></span> <span class='ocrx_word' id='word_1_63' title='bbox 992 658 1197 694; x_wconf 80' lang='lat' dir='ltr'>parumper</span> <span class='ocrx_word' id='word_1_64' title='bbox 1219 646 1288 682; x_wconf 77' lang='lat' dir='ltr'><strong>lios</strong></span> <span class='ocrx_word' id='word_1_65' title='bbox 1312 646 1492 683; x_wconf 79' lang='lat' dir='ltr'><strong>barbaros</strong></span> <span class='ocrx_word' id='word_1_66' title='bbox 1513 646 1669 684; x_wconf 80' lang='lat' dir='ltr'><strong>detineo</strong></span> <span class='ocrx_word' id='word_1_67' title='bbox 1685 650 1707 684; x_wconf 88' lang='lat'><strong>:’</strong></span> 
     </span>
     <span class='ocr_line' id='line_1_9' title="bbox 249 708 1707 758; baseline 0.003 -14"><span class='ocrx_word' id='word_1_68' title='bbox 249 708 333 744; x_wconf 83' lang='lat' dir='ltr'><strong>haec</strong></span> <span class='ocrx_word' id='word_1_69' title='bbox 360 708 492 745; x_wconf 87' lang='lat' dir='ltr'><strong>dicens</strong></span> <span class='ocrx_word' id='word_1_70' title='bbox 513 709 623 758; x_wconf 79' lang='lat' dir='ltr'><strong>quasi</strong></span> <span class='ocrx_word' id='word_1_71' title='bbox 657 708 787 745; x_wconf 76' lang='lat' dir='ltr'><strong>adhuc</strong></span> <span class='ocrx_word' id='word_1_72' title='bbox 807 709 954 758; x_wconf 81' lang='lat' dir='ltr'><strong>integer</strong></span> <span class='ocrx_word' id='word_1_73' title='bbox 973 709 1008 745; x_wconf 92' lang='lat' dir='ltr'><strong>in</strong></span> <span class='ocrx_word' id='word_1_74' title='bbox 1037 709 1220 746; x_wconf 82' lang='lat' dir='ltr'><strong>adversos</strong></span> <span class='ocrx_word' id='word_1_75' title='bbox 1249 710 1464 754; x_wconf 77' lang='lat' dir='ltr'><strong>inveliitur;</strong></span> <span class='ocrx_word' id='word_1_76' title='bbox 1497 718 1535 748; x_wconf 88' lang='lat' dir='ltr'><strong>et</strong></span> <span class='ocrx_word' id='word_1_77' title='bbox 1554 710 1707 748; x_wconf 87' lang='lat' dir='ltr'><strong>duobus</strong></span> 
     </span>
     <span class='ocr_line' id='line_1_10' title="bbox 252 772 1709 822; baseline 0.003 -15"><span class='ocrx_word' id='word_1_78' title='bbox 252 784 328 808; x_wconf 92' lang='lat' dir='ltr'><strong>nno</strong></span> <span class='ocrx_word' id='word_1_79' title='bbox 354 773 465 810; x_wconf 82' lang='lat' dir='ltr'><strong>caesis</strong></span> <span class='ocrx_word' id='word_1_80' title='bbox 486 772 644 822; x_wconf 88' lang='lat' dir='ltr'><strong>impetu,</strong></span> <span class='ocrx_word' id='word_1_81' title='bbox 666 772 834 820; x_wconf 87' lang='lat' dir='ltr'><strong>reliquos</strong></span> <span class='ocrx_word' id='word_1_82' title='bbox 855 785 873 808; x_wconf 87' lang='lat' dir='ltr'>a</span> <span class='ocrx_word' id='word_1_83' title='bbox 897 777 1016 820; x_wconf 85' lang='lat' dir='ltr'><strong>portae</strong></span> <span class='ocrx_word' id='word_1_84' title='bbox 1038 772 1213 809; x_wconf 79' lang='lat' dir='ltr'><strong>custodia</strong></span> <span class='ocrx_word' id='word_1_85' title='bbox 1235 773 1383 810; x_wconf 79' lang='lat' dir='ltr'><strong>interim</strong></span> <span class='ocrx_word' id='word_1_86' title='bbox 1405 775 1565 812; x_wconf 81' lang='lat' dir='ltr'><strong>avertit:</strong></span> <span class='ocrx_word' id='word_1_87' title='bbox 1597 775 1709 811; x_wconf 86' lang='lat' dir='ltr'><strong>(lum-</strong></span> 
     </span>
     <span class='ocr_line' id='line_1_11' title="bbox 251 835 1710 887; baseline 0.001 -14"><span class='ocrx_word' id='word_1_88' title='bbox 251 848 326 885; x_wconf 86' lang='lat' dir='ltr'><strong>que</strong></span> <span class='ocrx_word' id='word_1_89' title='bbox 347 836 403 873; x_wconf 87' lang='lat' dir='ltr'><strong>sui</strong></span> <span class='ocrx_word' id='word_1_90' title='bbox 435 836 608 881; x_wconf 85' lang='lat' dir='ltr'><strong>comites,</strong></span> <span class='ocrx_word' id='word_1_91' title='bbox 643 836 706 885; x_wconf 91' lang='lat' dir='ltr'><strong>qui</strong></span> <span class='ocrx_word' id='word_1_92' title='bbox 730 835 836 872; x_wconf 88' lang='lat' dir='ltr'><strong>inviti</strong></span> <span class='ocrx_word' id='word_1_93' title='bbox 871 841 909 872; x_wconf 88' lang='lat' dir='ltr'><strong>et</strong></span> <span class='ocrx_word' id='word_1_94' title='bbox 941 835 1064 872; x_wconf 77' lang='lat' dir='ltr'><strong>moesti</strong></span> <span class='ocrx_word' id='word_1_95' title='bbox 1097 849 1184 872; x_wconf 87' lang='lat' dir='ltr'><strong>curn</strong></span> <span class='ocrx_word' id='word_1_96' title='bbox 1217 836 1459 880; x_wconf 77' lang='lat' dir='ltr'>deserebant,</span> <span class='ocrx_word' id='word_1_97' title='bbox 1493 850 1608 887; x_wconf 81' lang='lat' dir='ltr'><strong>opem</strong></span> <span class='ocrx_word' id='word_1_98' title='bbox 1639 838 1710 875; x_wconf 88' lang='lat' dir='ltr'><strong>sibi</strong></span> 
     </span>
     <span class='ocr_line' id='line_1_12' title="bbox 250 899 1709 949; baseline 0.001 -13"><span class='ocrx_word' id='word_1_99' title='bbox 250 911 352 936; x_wconf 91' lang='lat' dir='ltr'><strong>nunc</strong></span> <span class='ocrx_word' id='word_1_100' title='bbox 372 899 487 936; x_wconf 83' lang='lat' dir='ltr'><strong>etiam</strong></span> <span class='ocrx_word' id='word_1_101' title='bbox 525 899 620 936; x_wconf 83' lang='lat' dir='ltr'><strong>serre</strong></span> <span class='ocrx_word' id='word_1_102' title='bbox 648 899 870 943; x_wconf 73' lang='lat' dir='ltr'><strong>niterentur,</strong></span> <span class='ocrx_word' id='word_1_103' title='bbox 907 899 968 934; x_wconf 87' lang='lat' dir='ltr'><strong>ille</strong></span> <span class='ocrx_word' id='word_1_104' title='bbox 1001 904 1043 935; x_wconf 89' lang='lat' dir='ltr'><strong>nt</strong></span> <span class='ocrx_word' id='word_1_105' title='bbox 1074 899 1178 948; x_wconf 89' lang='lat' dir='ltr'><strong>loqui</strong></span> <span class='ocrx_word' id='word_1_106' title='bbox 1211 906 1382 949; x_wconf 79' lang='lat' dir='ltr'><strong>poterat:</strong></span> <span class='ocrx_word' id='word_1_107' title='bbox 1416 905 1426 920; x_wconf 93' lang='lat'>‘</span> <span class='ocrx_word' id='word_1_108' title='bbox 1447 900 1612 944; x_wconf 85' lang='lat' dir='ltr'><strong>frustra,’</strong></span> <span class='ocrx_word' id='word_1_109' title='bbox 1632 902 1709 938; x_wconf 84' lang='lat' dir='ltr'><strong>ait:</strong></span> 
     </span>
     <span class='ocr_line' id='line_1_13' title="bbox 251 961 1709 1013; baseline 0.001 -14"><span class='ocrx_word' id='word_1_110' title='bbox 251 963 360 1010; x_wconf 80' lang='lat' dir='ltr'><strong>‘jam</strong></span> <span class='ocrx_word' id='word_1_111' title='bbox 381 977 440 999; x_wconf 86' lang='lat' dir='ltr'><strong>me</strong></span> <span class='ocrx_word' id='word_1_112' title='bbox 460 964 559 1000; x_wconf 87' lang='lat' dir='ltr'><strong>enim</strong></span> <span class='ocrx_word' id='word_1_113' title='bbox 582 962 736 1012; x_wconf 80' lang='lat' dir='ltr'><strong>sanguis</strong></span> <span class='ocrx_word' id='word_1_114' title='bbox 756 968 793 999; x_wconf 80' lang='lat' dir='ltr'><strong>et</strong></span> <span class='ocrx_word' id='word_1_115' title='bbox 814 962 887 998; x_wconf 81' lang='lat' dir='ltr'><strong>vita</strong></span> <span class='ocrx_word' id='word_1_116' title='bbox 909 961 1134 998; x_wconf 82' lang='lat' dir='ltr'><strong>destituunt.</strong></span> <span class='ocrx_word' id='word_1_117' title='bbox 1191 962 1293 1005; x_wconf 81' lang='lat' dir='ltr'><strong>Quin</strong></span> <span class='ocrx_word' id='word_1_118' title='bbox 1322 976 1382 999; x_wconf 84' lang='lat' dir='ltr'><strong>me</strong></span> <span class='ocrx_word' id='word_1_119' title='bbox 1402 963 1562 1013; x_wconf 85' lang='lat' dir='ltr'><strong>linquite</strong></span> <span class='ocrx_word' id='word_1_120' title='bbox 1582 964 1709 1013; x_wconf 83' lang='lat' dir='ltr'><strong>igitur,</strong></span> 
     </span>
     <span class='ocr_line' id='line_1_14' title="bbox 249 1025 1712 1077; baseline 0.001 -14"><span class='ocrx_word' id='word_1_121' title='bbox 249 1032 287 1063; x_wconf 86' lang='lat' dir='ltr'><strong>et</strong></span> <span class='ocrx_word' id='word_1_122' title='bbox 309 1026 422 1063; x_wconf 77' lang='lat' dir='ltr'><strong>⁵⁴nos</strong></span> <span class='ocrx_word' id='word_1_123' title='bbox 455 1026 549 1063; x_wconf 86' lang='lat' dir='ltr'><strong>moti</strong></span> <span class='ocrx_word' id='word_1_124' title='bbox 583 1026 677 1062; x_wconf 88' lang='lat' dir='ltr'><strong>dum</strong></span> <span class='ocrx_word' id='word_1_125' title='bbox 711 1026 802 1063; x_wconf 89' lang='lat' dir='ltr'><strong>licet</strong></span> <span class='ocrx_word' id='word_1_126' title='bbox 822 1025 957 1075; x_wconf 78' lang='lat' dir='ltr'><strong>eripite</strong></span> <span class='ocrx_word' id='word_1_127' title='bbox 975 1028 999 1063; x_wconf 83' lang='lat'><strong>:’</strong></span> <span class='ocrx_word' id='word_1_128' title='bbox 1029 1025 1082 1062; x_wconf 86' lang='lat' dir='ltr'><strong>sic</strong></span> <span class='ocrx_word' id='word_1_129' title='bbox 1103 1025 1316 1063; x_wconf 79' lang='lat' dir='ltr'><strong>vociferans</strong></span> <span class='ocrx_word' id='word_1_130' title='bbox 1339 1027 1602 1077; x_wconf 80' lang='lat' dir='ltr'><strong>insultansque</strong></span> <span class='ocrx_word' id='word_1_131' title='bbox 1625 1028 1712 1065; x_wconf 88' lang='lat' dir='ltr'><strong>bos·</strong></span> 
     </span>
     <span class='ocr_line' id='line_1_15' title="bbox 250 1089 1711 1139; baseline 0.002 -13"><span class='ocrx_word' id='word_1_132' title='bbox 250 1089 352 1127; x_wconf 85' lang='lat' dir='ltr'><strong>tibus</strong></span> <span class='ocrx_word' id='word_1_133' title='bbox 367 1090 438 1126; x_wconf 89' lang='lat' dir='ltr'><strong>ruit</strong></span> <span class='ocrx_word' id='word_1_134' title='bbox 461 1096 499 1126; x_wconf 90' lang='lat' dir='ltr'><strong>et</strong></span> <span class='ocrx_word' id='word_1_135' title='bbox 520 1089 681 1127; x_wconf 87' lang='lat' dir='ltr'><strong>moriens</strong></span> <span class='ocrx_word' id='word_1_136' title='bbox 701 1089 777 1126; x_wconf 87' lang='lat' dir='ltr'><strong>suis</strong></span> <span class='ocrx_word' id='word_1_137' title='bbox 798 1089 957 1139; x_wconf 79' lang='lat' dir='ltr'><strong>profuit.</strong></span> <span class='ocrx_word' id='word_1_138' title='bbox 987 1089 1099 1139; x_wconf 72' lang='lat'><em>[144]</em></span> <span class='ocrx_word' id='word_1_139' title='bbox 1124 1090 1193 1126; x_wconf 79' lang='lat' dir='ltr'><strong>His</strong></span> <span class='ocrx_word' id='word_1_140' title='bbox 1212 1104 1256 1127; x_wconf 78' lang='lat' dir='ltr'><strong>ac</strong></span> <span class='ocrx_word' id='word_1_141' title='bbox 1279 1091 1418 1128; x_wconf 82' lang='lat' dir='ltr'><strong>talibus</strong></span> <span class='ocrx_word' id='word_1_142' title='bbox 1439 1104 1592 1129; x_wconf 83' lang='lat' dir='ltr'><strong>suorum</strong></span> <span class='ocrx_word' id='word_1_143' title='bbox 1614 1092 1711 1129; x_wconf 82' lang='lat' dir='ltr'><strong>casi-</strong></span> 
     </span>
     <span class='ocr_line' id='line_1_16' title="bbox 250 1153 1712 1204; baseline 0.001 -13"><span class='ocrx_word' id='word_1_144' title='bbox 250 1154 322 1191; x_wconf 90' lang='lat' dir='ltr'><strong>bus</strong></span> <span class='ocrx_word' id='word_1_145' title='bbox 345 1154 508 1191; x_wconf 80' lang='lat' dir='ltr'><strong>Romani</strong></span> <span class='ocrx_word' id='word_1_146' title='bbox 528 1153 680 1191; x_wconf 84' lang='lat' dir='ltr'><strong>tandem</strong></span> <span class='ocrx_word' id='word_1_147' title='bbox 716 1154 955 1203; x_wconf 74' lang='lat' dir='ltr'><strong>praegravati,</strong></span> <span class='ocrx_word' id='word_1_148' title='bbox 995 1154 1105 1190; x_wconf 80' lang='lat' dir='ltr'><strong>caesis</strong></span> <span class='ocrx_word' id='word_1_149' title='bbox 1135 1154 1389 1204; x_wconf 71' lang='lat' dir='ltr'><strong>qnadraginta</strong></span> <span class='ocrx_word' id='word_1_150' title='bbox 1422 1168 1486 1191; x_wconf 80' lang='lat' dir='ltr'><strong>sex</strong></span> <span class='ocrx_word' id='word_1_151' title='bbox 1522 1156 1712 1193; x_wconf 85' lang='lat' dir='ltr'><strong>centurio-</strong></span> 
     </span>
     <span class='ocr_line' id='line_1_17' title="bbox 251 1217 1712 1266; baseline 0.001 -12"><span class='ocrx_word' id='word_1_152' title='bbox 251 1217 363 1254; x_wconf 88' lang='lat' dir='ltr'><strong>nibus</strong></span> <span class='ocrx_word' id='word_1_153' title='bbox 384 1230 430 1254; x_wconf 83' lang='lat' dir='ltr'><strong>ae</strong></span> <span class='ocrx_word' id='word_1_154' title='bbox 453 1217 637 1254; x_wconf 87' lang='lat' dir='ltr'><strong>militibus</strong></span> <span class='ocrx_word' id='word_1_155' title='bbox 667 1217 933 1266; x_wconf 76' lang='lat' dir='ltr'><strong>septingentis,</strong></span> <span class='ocrx_word' id='word_1_156' title='bbox 968 1218 1099 1266; x_wconf 88' lang='lat' dir='ltr'><strong>iniquo</strong></span> <span class='ocrx_word' id='word_1_157' title='bbox 1135 1219 1232 1254; x_wconf 83' lang='lat' dir='ltr'><strong>colle</strong></span> <span class='ocrx_word' id='word_1_158' title='bbox 1266 1218 1504 1265; x_wconf 77' lang='lat' dir='ltr'><strong>rejiciuntur.</strong></span> <span class='ocrx_word' id='word_1_159' title='bbox 1561 1219 1712 1256; x_wconf 86' lang='lat' dir='ltr'><strong>Fuisset</strong></span> 
     </span>
     <span class='ocr_line' id='line_1_18' title="bbox 249 1280 1709 1331; baseline 0.001 -14"><span class='ocrx_word' id='word_1_160' title='bbox 249 1280 339 1329; x_wconf 77' lang='lat' dir='ltr'><strong>suga</strong></span> <span class='ocrx_word' id='word_1_161' title='bbox 361 1281 509 1330; x_wconf 88' lang='lat' dir='ltr'><strong>longior</strong></span> <span class='ocrx_word' id='word_1_162' title='bbox 528 1287 566 1318; x_wconf 88' lang='lat' dir='ltr'><strong>et</strong></span> <span class='ocrx_word' id='word_1_163' title='bbox 593 1281 730 1331; x_wconf 79' lang='lat' dir='ltr'><strong>largior</strong></span> <span class='ocrx_word' id='word_1_164' title='bbox 751 1281 892 1325; x_wconf 66' lang='lat' dir='ltr'><strong>caedes,</strong></span> <span class='ocrx_word' id='word_1_165' title='bbox 923 1280 961 1316; x_wconf 92' lang='lat' dir='ltr'><strong>ni</strong></span> <span class='ocrx_word' id='word_1_166' title='bbox 991 1280 1278 1330; x_wconf 81' lang='lat' dir='ltr'><strong>prudentissimi</strong></span> <span class='ocrx_word' id='word_1_167' title='bbox 1309 1281 1420 1319; x_wconf 90' lang='lat' dir='ltr'><strong>ducis</strong></span> <span class='ocrx_word' id='word_1_168' title='bbox 1440 1295 1485 1319; x_wconf 90' lang='lat' dir='ltr'><strong>ex</strong></span> <span class='ocrx_word' id='word_1_169' title='bbox 1507 1283 1709 1327; x_wconf 82' lang='lat' dir='ltr'><strong>sententia,</strong></span> 
     </span>
     <span class='ocr_line' id='line_1_19' title="bbox 251 1344 1711 1394; baseline 0.002 -14"><span class='ocrx_word' id='word_1_170' title='bbox 251 1345 437 1381; x_wconf 84' lang='lat' dir='ltr'><strong>Romanae</strong></span> <span class='ocrx_word' id='word_1_171' title='bbox 476 1357 515 1381; x_wconf 91' lang='lat' dir='ltr'><strong>se</strong></span> <span class='ocrx_word' id='word_1_172' title='bbox 535 1345 734 1381; x_wconf 88' lang='lat' dir='ltr'><strong>-eobortes</strong></span> <span class='ocrx_word' id='word_1_173' title='bbox 769 1344 894 1381; x_wconf 75' lang='lat' dir='ltr'><strong>Gallis</strong></span> <span class='ocrx_word' id='word_1_174' title='bbox 928 1344 1219 1393; x_wconf 83' lang='lat' dir='ltr'><strong>insequentibus</strong></span> <span class='ocrx_word' id='word_1_175' title='bbox 1251 1345 1512 1393; x_wconf 84' lang='lat' dir='ltr'><strong>objecissent:</strong></span> <span class='ocrx_word' id='word_1_176' title='bbox 1544 1358 1711 1394; x_wconf 90' lang='lat' dir='ltr'><strong>eumque</strong></span> 
     </span>
     <span class='ocr_line' id='line_1_20' title="bbox 249 1407 1711 1458; baseline 0.001 -14"><span class='ocrx_word' id='word_1_177' title='bbox 249 1407 297 1444; x_wconf 86' lang='lat' dir='ltr'><strong>ad</strong></span> <span class='ocrx_word' id='word_1_178' title='bbox 330 1409 445 1457; x_wconf 82' lang='lat' dir='ltr'><strong>plana</strong></span> <span class='ocrx_word' id='word_1_179' title='bbox 466 1407 660 1457; x_wconf 85' lang='lat' dir='ltr'><strong>fugiendo,</strong></span> <span class='ocrx_word' id='word_1_180' title='bbox 694 1408 945 1457; x_wconf 78' lang='lat' dir='ltr'><strong>insequendo,</strong></span> <span class='ocrx_word' id='word_1_181' title='bbox 980 1415 1096 1458; x_wconf 86' lang='lat' dir='ltr'><strong>atque</strong></span> <span class='ocrx_word' id='word_1_182' title='bbox 1118 1409 1310 1446; x_wconf 79' lang='lat' dir='ltr'><strong>obstando</strong></span> <span class='ocrx_word' id='word_1_183' title='bbox 1340 1415 1564 1458; x_wconf 84' lang='lat' dir='ltr'><strong>perventum</strong></span> <span class='ocrx_word' id='word_1_184' title='bbox 1584 1417 1711 1453; x_wconf 85' lang='lat' dir='ltr'><strong>esset;</strong></span> 
     </span>
     <span class='ocr_line' id='line_1_21' title="bbox 250 1471 1711 1522; baseline 0.002 -15"><span class='ocrx_word' id='word_1_185' title='bbox 250 1471 421 1520; x_wconf 85' lang='lat' dir='ltr'><strong>legiones</strong></span> <span class='ocrx_word' id='word_1_186' title='bbox 440 1472 530 1522; x_wconf 67' lang='lat' dir='ltr'><strong>ipsae</strong></span> <span class='ocrx_word' id='word_1_187' title='bbox 563 1472 749 1509; x_wconf 79' lang='lat' dir='ltr'><strong>instructa</strong></span> <span class='ocrx_word' id='word_1_188' title='bbox 770 1471 854 1508; x_wconf 81' lang='lat' dir='ltr'><strong>acie</strong></span> <span class='ocrx_word' id='word_1_189' title='bbox 876 1471 1042 1514; x_wconf 82' lang='lat' dir='ltr'><strong>stabant,</strong></span> <span class='ocrx_word' id='word_1_190' title='bbox 1077 1472 1217 1521; x_wconf 86' lang='lat' dir='ltr'><strong>quibus</strong></span> <span class='ocrx_word' id='word_1_191' title='bbox 1247 1472 1518 1509; x_wconf 79' lang='lat' dir='ltr'><strong>animadversis</strong></span> <span class='ocrx_word' id='word_1_192' title='bbox 1550 1473 1711 1510; x_wconf 81' lang='lat' dir='ltr'><strong>Vercin-</strong></span> 
     </span>
     <span class='ocr_line' id='line_1_22' title="bbox 251 1535 1709 1585; baseline 0.001 -13"><span class='ocrx_word' id='word_1_193' title='bbox 251 1535 413 1584; x_wconf 81' lang='lat' dir='ltr'><strong>getorix,</strong></span> <span class='ocrx_word' id='word_1_194' title='bbox 431 1543 637 1585; x_wconf 76' lang='lat' dir='ltr'><strong>antequam</strong></span> <span class='ocrx_word' id='word_1_195' title='bbox 662 1548 700 1571; x_wconf 88' lang='lat' dir='ltr'><strong>se</strong></span> <span class='ocrx_word' id='word_1_196' title='bbox 721 1535 841 1584; x_wconf 65' lang='lat' dir='ltr'><strong>aequis</strong></span> <span class='ocrx_word' id='word_1_197' title='bbox 863 1535 957 1572; x_wconf 85' lang='lat' dir='ltr'><strong>loeis</strong></span> <span class='ocrx_word' id='word_1_198' title='bbox 979 1535 1162 1580; x_wconf 72' lang='lat' dir='ltr'><strong>crederet,</strong></span> <span class='ocrx_word' id='word_1_199' title='bbox 1184 1549 1271 1572; x_wconf 87' lang='lat' dir='ltr'><strong>snos</strong></span> <span class='ocrx_word' id='word_1_200' title='bbox 1294 1536 1331 1572; x_wconf 90' lang='lat' dir='ltr'><strong>in</strong></span> <span class='ocrx_word' id='word_1_201' title='bbox 1353 1542 1479 1573; x_wconf 84' lang='lat' dir='ltr'><strong>castra</strong></span> <span class='ocrx_word' id='word_1_202' title='bbox 1495 1536 1709 1574; x_wconf 86' lang='lat' dir='ltr'><strong>revocavit:</strong></span> 
     </span>
     <span class='ocr_line' id='line_1_23' title="bbox 251 1599 1711 1649; baseline 0.001 -14"><span class='ocrx_word' id='word_1_203' title='bbox 251 1599 335 1636; x_wconf 77' lang='lat' dir='ltr'><strong>haec</strong></span> <span class='ocrx_word' id='word_1_204' title='bbox 356 1604 413 1636; x_wconf 80' lang='lat' dir='ltr'><strong>est</strong></span> <span class='ocrx_word' id='word_1_205' title='bbox 448 1599 546 1647; x_wconf 70' lang='lat' dir='ltr'><strong>legio</strong></span> <span class='ocrx_word' id='word_1_206' title='bbox 580 1600 626 1636; x_wconf 79' lang='lat' dir='ltr'><strong>ad</strong></span> <span class='ocrx_word' id='word_1_207' title='bbox 664 1600 897 1647; x_wconf 72' lang='lat' dir='ltr'><strong>Gorgomam</strong></span> <span class='ocrx_word' id='word_1_208' title='bbox 921 1599 1018 1644; x_wconf 82' lang='lat' dir='ltr'><strong>fusa,</strong></span> <span class='ocrx_word' id='word_1_209' title='bbox 1049 1600 1162 1648; x_wconf 84' lang='lat' dir='ltr'><strong>enjus</strong></span> <span class='ocrx_word' id='word_1_210' title='bbox 1196 1599 1366 1637; x_wconf 83' lang='lat' dir='ltr'><strong>meminit</strong></span> <span class='ocrx_word' id='word_1_211' title='bbox 1396 1600 1644 1649; x_wconf 82' lang='lat' dir='ltr'><strong>Tranquillus</strong></span> <span class='ocrx_word' id='word_1_212' title='bbox 1673 1600 1711 1637; x_wconf 88' lang='lat' dir='ltr'><strong>in</strong></span> 
     </span>
     <span class='ocr_line' id='line_1_24' title="bbox 252 1663 1715 1712; baseline 0.001 -13"><span class='ocrx_word' id='word_1_213' title='bbox 252 1663 377 1712; x_wconf 87' lang='lat' dir='ltr'><strong>primo</strong></span> <span class='ocrx_word' id='word_1_214' title='bbox 398 1663 495 1700; x_wconf 83' lang='lat' dir='ltr'><strong>inter</strong></span> <span class='ocrx_word' id='word_1_215' title='bbox 516 1670 589 1700; x_wconf 86' lang='lat' dir='ltr'><strong>tres</strong></span> <span class='ocrx_word' id='word_1_216' title='bbox 611 1663 700 1700; x_wconf 84' lang='lat' dir='ltr'><strong>belli</strong></span> <span class='ocrx_word' id='word_1_217' title='bbox 735 1663 879 1699; x_wconf 78' lang='lat' dir='ltr'><strong>Gallici</strong></span> <span class='ocrx_word' id='word_1_218' title='bbox 910 1663 1159 1701; x_wconf 80' lang='lat' dir='ltr'><strong>adversitates</strong></span> <span class='ocrx_word' id='word_1_219' title='bbox 1181 1665 1376 1701; x_wconf 59' lang='lat' dir='ltr'><strong>Caesareas</strong></span> <span class='ocrx_word' id='word_1_220' title='bbox 1396 1669 1606 1701; x_wconf 80' lang='lat' dir='ltr'><strong>numerata.</strong></span> <span class='ocrx_word' id='word_1_221' title='bbox 1663 1663 1715 1700; x_wconf 83' lang='lat' dir='ltr'><strong>Et:</strong></span> 
     </span>
     <span class='ocr_line' id='line_1_25' title="bbox 251 1725 1713 1776; baseline 0.001 -14"><span class='ocrx_word' id='word_1_222' title='bbox 251 1725 325 1762; x_wconf 88' lang='lat' dir='ltr'><strong>diei</strong></span> <span class='ocrx_word' id='word_1_223' title='bbox 348 1726 500 1776; x_wconf 88' lang='lat' dir='ltr'><strong>quidem</strong></span> <span class='ocrx_word' id='word_1_224' title='bbox 533 1727 633 1763; x_wconf 88' lang='lat' dir='ltr'><strong>illius</strong></span> <span class='ocrx_word' id='word_1_225' title='bbox 663 1726 836 1776; x_wconf 68' lang='lat' dir='ltr'><strong>reliquia:</strong></span> <span class='ocrx_word' id='word_1_226' title='bbox 858 1726 996 1763; x_wconf 83' lang='lat' dir='ltr'><strong>sauciis</strong></span> <span class='ocrx_word' id='word_1_227' title='bbox 1018 1726 1198 1764; x_wconf 76' lang='lat' dir='ltr'><strong>curandis</strong></span> <span class='ocrx_word' id='word_1_228' title='bbox 1218 1733 1284 1764; x_wconf 78' lang='lat' dir='ltr'><strong>aut</strong></span> <span class='ocrx_word' id='word_1_229' title='bbox 1318 1726 1520 1764; x_wconf 85' lang='lat' dir='ltr'><strong>humandis</strong></span> <span class='ocrx_word' id='word_1_230' title='bbox 1554 1727 1713 1764; x_wconf 87' lang='lat' dir='ltr'><strong>mortuis</strong></span> 
     </span>
     <span class='ocr_line' id='line_1_26' title="bbox 251 1790 1714 1841; baseline 0 -13"><span class='ocrx_word' id='word_1_231' title='bbox 251 1796 286 1828; x_wconf 78' lang='lat' dir='ltr'><strong>et</strong></span> <span class='ocrx_word' id='word_1_232' title='bbox 309 1791 399 1828; x_wconf 88' lang='lat' dir='ltr'><strong>seris</strong></span> <span class='ocrx_word' id='word_1_233' title='bbox 421 1791 666 1841; x_wconf 81' lang='lat' dir='ltr'><strong>querimoniis</strong></span> <span class='ocrx_word' id='word_1_234' title='bbox 687 1798 774 1827; x_wconf 89' lang='lat' dir='ltr'><strong>sunt</strong></span> <span class='ocrx_word' id='word_1_235' title='bbox 795 1791 1028 1840; x_wconf 67' lang='lat' dir='ltr'><strong>absumptae,</strong></span> <span class='ocrx_word' id='word_1_236' title='bbox 1060 1791 1125 1827; x_wconf 90' lang='lat' dir='ltr'><strong>ubi</strong></span> <span class='ocrx_word' id='word_1_237' title='bbox 1149 1790 1230 1828; x_wconf 87' lang='lat' dir='ltr'><strong>dies</strong></span> <span class='ocrx_word' id='word_1_238' title='bbox 1250 1792 1446 1840; x_wconf 76' lang='lat' dir='ltr'><strong>proximus</strong></span> <span class='ocrx_word' id='word_1_239' title='bbox 1477 1791 1602 1828; x_wconf 86' lang='lat' dir='ltr'><strong>illuxit</strong></span> <span class='ocrx_word' id='word_1_240' title='bbox 1623 1804 1714 1828; x_wconf 81' lang='lat' dir='ltr'><strong>con-</strong></span> 
     </span>
     <span class='ocr_line' id='line_1_27' title="bbox 252 1854 1713 1893; baseline 0.001 -2"><span class='ocrx_word' id='word_1_241' title='bbox 252 1861 390 1891; x_wconf 78' lang='lat' dir='ltr'><strong>vocato</strong></span> <span class='ocrx_word' id='word_1_242' title='bbox 410 1854 456 1891; x_wconf 82' lang='lat' dir='ltr'><strong>ad</strong></span> <span class='ocrx_word' id='word_1_243' title='bbox 479 1854 705 1891; x_wconf 88' lang='lat' dir='ltr'><strong>concionem</strong></span> <span class='ocrx_word' id='word_1_244' title='bbox 724 1854 894 1891; x_wconf 83' lang='lat' dir='ltr'><strong>exercitu</strong></span> <span class='ocrx_word' id='word_1_245' title='bbox 917 1856 1048 1891; x_wconf 69' lang='lat' dir='ltr'><strong>Caesar</strong></span> <span class='ocrx_word' id='word_1_246' title='bbox 1068 1854 1118 1891; x_wconf 83' lang='lat' dir='ltr'><strong>ita</strong></span> <span class='ocrx_word' id='word_1_247' title='bbox 1140 1854 1330 1892; x_wconf 81' lang='lat' dir='ltr'><strong>disseruit.</strong></span> <span class='ocrx_word' id='word_1_248' title='bbox 1388 1860 1397 1874; x_wconf 91' lang='lat'>‘</span> <span class='ocrx_word' id='word_1_249' title='bbox 1416 1855 1577 1892; x_wconf 79' lang='lat' dir='ltr'><strong>Habetis</strong></span> <span class='ocrx_word' id='word_1_250' title='bbox 1597 1862 1713 1893; x_wconf 86' lang='lat' dir='ltr'><strong>teme-</strong></span> 
     </span>
     <span class='ocr_line' id='line_1_28' title="bbox 251 1917 1709 1967; baseline 0.001 -14"><span class='ocrx_word' id='word_1_251' title='bbox 251 1918 373 1954; x_wconf 83' lang='lat' dir='ltr'><strong>ritatis</strong></span> <span class='ocrx_word' id='word_1_252' title='bbox 392 1931 414 1954; x_wconf 93' lang='lat'>0</span> <span class='ocrx_word' id='word_1_253' title='bbox 436 1918 569 1954; x_wconf 89' lang='lat' dir='ltr'><strong>milites</strong></span> <span class='ocrx_word' id='word_1_254' title='bbox 590 1924 628 1954; x_wconf 84' lang='lat' dir='ltr'><strong>et</strong></span> <span class='ocrx_word' id='word_1_255' title='bbox 648 1918 839 1967; x_wconf 86' lang='lat' dir='ltr'><strong>cupidinis</strong></span> <span class='ocrx_word' id='word_1_256' title='bbox 866 1924 1001 1954; x_wconf 67' lang='lat' dir='ltr'><strong>vestrae</strong></span> <span class='ocrx_word' id='word_1_257' title='bbox 1023 1917 1206 1963; x_wconf 83' lang='lat' dir='ltr'><strong>fructum,</strong></span> <span class='ocrx_word' id='word_1_258' title='bbox 1239 1918 1366 1954; x_wconf 81' lang='lat' dir='ltr'><strong>animo</strong></span> <span class='ocrx_word' id='word_1_259' title='bbox 1401 1925 1574 1955; x_wconf 84' lang='lat' dir='ltr'><strong>moestum</strong></span> <span class='ocrx_word' id='word_1_260' title='bbox 1609 1931 1709 1963; x_wconf 87' lang='lat' dir='ltr'><strong>meo,</strong></span> 
     </span>
     <span class='ocr_line' id='line_1_29' title="bbox 252 1981 1711 2030; baseline 0.001 -13"><span class='ocrx_word' id='word_1_261' title='bbox 252 1988 377 2018; x_wconf 83' lang='lat' dir='ltr'><strong>vestra</strong></span> <span class='ocrx_word' id='word_1_262' title='bbox 416 1988 539 2018; x_wconf 78' lang='lat' dir='ltr'><strong>tamen</strong></span> <span class='ocrx_word' id='word_1_263' title='bbox 570 1981 729 2018; x_wconf 79' lang='lat' dir='ltr'><strong>audacia</strong></span> <span class='ocrx_word' id='word_1_264' title='bbox 763 1988 877 2030; x_wconf 77' lang='lat' dir='ltr'><strong>atque</strong></span> <span class='ocrx_word' id='word_1_265' title='bbox 909 1981 1111 2017; x_wconf 84' lang='lat' dir='ltr'><strong>insolentia</strong></span> <span class='ocrx_word' id='word_1_266' title='bbox 1142 1994 1217 2017; x_wconf 89' lang='lat' dir='ltr'><strong>non</strong></span> <span class='ocrx_word' id='word_1_267' title='bbox 1250 1981 1473 2030; x_wconf 80' lang='lat' dir='ltr'><strong>indignum:</strong></span> <span class='ocrx_word' id='word_1_268' title='bbox 1505 1981 1571 2030; x_wconf 88' lang='lat' dir='ltr'><strong>qui</strong></span> <span class='ocrx_word' id='word_1_269' title='bbox 1604 1982 1711 2018; x_wconf 84' lang='lat' dir='ltr'><strong>vobis</strong></span> 
     </span>
     <span class='ocr_line' id='line_1_30' title="bbox 252 2043 1713 2095; baseline -0.001 -14"><span class='ocrx_word' id='word_1_270' title='bbox 252 2045 343 2095; x_wconf 89' lang='lat' dir='ltr'><strong>ipsis</strong></span> <span class='ocrx_word' id='word_1_271' title='bbox 365 2044 458 2094; x_wconf 87' lang='lat' dir='ltr'><strong>qnid</strong></span> <span class='ocrx_word' id='word_1_272' title='bbox 490 2044 682 2093; x_wconf 75' lang='lat' dir='ltr'><strong>agendum</strong></span> <span class='ocrx_word' id='word_1_273' title='bbox 715 2043 1031 2092; x_wconf 77' lang='lat' dir='ltr'><strong>linquendumve,</strong></span> <span class='ocrx_word' id='word_1_274' title='bbox 1073 2057 1150 2092; x_wconf 91' lang='lat' dir='ltr'><strong>quo</strong></span> <span class='ocrx_word' id='word_1_275' title='bbox 1171 2044 1354 2088; x_wconf 86' lang='lat' dir='ltr'><strong>eundum,</strong></span> <span class='ocrx_word' id='word_1_276' title='bbox 1396 2044 1496 2081; x_wconf 89' lang='lat' dir='ltr'><strong>unde</strong></span> <span class='ocrx_word' id='word_1_277' title='bbox 1518 2045 1713 2082; x_wconf 81' lang='lat' dir='ltr'><strong>abstinen-</strong></span> 
     </span>
     <span class='ocr_line' id='line_1_31' title="bbox 254 2107 1710 2158; baseline -0.001 -13"><span class='ocrx_word' id='word_1_278' title='bbox 254 2108 363 2153; x_wconf 88' lang='lat' dir='ltr'><strong>dum,</strong></span> <span class='ocrx_word' id='word_1_279' title='bbox 399 2109 472 2145; x_wconf 88' lang='lat' dir='ltr'><strong>boe</strong></span> <span class='ocrx_word' id='word_1_280' title='bbox 494 2115 563 2152; x_wconf 84' lang='lat' dir='ltr'><strong>est,</strong></span> <span class='ocrx_word' id='word_1_281' title='bbox 596 2115 717 2145; x_wconf 90' lang='lat' dir='ltr'><strong>totum</strong></span> <span class='ocrx_word' id='word_1_282' title='bbox 739 2109 852 2144; x_wconf 80' lang='lat' dir='ltr'><strong>vestri</strong></span> <span class='ocrx_word' id='word_1_283' title='bbox 887 2108 996 2144; x_wconf 87' lang='lat' dir='ltr'><strong>ducis</strong></span> <span class='ocrx_word' id='word_1_284' title='bbox 1016 2107 1184 2144; x_wconf 79' lang='lat' dir='ltr'><strong>officium</strong></span> <span class='ocrx_word' id='word_1_285' title='bbox 1207 2108 1435 2156; x_wconf 74' lang='lat' dir='ltr'><strong>usurpastis,</strong></span> <span class='ocrx_word' id='word_1_286' title='bbox 1492 2108 1612 2157; x_wconf 85' lang='lat' dir='ltr'><strong>Atqui</strong></span> <span class='ocrx_word' id='word_1_287' title='bbox 1638 2121 1710 2158; x_wconf 84' lang='lat' dir='ltr'><strong>ego</strong></span> 
     </span>
     <span class='ocr_line' id='line_1_32' title="bbox 251 2171 1708 2221; baseline 0 -13"><span class='ocrx_word' id='word_1_288' title='bbox 251 2179 387 2209; x_wconf 70' lang='lat' dir='ltr'><strong>vestr-ee</strong></span> <span class='ocrx_word' id='word_1_289' title='bbox 409 2172 550 2208; x_wconf 71' lang='lat' dir='ltr'><strong>militize</strong></span> <span class='ocrx_word' id='word_1_290' title='bbox 567 2172 631 2208; x_wconf 83' lang='lat' dir='ltr'><strong>ubi</strong></span> <span class='ocrx_word' id='word_1_291' title='bbox 653 2185 805 2221; x_wconf 88' lang='lat' dir='ltr'><strong>possum</strong></span> <span class='ocrx_word' id='word_1_292' title='bbox 828 2171 956 2208; x_wconf 76' lang='lat' dir='ltr'><strong>faveo:</strong></span> <span class='ocrx_word' id='word_1_293' title='bbox 981 2184 1045 2207; x_wconf 73' lang='lat' dir='ltr'><strong>vos</strong></span> <span class='ocrx_word' id='word_1_294' title='bbox 1065 2172 1171 2215; x_wconf 71' lang='lat' dir='ltr'><strong>milii,</strong></span> <span class='ocrx_word' id='word_1_295' title='bbox 1190 2171 1293 2221; x_wconf 86' lang='lat' dir='ltr'><strong>quod</strong></span> <span class='ocrx_word' id='word_1_296' title='bbox 1317 2172 1352 2207; x_wconf 93' lang='lat' dir='ltr'><strong>in</strong></span> <span class='ocrx_word' id='word_1_297' title='bbox 1372 2171 1480 2208; x_wconf 63' lang='lat' dir='ltr'><strong>vobis</strong></span> <span class='ocrx_word' id='word_1_298' title='bbox 1495 2178 1566 2215; x_wconf 88' lang='lat' dir='ltr'><strong>est,</strong></span> <span class='ocrx_word' id='word_1_299' title='bbox 1586 2185 1708 2209; x_wconf 88' lang='lat' dir='ltr'><strong>meum</strong></span> 
     </span>
     <span class='ocr_line' id='line_1_33' title="bbox 251 2234 1711 2285; baseline 0 -13"><span class='ocrx_word' id='word_1_300' title='bbox 251 2235 453 2285; x_wconf 87' lang='lat' dir='ltr'><strong>imperinm</strong></span> <span class='ocrx_word' id='word_1_301' title='bbox 484 2235 698 2285; x_wconf 76' lang='lat' dir='ltr'><strong>abrogastis</strong></span> <span class='ocrx_word' id='word_1_302' title='bbox 720 2249 728 2277; x_wconf 94' lang='lat'>;</span> <span class='ocrx_word' id='word_1_303' title='bbox 761 2234 826 2284; x_wconf 91' lang='lat' dir='ltr'><strong>qui</strong></span> <span class='ocrx_word' id='word_1_304' title='bbox 849 2235 996 2283; x_wconf 72' lang='lat' dir='ltr'><strong>signum</strong></span> <span class='ocrx_word' id='word_1_305' title='bbox 1031 2235 1204 2284; x_wconf 81' lang='lat' dir='ltr'><strong>receptui</strong></span> <span class='ocrx_word' id='word_1_306' title='bbox 1227 2249 1245 2271; x_wconf 81' lang='lat' dir='ltr'>a</span> <span class='ocrx_word' id='word_1_307' title='bbox 1269 2248 1324 2271; x_wconf 87' lang='lat' dir='ltr'><strong>me</strong></span> <span class='ocrx_word' id='word_1_308' title='bbox 1346 2234 1493 2279; x_wconf 78' lang='lat' dir='ltr'><strong>datum,</strong></span> <span class='ocrx_word' id='word_1_309' title='bbox 1527 2235 1590 2283; x_wconf 89' lang='lat' dir='ltr'><strong>qui</strong></span> <span class='ocrx_word' id='word_1_310' title='bbox 1613 2235 1711 2283; x_wconf 76' lang='lat' dir='ltr'><strong>lega-</strong></span> 
     </span>
     <span class='ocr_line' id='line_1_34' title="bbox 253 2298 1710 2348; baseline 0 -12"><span class='ocrx_word' id='word_1_311' title='bbox 253 2306 393 2344; x_wconf 85' lang='lat' dir='ltr'><strong>torum,</strong></span> <span class='ocrx_word' id='word_1_312' title='bbox 417 2300 492 2336; x_wconf 92' lang='lat' dir='ltr'><strong>imo</strong></span> <span class='ocrx_word' id='word_1_313' title='bbox 509 2312 612 2336; x_wconf 88' lang='lat' dir='ltr'><strong>meos</strong></span> <span class='ocrx_word' id='word_1_314' title='bbox 633 2313 677 2336; x_wconf 83' lang='lat' dir='ltr'><strong>ex</strong></span> <span class='ocrx_word' id='word_1_315' title='bbox 700 2299 848 2335; x_wconf 88' lang='lat' dir='ltr'><strong>illorum</strong></span> <span class='ocrx_word' id='word_1_316' title='bbox 871 2312 934 2335; x_wconf 87' lang='lat' dir='ltr'><strong>ore</strong></span> <span class='ocrx_word' id='word_1_317' title='bbox 957 2299 1066 2335; x_wconf 82' lang='lat' dir='ltr'><strong>utiles</strong></span> <span class='ocrx_word' id='word_1_318' title='bbox 1088 2299 1254 2336; x_wconf 84' lang='lat' dir='ltr'><strong>monitus</strong></span> <span class='ocrx_word' id='word_1_319' title='bbox 1274 2298 1571 2347; x_wconf 83' lang='lat' dir='ltr'><strong>contempsistis,</strong></span> <span class='ocrx_word' id='word_1_320' title='bbox 1593 2305 1710 2348; x_wconf 81' lang='lat' dir='ltr'><strong>atque</strong></span> 
     </span>
     <span class='ocr_line' id='line_1_35' title="bbox 253 2361 1712 2411; baseline -0.001 -11"><span class='ocrx_word' id='word_1_321' title='bbox 253 2369 412 2411; x_wconf 82' lang='lat' dir='ltr'><strong>urgente</strong></span> <span class='ocrx_word' id='word_1_322' title='bbox 433 2363 561 2399; x_wconf 87' lang='lat' dir='ltr'><strong>nescio</strong></span> <span class='ocrx_word' id='word_1_323' title='bbox 581 2374 744 2411; x_wconf 87' lang='lat' dir='ltr'><strong>quonam</strong></span> <span class='ocrx_word' id='word_1_324' title='bbox 767 2362 979 2398; x_wconf 77' lang='lat' dir='ltr'><strong>animorum</strong></span> <span class='ocrx_word' id='word_1_325' title='bbox 1000 2362 1145 2411; x_wconf 89' lang='lat' dir='ltr'><strong>impetu</strong></span> <span class='ocrx_word' id='word_1_326' title='bbox 1168 2362 1299 2405; x_wconf 77' lang='lat' dir='ltr'><strong>ivistis,</strong></span> <span class='ocrx_word' id='word_1_327' title='bbox 1334 2361 1434 2397; x_wconf 85' lang='lat' dir='ltr'><strong>unde</strong></span> <span class='ocrx_word' id='word_1_328' title='bbox 1455 2374 1524 2398; x_wconf 85' lang='lat' dir='ltr'><strong>nec</strong></span> <span class='ocrx_word' id='word_1_329' title='bbox 1547 2362 1712 2399; x_wconf 84' lang='lat' dir='ltr'><strong>redirent</strong></span> 
     </span>
     <span class='ocr_line' id='line_1_36' title="bbox 254 2424 1709 2475; baseline 0.001 -13"><span class='ocrx_word' id='word_1_330' title='bbox 254 2439 400 2470; x_wconf 86' lang='lat' dir='ltr'><strong>omnes,</strong></span> <span class='ocrx_word' id='word_1_331' title='bbox 441 2439 563 2475; x_wconf 81' lang='lat' dir='ltr'><strong>neque</strong></span> <span class='ocrx_word' id='word_1_332' title='bbox 611 2425 675 2474; x_wconf 88' lang='lat' dir='ltr'><strong>qui</strong></span> <span class='ocrx_word' id='word_1_333' title='bbox 707 2424 885 2468; x_wconf 83' lang='lat' dir='ltr'><strong>redirent,</strong></span> <span class='ocrx_word' id='word_1_334' title='bbox 924 2431 991 2461; x_wconf 83' lang='lat' dir='ltr'><strong>aut</strong></span> <span class='ocrx_word' id='word_1_335' title='bbox 1031 2426 1188 2461; x_wconf 84' lang='lat' dir='ltr'><strong>salutem</strong></span> <span class='ocrx_word' id='word_1_336' title='bbox 1225 2438 1345 2469; x_wconf 79' lang='lat' dir='ltr'><strong>suam,</strong></span> <span class='ocrx_word' id='word_1_337' title='bbox 1386 2431 1450 2461; x_wconf 81' lang='lat' dir='ltr'><strong>aut</strong></span> <span class='ocrx_word' id='word_1_338' title='bbox 1498 2426 1709 2463; x_wconf 80' lang='lat' dir='ltr'><strong>Romanum</strong></span> 
     </span>
     <span class='ocr_line' id='line_1_37' title="bbox 254 2489 1709 2539; baseline -0.001 -12"><span class='ocrx_word' id='word_1_339' title='bbox 254 2489 372 2527; x_wconf 86' lang='lat' dir='ltr'><strong>decus</strong></span> <span class='ocrx_word' id='word_1_340' title='bbox 393 2490 578 2539; x_wconf 82' lang='lat' dir='ltr'><strong>integrum</strong></span> <span class='ocrx_word' id='word_1_341' title='bbox 601 2491 887 2538; x_wconf 65' lang='lat' dir='ltr'><strong>”teporat-ent:</strong></span> <span class='ocrx_word' id='word_1_342' title='bbox 921 2502 966 2524; x_wconf 82' lang='lat' dir='ltr'><strong>an</strong></span> <span class='ocrx_word' id='word_1_343' title='bbox 989 2489 1218 2537; x_wconf 74' lang='lat' dir='ltr'><strong>ignorabatis</strong></span> <span class='ocrx_word' id='word_1_344' title='bbox 1239 2495 1276 2525; x_wconf 91' lang='lat' dir='ltr'><strong>nt</strong></span> <span class='ocrx_word' id='word_1_345' title='bbox 1301 2489 1425 2537; x_wconf 72' lang='lat' dir='ltr'><strong>magni</strong></span> <span class='ocrx_word' id='word_1_346' title='bbox 1447 2502 1547 2538; x_wconf 63' lang='lat' dir='ltr'><strong>saepe</strong></span> <span class='ocrx_word' id='word_1_347' title='bbox 1568 2489 1709 2527; x_wconf 78' lang='lat' dir='ltr'><strong>exerci-</strong></span> 
     </span>
    </p>
   </div>
   <div class='ocr_carea' id='block_1_3' title="bbox 252 2628 1711 2723">
    <p class='ocr_par' dir='ltr' id='par_1_3' title="bbox 252 2628 1711 2723">
     <span class='ocr_line' id='line_1_38' title="bbox 296 2628 1711 2669; baseline -0.001 -10"><span class='ocrx_word' id='word_1_348' title='bbox 296 2631 338 2660; x_wconf 82' lang='lat'><strong>52</strong></span> <span class='ocrx_word' id='word_1_349' title='bbox 371 2629 486 2667; x_wconf 77' lang='lat' dir='ltr'><strong>Forte,</strong></span> <span class='ocrx_word' id='word_1_350' title='bbox 511 2629 607 2658; x_wconf 80' lang='lat' dir='ltr'><strong>locum</strong></span> <span class='ocrx_word' id='word_1_351' title='bbox 630 2628 753 2668; x_wconf 78' lang='lat' dir='ltr'><strong>pra‘mii</strong></span> <span class='ocrx_word' id='word_1_352' title='bbox 776 2628 1055 2669; x_wconf 73' lang='lat' dir='ltr'><strong>suppliciun10—53</strong></span> <span class='ocrx_word' id='word_1_353' title='bbox 1089 2629 1202 2669; x_wconf 79' lang='lat' dir='ltr'><strong>Forte,</strong></span> <span class='ocrx_word' id='word_1_354' title='bbox 1231 2631 1485 2661; x_wconf 51' lang='lat' dir='ltr'><strong>conversus-54</strong></span> <span class='ocrx_word' id='word_1_355' title='bbox 1519 2629 1634 2669; x_wconf 85' lang='lat' dir='ltr'><strong>Forte,</strong></span> <span class='ocrx_word' id='word_1_356' title='bbox 1646 2631 1711 2659; x_wconf 63' lang='lat' dir='ltr'><strong>”vos</strong></span> 
     </span>
     <span class='ocr_line' id='line_1_39' title="bbox 252 2682 790 2723; baseline 0.002 -10"><span class='ocrx_word' id='word_1_357' title='bbox 252 2682 444 2713; x_wconf 77' lang='lat' dir='ltr'><strong>morli.-55</strong></span> <span class='ocrx_word' id='word_1_358' title='bbox 470 2683 790 2723; x_wconf 74' lang='lat' dir='ltr'><strong>che‚reporlarenl.</strong></span> 
     </span>
    </p>
   </div>
  </div>
 </body>
</html>
