1850 3109
542 183 602 211 nn
639 182 752 211 viTA
785 180 916 210 sumi
952 182 1182 212 cumnis.
1475 173 1588 215 1823

129 279 205 316 lum
239 278 444 328 profectas,
474 277 510 313 in
547 277 652 313 Italia
687 276 887 320 ‹letentas;
925 277 1016 326 quin
1054 284 1090 314 ct
1131 278 1318 326 Pompcjo
1353 280 1585 328 assignatas:

126 342 230 391 quod
251 341 298 378 ad
326 340 539 378 evidentem
571 340 734 377 Caesaris
757 340 933 388 injuriam
956 341 1143 389 pertinere
1162 353 1234 377 non
1264 341 1383 377 solum
1415 343 1495 391 ipsc
1526 345 1586 382 vir

127 405 225 449 talis,
247 403 312 441 sed
337 403 574 452 quicumque
595 402 644 439 de
665 404 808 453 populo
828 404 1117 454 perpendebat:
1149 403 1277 441 adhuc
1300 411 1426 441 tamen
1445 406 1583 443 tacitus

124 467 321 517 processit.
377 466 719 517 Conventilmsque
753 468 917 518 peractis
952 475 993 505 ut
1028 468 1186 513 solebat,
1226 468 1447 505 Ravennam
1484 470 1585 506 venit

123 531 256 570 urbem
286 544 364 568 suae
393 530 603 580 provincia:
635 532 683 568 ab
709 544 754 569 ea
783 539 892 582 parte
925 532 1191 569 novissimam:
1214 538 1255 569 ut
1293 545 1363 570 nec
1395 532 1582 570 terminos

123 608 212 633 suos
233 593 435 632 excederet
463 600 501 631 et
530 594 727 644 proximus
748 601 850 632 esset
868 594 1107 639 adversariis,
1129 608 1173 632 ac
1195 596 1395 644 ²¹peractis
1430 595 1581 641 ulcisci,

123 659 154 696 si
186 658 282 708 quid
314 657 412 696 forte
439 658 496 696 sui
516 658 604 695 odio
625 658 662 695 in
683 658 857 695 tribunos
878 658 1065 696 inimicius
1094 658 1370 696 decrevissent.
1428 660 1476 696 Et
1507 659 1582 696 hoc

121 722 279 772 quidem
305 722 392 759 belli
414 723 533 759 civilis
554 721 718 766 initium,
742 721 801 758 bae
825 721 980 758 suerunt
1000 734 1142 767 causae,
1173 722 1339 771 aliquam
1361 728 1399 759 et
1420 722 1582 760 fortasse

120 798 197 824 non
220 798 372 835 parvam
398 785 561 834 justitiae
583 784 720 822 facicm
753 785 950 829 habentes,
983 785 1013 822 si
1044 797 1122 834 qua
1155 798 1315 834 usquam
1342 799 1426 823 esse
1453 792 1583 835 potest

113 849 222 898 justa
243 862 358 887 causa
381 848 543 899 patriam
559 848 824 899 oppugnandi,
847 849 1018 898 quamvis
1039 849 1088 886 ab
1109 848 1190 886 aliis
1212 848 1334 886 minus
1357 849 1478 896 justae
1499 849 1583 900 qui·

120 913 210 952 dem
247 914 474 952 afferantur:
514 913 579 950 sed
617 912 745 950 odium
785 912 1026 949 manifestum
1066 911 1273 950 testimonii
1312 911 1428 949 fidem
1465 913 1579 950 levat.

120 978 261 1016 Cnaeus
297 977 504 1026 l’ompejus
533 989 647 1026 gener
679 982 795 1025 atque
830 975 948 1012 bostis
987 975 1162 1021 Caesaris,
1197 974 1340 1024 ajebat,
1378 988 1463 1013 eum
1493 975 1580 1014 ideo

119 1042 225 1092 quod
252 1055 327 1079 non
347 1047 477 1091 posset
497 1054 615 1091 opera
643 1041 812 1090 incoepta
833 1039 1028 1090 perficere,
1051 1052 1176 1089 neque
1210 1039 1258 1076 de
1285 1052 1324 1077 se
1358 1039 1490 1089 populi
1517 1054 1582 1078 ex·

118 1106 375 1155 pectationem
410 1105 634 1154 adimplere,
671 1105 825 1142 turbare
865 1103 991 1141 onmia
1029 1103 1204 1147 voluisse,
1234 1116 1281 1140 ne
1313 1103 1351 1140 in
1385 1103 1578 1142 turbando

119 1169 256 1207 veritas
277 1175 500 1219 appareret:
519 1169 621 1206 suere
642 1170 708 1218 qui
734 1169 903 1205 timuisse
924 1168 1028 1205 illum
1043 1167 1229 1212 dicerent,
1250 1180 1297 1204 ne
1317 1180 1459 1212 eorum,
1475 1168 1578 1218 ²²qui

116 1233 241 1283 primo
257 1234 457 1271 consulatu
477 1239 610 1270 contra
630 1233 732 1283 leges
749 1239 930 1281 gesserat,
960 1231 1145 1268 rationem
1178 1230 1340 1268 reddere
1371 1231 1476 1280 gravi
1507 1243 1576 1268 suo

116 1297 287 1346 periculo
308 1304 530 1348 cogeretur:
563 1311 649 1334 cum
682 1299 841 1335 Marcus
873 1297 984 1342 Cato,
1016 1296 1088 1333 iste
1110 1296 1276 1340 ultimus,
1312 1294 1424 1344 cujus
1458 1294 1577 1332 virtus

115 1374 161 1398 ac
183 1362 350 1410 gravitas
372 1361 710 1406 comminationem
734 1360 819 1408 ejus
841 1373 917 1397 non
938 1361 1062 1397 minus
1082 1358 1287 1396 terribilem
1310 1371 1426 1408 quam
1447 1357 1577 1407 cujus-

114 1437 268 1474 cunque
284 1424 453 1461 consulis
474 1423 654 1469 faciebat,
673 1423 799 1473 palam
823 1423 972 1460 diceret
999 1435 1044 1460 ac
1071 1423 1233 1471 juraret,
1256 1434 1294 1459 se
1315 1421 1475 1459 Caesaris
1509 1434 1577 1459 no·

114 1501 213 1534 men,
236 1502 337 1534 mox,
361 1496 401 1526 ut
421 1489 590 1537 privatus
609 1500 693 1525 esse
714 1487 912 1537 inciperet,
935 1487 1030 1524 inter
1050 1499 1132 1523 reos
1154 1485 1388 1522 delaturum:
1403 1485 1572 1535 publicae

112 1552 172 1589 ille
199 1553 363 1602 justitiae
391 1553 594 1597 studiosus,
629 1565 695 1589 seu
728 1551 896 1601 propriae
918 1563 1062 1588 memor
1093 1549 1261 1598 injuriae:
1291 1547 1392 1586 unde
1415 1548 1501 1597 jam
1534 1549 1572 1586 in

113 1615 248 1665 vulgus
267 1615 428 1652 effusum
449 1623 542 1660 erat,
571 1615 672 1652 idem
699 1614 842 1653 Caesari
869 1620 1092 1652 eventurum
1114 1613 1219 1662 quod
1255 1612 1406 1657 Miloni,
1427 1618 1467 1650 ut
1499 1613 1572 1651 cir-

111 1685 331 1728 cumseptus
352 1679 506 1716 armatis
526 1678 632 1728 apud
659 1678 814 1728 judices
833 1691 898 1715 seu
917 1691 964 1714 ex
985 1677 1146 1715 vinculis
1168 1688 1321 1714 causam
1345 1676 1463 1715 dicat.
1522 1678 1572 1716 Et

111 1743 213 1780 hanc
234 1742 475 1780 verisimilem
506 1742 596 1780 belli
619 1755 774 1780 causam
798 1741 915 1779 videri
945 1754 1069 1792 posse,
1092 1753 1167 1778 una
1187 1753 1261 1777 vox
1281 1739 1364 1788 ejus
1383 1739 1492 1786 facit,
1521 1740 1570 1778 de

110 1820 188 1858 qua
208 1820 277 1844 suo
298 1807 383 1845 loco
403 1807 530 1844 dicam
549 1819 557 1843 :
588 1806 668 1844 aliis
691 1807 810 1843 visum
832 1812 903 1851 est,
920 1805 1033 1855 [179]
1054 1816 1139 1842 eum
1162 1803 1285 1853 spatio
1315 1803 1569 1853 plurimorum

108 1883 293 1908 annorum
310 1871 472 1921 imperio
490 1870 764 1915 assuefactum,
777 1869 999 1907 2³didicisse
1019 1870 1209 1919 privatum
1228 1867 1407 1911 modum;
1429 1874 1468 1905 et
1489 1868 1571 1906 sola

109 1934 403 1985 ²“cupidinandi
424 1933 650 1972 dominandi
679 1934 717 1970 in
749 1934 849 1970 bella
868 1933 992 1970 civilia
1012 1931 1272 1969 consensisse:
1312 1930 1396 1967 liaec
1418 1929 1570 1968 videtur

108 1997 227 2036 fuisse
247 1998 442 2036 Ciceronis
461 1998 606 2047 opinio,
622 1998 695 2035 sibi
718 1997 908 2034 interdum
930 1995 1166 2039 amicissimi,
1189 1994 1257 2031 sed
1277 1993 1314 2030 in
1335 1991 1409 2031 fine
1426 1993 1567 2032 hostis:

108 2061 173 2111 qui
194 2061 232 2098 in
257 2061 362 2099 libris
382 2061 610 2099 Officiorum
630 2074 779 2111 semper
799 2063 990 2100 Caesarem
1014 2060 1050 2096 in
1077 2072 1142 2096 ore
1163 2058 1342 2095 habuisse
1362 2057 1415 2094 ait
1435 2071 1565 2096 versus

107 2124 190 2162 illos
207 2125 411 2175 Euripidis,
433 2138 530 2174 quos
548 2125 630 2175 ipse
651 2125 705 2163 sic-
724 2125 761 2162 in
782 2126 959 2162 Latinum
982 2125 1090 2161 vertit
1109 2137 1119 2166 ;
1152 2128 1162 2143 ‘
1185 2135 1271 2158 uam
1293 2121 1324 2158 si
1346 2120 1564 2159 violandum

105 2194 165 2225 est
177 2188 258 2237 jus,
276 2187 458 2237 regnandi
479 2187 597 2237 gratia
618 2187 841 2225 violandum
867 2195 950 2232 est:
984 2187 1066 2224 aliis
1097 2186 1210 2223 rebus
1231 2185 1414 2235 pietatem
1436 2184 1568 2222 colas.'

108 2250 332 2290 Posuiecce
353 2251 551 2301 opiniones
571 2251 766 2288 hominum
784 2251 906 2288 varias
927 2264 1003 2288 una
1018 2251 1234 2299 eademque
1255 2248 1302 2285 de
1319 2261 1369 2292 re,
1390 2254 1428 2284 et
1447 2247 1569 2285 homi—

106 2327 196 2352 num
228 2315 326 2352 idem
357 2315 565 2351 volentium
589 2316 778 2352 Caesarem
810 2315 958 2352 scilicet
987 2314 1191 2351 infamare:
1227 2312 1319 2348 milti
1343 2318 1472 2348 autem
1506 2318 1566 2349 sat

106 2392 152 2416 ne
178 2377 301 2415 dicam
335 2377 444 2414 valde
474 2391 598 2414 rerum
631 2378 762 2415 talium
784 2379 965 2415 2⁵curiose
1000 2390 1132 2415 venere
1163 2376 1212 2413 ad
1243 2388 1378 2412 manus
1412 2374 1564 2424 aliquot

105 2441 266 2480 Caesaris
285 2441 402 2491 ipsius
430 2442 617 2490 epistolae.
672 2442 775 2479 Nota
808 2449 894 2478 sunt
925 2442 1037 2478 etiam
1066 2441 1147 2490 ejus
1179 2439 1282 2476 (licta
1307 2451 1352 2475 ac
1378 2450 1563 2487 responsa

104 2518 220 2556 quam
258 2504 431 2554 plurima,
453 2504 491 2540 iu
519 2505 658 2554 quibus
687 2504 868 2542 omuibus
897 2504 1053 2541 avidum
1082 2517 1121 2540 se
1151 2502 1257 2553 pacis
1277 2500 1461 2546 ostendit,
1479 2500 1563 2551 qui-

145 2644 185 2673 21
211 2642 324 2680 Forte,
348 2643 574 2681 paratum—22
599 2641 704 2682 Lege,
727 2643 888 2681 quoeffaa,
912 2640 1019 2681 Lege,
1046 2638 1327 2670 dedidicisse.-2.1
1350 2635 1454 2675 Lege,
1477 2633 1562 2674 cupi·

101 2694 269 2726 dine.—25
294 2694 397 2735 Lege,
412 2694 539 2726 curioso.
