1850 3109
274 162 384 203 115⁴ss

270 268 316 300 tis
330 266 522 309 tempestatis
547 266 593 297 ita
613 264 805 297 obscurabat.
842 263 963 295 Buslid

271 324 397 356 autem,
408 321 444 348 ut
459 317 516 348 vix
527 316 703 357 praa-imum
716 315 892 356 quisquam
907 323 975 352 cog-

272 379 391 402 noscere
403 371 518 410 posset.
548 364 822 398 Rescribendum
837 372 976 401 censeo,

271 422 386 454 Aerem
410 419 458 449 cis
488 416 679 457 tempestatis
708 416 754 445 ita
783 412 975 450 obscurabat,

270 474 305 502 ut
327 471 383 501 vix
403 469 579 510 proximum
598 466 774 507 quisquam
797 472 976 502 cognoscere

270 521 354 558 (vel,
385 519 410 549 si
443 517 561 554 mavis,
586 525 627 546 ex
659 515 778 545 Petav.
803 517 838 543 et
855 512 975 552 Cujac.

270 571 361 610 legas
373 566 554 607 agnoscere)
564 570 677 606 posset.
695 566 806 596 Dacis.
820 574 891 595 eur.
905 573 973 594 sec.

271 619 403 650 Excudi
429 617 557 655 curavi,
580 615 669 657 quod
692 614 848 655 praebent
871 613 975 644 etiam

270 669 395 709 Scalig.
413 668 509 699 Leid.
527 677 579 707 pr.
599 665 746 697 Dorvill.
772 666 871 700 Quem
885 664 932 694 ris
948 667 973 694 t.

270 720 317 751 ito
331 718 524 757 obscurabat,
538 722 570 748 ut
587 718 639 748 ria⁸
659 726 708 757 pr.
723 726 886 755 agnoscere
906 726 973 755 pos-

269 774 326 801 set.
372 770 553 809 Ingeniose
572 773 685 798 autem
700 766 802 797 a'e'rem
826 765 974 805 conjecit

270 820 443 852 Davisius.
469 819 510 849 Iu
537 818 633 849 Leid.
650 827 716 848 sce.
734 821 787 847 est
804 816 975 854 Aditus-que

270 870 326 901 ris.
359 870 519 901 Ciaccou.
543 868 589 898 ait
617 868 649 897 in
677 876 737 897 sua
765 865 866 895 etiam
895 864 974 894 addi

271 920 396 950 aditus:
419 930 479 959 qua
506 919 551 948 ris
575 918 681 947 Dorv.
707 915 840 955 Opinor
862 915 975 953 legeu-

272 970 350 1000 ‹lum
367 969 583 1009 adflictaretur
596 968 713 1004 aditus,
725 975 813 1005 quem
828 965 872 995 cis
883 968 975 1003 temp.

271 1021 317 1050 ita
335 1019 526 1057 obscurabat,
549 1020 624 1056 δας
650 1022 687 1047 ut
708 1015 813 1046 aditus
835 1015 879 1045 sit
903 1015 976 1054 ipsa

272 1069 418 1100 adeundi
432 1069 536 1107 actio,
552 1068 603 1098 vel
622 1068 727 1105 locus,
743 1075 809 1106 quo
825 1064 976 1095 adibant.

272 1122 379 1152 Favet
410 1120 488 1150 huic
526 1119 744 1159 conjecturae,
775 1115 863 1156 quod
900 1125 976 1146 mox

272 1181 333 1211 pro
348 1172 388 1201 ad
403 1180 472 1201 eum
493 1170 590 1199 locum
612 1178 679 1198 ren.
696 1167 731 1197 in
747 1166 831 1197 Mss.
857 1165 974 1196 Leidd.

273 1221 394 1251 Pctnv.
426 1219 503 1259 Cuj.
539 1219 660 1255 scalig.
691 1222 726 1248 et
760 1215 846 1247 Edd.
876 1216 975 1247 Vasc.

273 1272 407 1311 Grypli.
422 1271 539 1310 Stepli.
559 1274 689 1300 tantum
706 1268 749 1298 sit
765 1268 805 1297 ad
821 1277 887 1297 eum
909 1276 974 1297 ren.

273 1321 362 1352 unde
380 1321 466 1351 mule
485 1320 562 1351 Aul.
580 1320 711 1350 Mauut.
739 1323 774 1348 et
791 1327 884 1357 seqq.
902 1317 977 1347 sim-

274 1371 409 1412 pliciter
437 1372 536 1401 locum
558 1370 758 1400 ediderunt:
783 1369 823 1398 ad
845 1378 913 1398 eum
937 1369 979 1398 lo-

273 1432 338 1453 cum
357 1421 445 1453 enim
465 1421 591 1452 liabent
609 1419 717 1450 ceteri
738 1419 820 1449 Mss.
839 1422 874 1448 et
891 1418 977 1449 liud.

275 1471 402 1511 primae.
439 1470 477 1501 Iu
496 1469 582 1500 Edd.
610 1470 708 1500 l’tom.
733 1470 819 1499 Ven.
838 1478 877 1498 ac
903 1469 977 1498 Me-

274 1521 356 1552 diol.
384 1522 516 1561 adeoque
542 1520 586 1549 ris
611 1523 634 1550 t.
659 1519 851 1555 obscurabat,
867 1521 900 1548 ut
926 1518 978 1548 rix

271 1581 323 1612 pr.
353 1571 514 1611 quisquam
544 1579 594 1607 ag.
619 1572 738 1608 posset.-
770 1568 883 1599 deleto
913 1568 979 1603 ita,-

276 1622 497 1662 iuterpolatc.
536 1620 675 1651 Rectius
701 1629 761 1659 pro
789 1622 910 1659 posset.-
945 1619 977 1648 in

274 1672 382 1705 Dorv.
401 1676 454 1701 est
479 1670 586 1710 possis,
611 1680 670 1710 pro
688 1680 753 1710 quo
770 1670 846 1709 lego
866 1679 978 1708 posses.

275 1722 331 1752 lta
346 1721 467 1752 millies
485 1721 516 1750 iu
541 1720 734 1751 auctoribus
752 1723 783 1749 ut
800 1720 928 1759 diceres,
945 1723 979 1750 ut

270 1774 410 1812 putares,
422 1775 455 1801 ut
470 1771 602 1801 nescires
610 1770 769 1801 occurrit.
789 1771 979 1808 Cognoscere

274 1829 389 1853 autem
417 1822 541 1852 mutavi
568 1821 601 1851 in
623 1830 786 1859 agnoscere
807 1829 875 1860 prae
893 1820 976 1850 Mss.

273 1873 500 1910 auetoritate3
534 1872 615 1903 licet
645 1872 749 1902 sciam
781 1881 871 1911 saepc
898 1871 979 1902 alte-

275 1932 349 1954 rum
377 1933 440 1963 pro
471 1922 579 1953 altero
611 1921 786 1962 usurpari;
821 1921 911 1962 quod
943 1926 979 1952 et

275 1972 478 2004 monendum
493 1971 555 2003 fuit
574 1982 685 2011 supra.

320 2026 360 2054 18
384 2023 484 2053 Binos
509 2022 625 2062 equites
646 2022 799 2061 incedere]
825 2022 902 2053 Non
928 2032 978 2053 re-

275 2071 385 2104 fertur
402 2073 443 2103 ad
460 2082 633 2103 numerum
651 2082 781 2110 eorum,
797 2073 852 2112 qui
868 2073 980 2104 mitte-

276 2123 412 2161 bantur,
441 2124 495 2153 cui
525 2123 612 2153 enim
645 2123 719 2153 usui
750 2122 815 2154 duo
847 2125 979 2165 equites

276 2180 411 2215 possent
429 2174 609 2205 inservire?
635 2179 692 2205 aut
709 2174 876 2215 quomodo
894 2185 979 2215 prae-

277 2225 347 2255 texi
367 2229 503 2264 poterat
529 2234 580 2255 eos
604 2225 709 2255 comari
731 2227 772 2255 ad
799 2235 916 2256 murum
932 2237 979 2256 ac-

275 2276 394 2312 cedere,
410 2278 444 2305 nt
467 2276 612 2315 oppidum
633 2274 800 2315 cuperent?
825 2277 980 2307 Dcuotat

276 2325 494 2363 solummodo,
523 2325 604 2355 duos
622 2325 755 2365 equites
782 2325 815 2355 in
838 2326 978 2365 singulis

277 2374 375 2404 lineis
392 2385 451 2405 seu
468 2375 639 2405 ordinibus
658 2375 845 2406 incessisse.
869 2376 978 2407 Daris.

280 2426 486 2455 Conscendere
516 2430 569 2455 est
598 2425 630 2455 in
657 2425 778 2455 Pclav.
811 2425 901 2455 Leid.
927 2436 977 2465 pr.

277 2475 388 2505 Dorv.
413 2479 447 2504 et
473 2474 557 2504 Edu.
586 2475 682 2505 Rom.
710 2475 792 2505 Ven.
822 2485 860 2505 ae
887 2476 977 2506 Med.

278 2524 335 2556 111.
359 2525 518 2555 Heinsius
542 2525 684 2561 margini
708 2525 904 2564 adscripsit,
921 2527 979 2556 Ju-

277 2574 327 2605 bet
339 2574 423 2605 binos
437 2584 545 2614 equum
557 2576 759 2606 conscendere.
786 2576 831 2606 Ut
848 2576 979 2606 scilicet

278 2626 421 2667 quisque
438 2635 541 2666 eques
566 2626 739 2666 acceperit
761 2625 803 2656 ml
827 2635 862 2656 se
888 2626 980 2666 pedi-

278 2680 360 2706 tem.
385 2675 466 2706 Pari
482 2676 571 2706 enim
582 2686 720 2706 numero
737 2677 870 2716 equites
886 2677 979 2717 pedi-

279 2731 402 2767 tesque
428 2730 534 2758 erant·
561 2726 664 2758 missi.
715 2726 803 2758 vide
835 2732 869 2757 et
897 2737 925 2759 c.
948 2730 979 2759 4.

738 170 878 200 ΝΟἸ’.Ἐ
912 169 1176 200 VARIORUM
1212 168 1261 198 IN

1026 263 1158 294 Davisii
1187 261 1434 303 expositionem
1473 260 1572 294 unice
1602 260 1728 302 probat

1027 312 1196 343 Clarkius.

1072 366 1112 393 19
1135 364 1310 403 Mediisque
1324 373 1362 394 ea:
1376 361 1545 403 proesidiis]
1571 361 1639 396 Que
1661 369 1729 392 nou

1027 417 1078 443 est
1094 413 1126 442 in
1150 413 1246 445 Leid.
1264 424 1312 453 pr.
1342 414 1411 444 Pro
1427 423 1466 443 ex
1482 412 1608 443 habent
1623 420 1729 442 eorum

1027 472 1074 493 sc.
1088 462 1371 499 adversariorum,
1384 464 1502 503 Cujoc.
1516 463 1636 493 Petav.
1649 462 1730 492 Sca-

1026 512 1084 552 lig.
1103 513 1198 544 Leid.
1217 523 1267 552 pr.
1285 514 1431 545 Dorvill.
1449 518 1484 544 et
1500 512 1608 543 Editt.
1627 511 1727 543 Rom.

1026 563 1112 593 Ven.
1140 571 1179 593 ac
1207 562 1348 593 Mediol.
1378 564 1574 597 Quoereretur
1597 562 1649 602 qui
1671 561 1732 592 de-

1026 618 1105 643 sunt
1129 613 1161 642 in
1187 612 1305 652 Cujac.
1325 612 1447 642 Petav.
1465 613 1553 644 Scal.
1575 617 1611 643 et
1635 611 1730 643 Leid.

1026 672 1076 702 pr.
1103 662 1326 693 Nihilominus
1339 661 1530 693 necessario
1546 661 1665 693 adesse
1683 660 1730 692 vi-

1026 713 1161 744 dentur.

1068 767 1106 794 21
1138 765 1180 795 Ct
1195 765 1285 795 sileat
1301 764 1424 795 verbum
1438 763 1562 803 fucere]
1586 763 1653 795 Hic
1676 767 1730 794 est

1027 814 1175 844 auctoris
1203 814 1406 853 idiotismus,
1437 824 1536 854 quem
1566 824 1642 845 cum
1664 822 1729 844 non

1026 869 1191 903 caperent
1208 865 1363 902 Librarii,
1378 865 1411 895 in
1437 865 1502 895 ΜΒ.
1523 865 1628 896 Norv.
1649 865 1729 904 legi-

1028 918 1093 951 tur,
1110 917 1143 944 ut
1166 913 1226 944 sibi
1253 915 1344 945 liceat
1374 914 1496 945 verbum
1519 914 1637 954 facere,
1662 924 1728 955 qno

1027 962 1099 994 fere
1127 963 1225 995 modo
1248 964 1380 994 locutus
1407 968 1458 995 est
1486 964 1619 995 Hirtius
1641 964 1729 996 Bell.

1027 1013 1136 1046 Afric.
1153 1024 1183 1045 c.
1201 1017 1254 1046 35.
1290 1014 1356 1045 Sed
1372 1024 1487 1045 sensus
1504 1014 1556 1045 liic
1574 1013 1729 1045 adversa-

1030 1070 1095 1094 tur.
1120 1065 1232 1095 Ducis.
1273 1065 1357 1095 Cum
1388 1064 1528 1095 Norvic.
1557 1063 1640 1094 facit
1663 1063 1729 1095 Pe-

1027 1120 1096 1145 tav.
1126 1115 1177 1145 Ad
1196 1125 1311 1146 eorum
1326 1114 1489 1146 Codicum
1505 1113 1605 1144 fidem
1625 1123 1729 1153 parva

1027 1166 1214 1197 mutatione
1239 1165 1303 1205 legi
1327 1165 1435 1204 possit
1454 1173 1500 1194 NE
1518 1164 1577 1194 sibi
1595 1172 1727 1195 mnEAT

1027 1215 1150 1247 verbum
1159 1215 1278 1253 facere.
1323 1215 1403 1252 Sed,
1419 1220 1455 1245 ut
1472 1214 1555 1251 dixi,
1575 1215 1685 1245 forsan
1710 1224 1731 1246 a

1028 1266 1200 1305 scriptoris
1223 1276 1322 1296 manu
1340 1266 1433 1296 venit
1457 1268 1596 1304 recepta
1613 1264 1729 1296 lectio.

1029 1317 1126 1354 Idem,
1141 1326 1214 1348 cur.
1229 1327 1297 1347 sec.

1071 1369 1112 1397 20
1137 1367 1287 1407 Παφίη
1309 1370 1339 1397 et
1362 1366 1484 1406 pedites
1509 1365 1730 1406 equitesque—

1028 1418 1229 1457 eruptionem,
1255 1417 1323 1457 8512]
1361 1418 1470 1449 Locus
1497 1418 1643 1448 maxime.
1673 1417 1730 1448 de-

1030 1473 1197 1507 pravatus
1235 1469 1302 1499 Ms.
1334 1468 1438 1499 Norv.
1469 1469 1600 1508 recepti:
1623 1471 1653 1499 et
1677 1468 1730 1508 qui

1029 1517 1071 1547 ibi
1097 1522 1319 1556 remanserunt,
1336 1519 1466 1549 clamore
1473 1517 1575 1557 sacto,
1598 1518 1732 1558 eruptio-

1028 1577 1109 1605 nem,
1135 1569 1188 1607 ᾅϊ.
1236 1569 1302 1599 Ms.
1332 1568 1418 1606 Reg.
1448 1577 1548 1608 quem
1576 1569 1729 1609 sequitur

1029 1619 1128 1650 Joau.
1157 1618 1347 1657 Goduiuus,
1374 1618 1512 1650 exhibet
1541 1620 1657 1659 recepti
1680 1628 1732 1659 pe-

1029 1669 1120 1700 dites.
1162 1669 1290 1708 Equites
1315 1671 1446 1700 clamore
1467 1668 1557 1707 sueto
1588 1669 1730 1709 dispositi

1026 1719 1144 1759 partim
1171 1719 1214 1749 ibi
1239 1723 1462 1760 renmnserunt,
1477 1723 1507 1750 et
1527 1721 1731 1759 eruptionem,

1027 1770 1080 1805 ἃϊ.
1114 1769 1222 1800 Edilt.
1241 1770 1340 1801 Rom.
1357 1771 1480 1801 Venet.
1505 1770 1663 1801 Beroald.
1684 1780 1731 1802 re-

1029 1822 1111 1861 cepti
1130 1822 1249 1861 pedites
1275 1822 1446 1862 equitesque
1469 1811 1575 1853 nocte:
1601 1822 1652 1852 scd
1669 1822 1732 1853 dis·

1027 1872 1138 1911 positis
1162 1873 1305 1913 partibus
1332 1873 1478 1913 oppidani
1503 1876 1533 1903 et
1556 1873 1676 1912 pedites
1701 1876 1731 1904 ct

1029 1923 1146 1961 equites
1173 1923 1302 1954 clamore
1324 1923 1413 1961 facto
1449 1923 1648 1963 eruptionem,
1676 1923 1731 1962 &c-

1029 1973 1084 2003 Sic
1111 1978 1147 2004 et
1170 1973 1243 2004 fere
1276 1979 1372 2005 vetus
1399 1974 1513 2006 Codex
1541 1975 1580 2004 F.
1604 1974 1728 2005 Ursini.

1030 2022 1191 2053 Proxime
1222 2024 1263 2054 ad
1289 2024 1395 2055 editt.
1435 2029 1519 2055 vett.
1552 2025 1730 2055 commodo

1029 2082 1128 2103 sensu
1145 2074 1212 2114 legi
1240 2074 1355 2114 possit,
1378 2075 1493 2114 recepti
1513 2074 1633 2114 pedites
1648 2075 1731 2114 equi-

1029 2126 1133 2162 tesque
1149 2127 1252 2154 nocte:
1276 2128 1311 2154 et
1328 2124 1487 2164 dispositis
1509 2125 1662 2164 partibus,
1676 2126 1730 2165 Syc-

1028 2173 1096 2203 Sed
1124 2173 1157 2203 in
1181 2183 1216 2204 re
1240 2178 1306 2204 tam
1332 2173 1434 2204 dubia
1458 2174 1538 2204 nihii
1561 2174 1659 2214 ῥητῶς
1676 2184 1734 2215 po-

1030 2226 1097 2253 test
1111 2222 1282 2254 affirmari.
1299 2224 1407 2255 Daris.
1431 2225 1514 2256 Cum
1531 2224 1619 2255 Edd.
1635 2225 1731 2257 Vett.

1029 2273 1247 2304 consentiunt
1276 2275 1378 2305 etiam
1408 2274 1503 2305 Leid.
1541 2285 1608 2306 sec.
1641 2275 1730 2315 Reg.

1031 2324 1158 2355 Clarkii
1185 2329 1220 2355 et
1247 2325 1310 2355 Ed.
1335 2325 1428 2356 Med.
1454 2325 1595 2356 Brevius
1621 2326 1728 2357 multo

1030 2374 1239 2414 antiquiores
1273 2375 1388 2414 legunt
1425 2375 1582 2407 Codices,
1635 2376 1728 2408 Leid.

1031 2424 1128 2463 prim.
1169 2424 1212 2453 Et
1247 2424 1366 2463 pedites
1397 2425 1567 2466 equitesque
1597 2427 1729 2458 clamore

1021 2474 1112 2512 sacto
1142 2474 1281 2514 dispositi
1306 2476 1422 2514 partim
1449 2475 1493 2506 ibi
1519 2481 1730 2507 remanserunt

1029 2525 1143 2563 equites
1157 2525 1286 2555 clamore
1301 2525 1390 2563 facto
1405 2530 1506 2566 erupt.
1544 2527 1661 2567 Cujuc.
1685 2528 1730 2558 Et

1028 2575 1147 2614 pedites
1174 2576 1288 2614 equites
1311 2577 1441 2606 clamore
1455 2576 1545 2614 facto
1561 2577 1613 2616 qui
1627 2579 1728 2617 erupt.

1031 2625 1155 2665 Scalig.
1182 2626 1226 2655 Et
1245 2626 1362 2666 pedites
1376 2627 1490 2666 equites
1504 2627 1731 2664 ctamoresacto

1029 2677 1189 2716 dispositis
1215 2677 1259 2707 ibi
1282 2678 1399 2717 partim
1426 2688 1607 2716 remansere,
1628 2681 1729 2719 erupt.

1032 2727 1152 2758 l’etav.
1178 2731 1307 2759 tantum
1333 2731 1363 2759 et
1381 2728 1433 2769 qui
1455 2727 1499 2759 ibi
1521 2732 1731 2760 remanserunt
