1850 3109
222 126 334 167 1480

219 242 342 264 nomen
368 234 416 264 ita
432 232 533 265 effert
548 233 698 264 Velleius
715 233 918 264 Paterculus

219 292 261 315 n.
279 286 351 315 129.
370 283 507 324 aliique.
551 284 618 314 Sed
644 284 723 314 nihil
748 293 832 323 opus
855 288 918 322 est,

222 337 264 364 ut
288 333 470 374 quidquam
494 339 671 365 mutemus.
719 333 844 364 Noster
860 333 919 364 hu-

213 384 312 424 jusce
329 385 405 415 libri
423 394 449 415 c.
467 388 496 415 4.
531 385 539 401 ‘
555 384 609 415 Ad
637 383 781 414 eundem
807 393 921 414 nume-

221 443 294 465 rum
309 435 403 465 Cotus
413 444 454 464 ex
468 435 608 465 Thracia
622 434 763 465 dederat
776 433 795 471 ;‘
818 443 919 474 quem

220 484 320 514 etiam
349 485 459 515 locum
490 489 617 515 temere
648 483 834 514 sollicitant
858 484 919 514 viri

220 535 358 566 eruditi.
404 535 524 565 Cicero
542 535 573 565 iu
592 535 749 565 Pisonem
774 544 805 575 p.
821 537 918 566 2398.

219 587 228 602 ‘
245 586 328 615 Cum
358 589 392 615 tu
413 586 574 615 trecentis
598 585 733 617 talentis
750 586 819 625 regi
839 586 916 615 Coto

220 634 453 666 vendidisses:
498 636 542 666 Et
566 636 713 666 iterum:
750 637 758 652 ‘
777 646 920 676 quorum

219 685 367 715 omnium
384 685 497 725 capita
521 685 590 725 regi
612 687 690 716 Colo
714 685 921 717 vendidisti!

219 734 274 766 Sic
293 736 394 766 Corn.
411 736 527 776 Nepos
544 735 576 766 in
595 736 720 776 Iphicr.
735 745 764 767 c.
779 739 810 767 3.
829 738 837 753 ‘
851 737 922 767 Me-

218 784 358 815 nesthea
374 784 475 816 filium
494 786 632 826 reliquit
647 796 689 816 ex
712 786 851 817 Thressa
867 795 922 816 na-

218 838 302 872 tum,
335 835 407 865 Coti
437 835 523 875 regis
550 835 640 867 suia:
686 836 781 867 ldem
808 841 921 866 tamen

219 884 254 914 in
269 885 413 917 Timoth.
430 896 459 917 c.
480 889 507 917 l.
535 887 645 927 Cotym
662 886 761 925 dixit,
784 887 867 918 adeo
885 892 921 919 ut

220 935 275 965 vel
307 935 368 966 hoc
392 937 446 966 vel
473 936 530 967 illo
555 937 654 967 modo
673 937 774 968 scribi
793 938 921 977 possit3

218 985 302 1016 licet
318 986 351 1016 in
368 987 540 1016 contraria
566 986 725 1026 opinione
743 986 845 1018 fuerit
860 987 922 1017 eti-

219 1044 272 1066 am
300 1036 376 1067 Car.
407 1037 562 1077 Sigonius
585 1037 627 1067 ad
658 1037 743 1067 Livii
770 1040 922 1069 Χιν.42.

219 1086 333 1117 Davis.
378 1087 518 1118 Frustra
546 1088 621 1119 Coti
643 1087 799 1120 defendit
816 1089 921 1119 Davi-

219 1136 298 1168 sius.
344 1136 412 1167 Adi
429 1142 465 1169 tu
489 1138 601 1178 potius
623 1139 742 1177 lector,
766 1149 843 1179 qum
864 1139 921 1170 ad-

218 1185 287 1218 fert
305 1187 357 1218 Cl.
371 1189 583 1219 Burmannus
599 1189 640 1219 ad
657 1189 781 1220 Velleii
797 1189 920 1227 locum,

218 1240 255 1266 et
277 1236 402 1267 diserte
433 1237 552 1269 Petav.
581 1238 705 1279 Scalig.
740 1238 836 1270 Leid.
868 1249 919 1279 pr.

217 1285 314 1317 Voss.
340 1287 450 1326 coccyx
466 1288 520 1317 vel
538 1288 641 1318 Collis
663 1287 717 1317 hic
744 1287 920 1319 exhibent.

218 1335 288 1366 Hic
306 1341 416 1366 autem
434 1345 539 1377 usque
557 1336 599 1367 ad
615 1335 716 1368 finem
737 1346 768 1368 c.
785 1340 836 1369 87.
863 1337 920 1368 de-

219 1384 292 1416 ficit
310 1386 375 1416 Ms.
391 1386 536 1417 Dorvill.

259 1438 300 1466 23
325 1436 488 1466 Auxilium
503 1435 607 1476 ferre]
637 1437 676 1467 In
692 1437 857 1468 Vossiano
873 1438 920 1468 in·

216 1486 294 1516 veni
311 1486 526 1524 Aux.facere.
560 1488 658 1519 Quod
675 1488 802 1518 dictum
819 1487 920 1528 foret,

217 1540 256 1566 ut
278 1535 386 1573 facere
415 1539 556 1577 salutem,
591 1538 788 1575 medicinam,
821 1548 919 1578 opem,

219 1588 272 1625 85⁶.
299 1587 342 1618 (le
359 1588 479 1628 quibus
497 1589 574 1619 vide
591 1590 691 1621 Misc.
712 1590 857 1621 Observ.
877 1591 918 1621 Α.

220 1639 314 1668 1733.
338 1638 420 1668 Mai.
448 1643 484 1670 et
512 1640 594 1671 Jun.
627 1651 660 1681 p.
686 1643 759 1673 453.
790 1642 831 1672 ad
862 1641 919 1673 ina

219 1686 355 1727 Apuleii
389 1689 486 1729 Opem
507 1689 618 1727 facite.
646 1690 686 1720 Id
714 1696 826 1721 tamen
855 1702 918 1733 ego

218 1736 343 1769 Caesari
359 1748 423 1769 non
438 1744 567 1770 temere
582 1740 832 1781 adscripserim.

262 1790 304 1817 26
329 1788 516 1819 Cernen-etur
531 1793 558 1820 et
578 1790 774 1832 riderentur]
804 1791 918 1822 Facile

218 1837 318 1869 alicui
345 1849 445 1870 unum
469 1850 510 1870 ex
535 1841 584 1871 his
610 1841 721 1872 verbis
738 1842 918 1873 delendum

217 1897 290 1919 esse
308 1889 495 1921 videretur.
540 1892 607 1922 Sed
626 1901 722 1930 cave,
746 1893 826 1933 quid
848 1903 918 1923 mu-

217 1943 288 1977 tes;
307 1944 343 1970 et
359 1940 435 1971 vide
451 1941 492 1972 ad
507 1950 531 1972 ι.
547 1944 599 1972 43.
616 1950 682 1973 vn.
696 1945 749 1974 30.
767 1954 806 1974 ac
822 1944 917 1975 Cort.

217 1989 260 2020 ad
275 1990 413 2021 Sallust.
431 1991 473 2022 B.
487 1991 563 2022 Cat.
580 2002 609 2022 e.
629 1995 680 2024 12.
703 1993 712 2009 ‘
730 1993 859 2033 haberi,
882 2000 918 2026 et

216 2038 319 2071 duci:
364 2041 411 2071 Ut
441 2041 508 2078 hic,
542 2042 589 2072 ita
618 2042 746 2074 Lucan.
778 2053 812 2075 v.
842 2047 916 2076 274.

215 2091 224 2106 ‘
239 2091 316 2122 Jam
330 2093 445 2132 respice
458 2103 572 2133 canos,
593 2094 833 2137 Invalidasque
850 2106 918 2127 ma-

218 2153 292 2181 nus,
318 2149 354 2176 et
385 2146 500 2176 inanes
529 2156 616 2177 cerm:
647 2148 794 2178 lacertos
811 2148 831 2178 :'
861 2148 918 2179 ubi

216 2194 294 2225 olim
311 2195 440 2236 conjeci
457 2206 559 2234 cor-nc,
582 2196 671 2237 quod
692 2197 763 2237 jam
787 2197 918 2228 damno.

216 2244 273 2275 Sic
298 2253 339 2275 11.
361 2248 433 2276 429.
457 2246 466 2261 ‘
483 2246 619 2276 Gallica
641 2256 719 2277 rura
740 2247 837 2287 ridet,
861 2247 918 2278 de-

218 2304 388 2336 vexasque
405 2296 536 2336 adspicit
554 2296 680 2336 Alpes!

262 2353 403 2375 xxxvii.
423 2349 437 2376 1
466 2347 504 2377 In
526 2347 638 2377 castris
660 2347 801 2387 stativis]
844 2349 918 2379 Sta—

216 2395 363 2426 tivorum
403 2401 590 2428 castrorum
628 2408 730 2438 supra
766 2400 918 2430 meminit

218 2446 334 2476 Caesar
355 2445 491 2486 hujusce
509 2447 586 2478 libri
614 2457 643 2479 c.
673 2451 724 2480 30.
768 2449 857 2480 Vide
881 2455 917 2480 et

218 2494 370 2525 Hirtium
394 2496 480 2527 Bell.
498 2496 605 2527 Afric.
627 2507 658 2528 c.
681 2500 734 2528 26.
781 2498 916 2529 Nomen

215 2546 342 2578 habent
358 2558 399 2578 ex
417 2558 470 2587 co,
483 2548 572 2590 quod
587 2554 717 2580 structa
733 2550 813 2590 sint,
830 2555 866 2582 ut
882 2551 915 2582 in

214 2598 256 2629 iis
285 2598 490 2640 aliquamdiu
521 2605 726 2638 maner-etur,
760 2602 916 2642 qumnad-

215 2649 351 2680 modum
377 2649 479 2681 docet
499 2649 534 2682 J.
558 2649 690 2690 Lipsius
708 2650 780 2681 Mil.
816 2651 914 2682 Rom.

218 2700 279 2732 lib.
295 2710 329 2733 v.
350 2700 429 2732 dial.
447 2703 476 2732 1.
500 2701 610 2733 Dat-is.
649 2701 788 2733 Rectius
804 2702 916 2743 vulgo,

686 136 828 168 NOTAE
860 138 1121 169 VARIORUM
1156 140 1206 169 ΙΝ

970 239 1007 265 ut
1036 239 1130 275 puto,
1165 235 1256 266 edidi
1285 245 1303 267 e
1338 234 1435 267 Leid.
1462 244 1515 276 pr.
1545 237 1665 269 Petav.

969 286 1091 326 Scalig.
1112 278 1235 318 Lovan.
1266 287 1405 318 Biduum
1420 286 1531 317 costr-is
1545 287 1669 318 statiuis

970 345 1010 366 m.
1036 336 1144 367 Abest
1160 347 1293 378 quoque
1306 337 1502 378 praepositio
1517 346 1536 368 a
1549 337 1668 378 Cujnc.

970 390 1005 416 et
1021 387 1119 418 Voss.
1148 387 1181 418 in
1210 397 1275 428 quo
1300 387 1390 418 biduo
1407 397 1484 418 cum
1500 386 1587 418 Edd.
1612 396 1669 427 pp.

968 437 1094 466 statutis
1118 443 1230 468 autem
1249 448 1309 478 pro
1330 438 1466 477 stativis,
1493 442 1530 468 ut
1554 445 1670 478 supra,

969 485 1018 516 ita
1034 486 1088 516 hic
1102 487 1204 518 etiam
1218 488 1251 518 in
1270 488 1366 519 Leid.
1383 498 1434 528 pr.
1451 492 1488 518 et
1501 487 1627 527 Scalig-

1012 538 1031 565 4
1056 535 1206 575 Instmit]
1264 537 1318 568 Sic
1356 538 1482 578 primus
1519 538 1672 577 Scaliger

970 594 1046 615 cum
1063 585 1219 617 Ciaccon.
1233 591 1269 618 et
1286 587 1411 618 Ursino
1428 598 1470 619 ex
1486 589 1593 629 ipsius
1616 597 1673 619 co·

971 634 1047 665 dice
1076 636 1275 668 ediderunt:
1308 638 1415 679 iisque
1444 639 1672 679 adstipulatur

972 685 1224 716 recentissimus
1242 686 1339 717 Leid.
1356 696 1424 718 sec.
1468 687 1532 718 Sed
1550 688 1674 729 reliqui

971 735 1054 766 Mss.
1082 746 1197 767 omnes
1221 747 1297 768 cum
1322 738 1410 769 Edd.
1428 738 1570 769 vetustis
1594 747 1674 769 con-

971 790 1101 817 stanter
1117 787 1243 818 habent
1257 789 1365 819 struit.
1410 790 1505 820 Bene
1522 789 1672 829 omnino,

972 840 1009 865 ut
1037 836 1169 867 ostendi
1194 837 1236 868 ad
1264 838 1305 868 B.
1333 839 1408 869 Civ.
1435 847 1460 869 1.
1482 841 1534 869 41.
1558 839 1567 855 ‘
1583 837 1670 869 Acie

972 885 1166 917 instructa2'
1188 887 1235 918 ibi
1253 887 1340 918 euim
1364 887 1419 918 alii
1445 897 1579 929 quoque
1603 896 1675 919 rec-

973 934 1040 965 tius
1054 939 1185 966 structa.

1015 987 1035 1016 8
1061 986 1183 1017 Castris
1208 987 1362 1027 Scipionis
1384 988 1481 1018 aciem
1506 987 1674 1019 suam-mb-

962 1034 1057 1075 jecit]
1101 1035 1141 1066 In
1167 1036 1260 1067 Msto
1285 1037 1390 1068 Norv.
1407 1041 1442 1067 et
1456 1036 1557 1068 editt.
1575 1037 1673 1069 Rom.

974 1084 1060 1116 Ven.
1089 1086 1246 1118 Beroald.
1274 1087 1327 1117 hic
1354 1087 1446 1118 locus
1475 1096 1540 1118 uno
1566 1087 1673 1119 verbo

972 1136 1102 1166 auctior
1117 1136 1258 1175 legitur:
1283 1136 1407 1168 hahent
1432 1138 1521 1168 enim
1537 1138 1559 1168 ii
1577 1138 1676 1169 Codi-

972 1196 1042 1226 ceS‚
1059 1187 1220 1217 Domitius
1231 1188 1341 1218 castris
1356 1188 1521 1228 Scipionis,
1535 1189 1588 1227 23¹⁶.
1618 1187 1672 1220 Ac

971 1237 1043 1267 hare
1061 1242 1113 1267 est
1126 1237 1230 1277 ipsius
1244 1237 1385 1268 Caesaris
1398 1247 1532 1276 manus3
1555 1247 1674 1270 vocem

974 1291 1034 1317 aut
1050 1293 1289 1327 expunxerunt
1304 1288 1407 1328 ii‚qui
1422 1288 1531 1319 nostri
1547 1288 1674 1329 simpli·

972 1336 1111 1367 citatem
1141 1337 1173 1367 in
1202 1338 1348 1368 animum
1371 1347 1437 1369 non
1454 1339 1672 1371 revocabant.

973 1387 1081 1418 Daris.
1108 1387 1192 1418 Mss.
1210 1388 1297 1427 Reg.
1314 1391 1350 1419 ct
1366 1388 1494 1419 llliens.
1514 1393 1548 1420 et
1562 1389 1671 1420 Editt.

971 1437 1066 1467 Vett.
1080 1438 1351 1478 exhibent,——V1,
1370 1439 1540 1471 Domitius
1552 1440 1676 1481 castris,

970 1488 1022 1525 δέ.
1039 1487 1142 1526 unde,
1166 1488 1229 1518 etsi
1248 1488 1386 1528 vulgata
1416 1489 1519 1520 lectio
1534 1498 1600 1521 non
1619 1494 1672 1520 cst

971 1535 1175 1577 damnanda,
1202 1542 1314 1568 tamen
1344 1539 1407 1569 hoc
1437 1539 1537 1571 modo
1566 1545 1673 1571 totam

971 1586 1146 1624 periodum
1171 1587 1283 1627 potius
1299 1587 1603 1629 interpungendum
1620 1599 1676 1620 ex-

971 1637 1417 1669 istimaverim—decertaret.
1454 1638 1516 1669 Sed
1529 1649 1622 1679 quum
1631 1649 1675 1670 es—

971 1691 1202 1728 set-passuum
1218 1699 1272 1727 V1;
1296 1689 1465 1720 Domitius
1475 1690 1588 1721 castris
1611 1691 1678 1721 Sci-

969 1739 1072 1778 pionis
1087 1739 1185 1770 ‹tciem
1210 1749 1296 1771 suum
1312 1740 1441 1780 subjecit
1451 1750 1463 1777 ;
1490 1741 1546 1772 ille
1562 1751 1581 1772 a
1596 1742 1674 1772 vallo

970 1799 1029 1820 non
1051 1790 1204 1821 discedere
1222 1791 1442 1830 perseveravit.
1469 1791 1576 1822 Clark.
1611 1791 1674 1823 At-

971 1850 1036 1880 que
1053 1840 1100 1871 ita
1116 1840 1183 1871 fide
1198 1842 1281 1872 Mss.
1294 1842 1442 1872 omnium
1457 1845 1492 1872 ct
1509 1841 1596 1873 Edd.
1610 1842 1675 1882 pri-

970 1900 1111 1930 marum,
1135 1891 1185 1922 uti
1211 1896 1247 1923 et
1276 1891 1416 1923 Vascos.
1447 1892 1567 1932 steph.
1595 1892 1677 1923 alin-

971 1949 1124 1981 rumque,
1139 1941 1288 1972 exhibui.

1014 1993 1052 2022 17
1090 1992 1138 2022 Ne
1162 2002 1245 2023 conc.
1272 1993 1395 2032 quidem
1419 1992 1515 2033 mis]
1542 1993 1674 2024 Notan—

970 2040 1049 2072 dum
1075 2046 1141 2080 est,
1158 2042 1191 2072 in
1209 2042 1292 2073 Mss.
1310 2043 1431 2074 Petav.
1462 2043 1571 2074 Palat.
1590 2044 1659 2074 Lov
1672 2067 1680 2076 .

970 2091 1090 2122 Leidd.
1116 2092 1214 2123 Voss.
1246 2097 1281 2123 et
1309 2092 1395 2124 Eud.
1424 2092 1541 2132 primis
1567 2093 1673 2124 scribi

969 2151 1076 2182 neque.
1134 2142 1184 2173 Ut
1211 2142 1393 2183 suspiceris
1419 2143 1542 2183 quidem
1570 2142 1673 2174 fuisse

972 2191 1149 2223 intrusum.
1197 2193 1286 2223 Nam
1308 2203 1402 2232 neque
1419 2202 1483 2233 pro
1499 2202 1536 2223 ne
1551 2193 1676 2233 quidem

972 2242 1050 2282 poni
1078 2242 1220 2274 vidimus
1248 2252 1278 2274 c.
1300 2245 1353 2274 29.
1400 2242 1476 2274 Nisi
1500 2241 1613 2274 forsan
1640 2253 1675 2274 e-

972 2291 1054 2322 tiam
1072 2292 1222 2323 dixerint
1237 2302 1331 2333 neque
1343 2293 1475 2333 quidem,
1491 2297 1526 2323 et
1541 2302 1595 2324 nec
1608 2293 1675 2333 qui-

970 2343 1051 2382 clem,
1067 2352 1127 2383 pro
1153 2346 1183 2374 ct
1194 2353 1231 2374 ne
1241 2343 1373 2383 quidem.
1390 2343 1433 2373 V.
1454 2342 1497 2373 ad
1520 2342 1560 2374 B.
1578 2343 1621 2374 G.
1640 2352 1674 2375 v.

970 2396 1023 2424 44.

1016 2444 1158 2484 Transit]
1182 2443 1378 2484 Legendum
1404 2443 1532 2474 transiit
1541 2453 1553 2479 ;
1580 2444 1670 2485 quod

970 2494 1148 2534 sequentia
1178 2493 1315 2525 docent.
1351 2494 1463 2525 Daris.
1494 2502 1566 2525 cur.
1603 2504 1671 2526 sec,

972 2545 1109 2575 Transiit
1125 2552 1175 2576 est
1190 2545 1222 2576 in
1236 2545 1331 2577 Leid.
1348 2554 1399 2585 pr.
1416 2545 1516 2575 Voss.
1546 2545 1674 2576 Contra

970 2596 1051 2626 Mss.
1069 2596 1134 2626 mei
1153 2600 1283 2627 tantum
1308 2605 1373 2627 uon
1390 2605 1506 2626 omnes
1530 2600 1565 2626 et
1582 2595 1671 2626 Edu.

968 2646 1070 2676 Vasc.
1087 2646 1203 2686 steph.
1229 2646 1291 2676 Gr.
1309 2650 1398 2686 post.
1417 2646 1525 2676 Redit.
1570 2646 1676 2679 Quod

968 2697 1091 2737 malim,
1108 2697 1135 2728 si
1151 2697 1229 2739 quid
1247 2697 1443 2729 mutandum
1460 2703 1522 2729 est.
