1850 3109
531 153 590 180 1›1·;
627 151 737 180 x‘i'rA
772 148 904 179 sumi
945 149 1177 179 diffinis.
1470 139 1578 180 1821

128 249 319 285 inu-uiant
342 249 517 292 minores,
539 254 576 285 et
597 248 727 285 relicta
761 247 965 296 suspirent,
997 253 1032 284 et
1067 247 1218 283 inventa
1251 247 1463 285 fastidiant:
1496 250 1577 287 lucc

130 318 204 348 tuni
227 313 344 348 inulta
364 311 411 347 (le
434 311 616 353 Labieno,
640 311 729 360 quia
763 325 820 347 res
854 310 959 360 apud
989 310 1192 347 historicos
1212 310 1361 347 videtur
1379 313 1579 356 occultior,

128 380 166 410 et
185 374 384 411 curiositas
405 374 609 423 legentium
632 376 723 412 nihil
751 376 863 412 etiam
898 375 1092 411 minimum
1119 375 1274 424 respuit,
1295 374 1399 424 qnod
1423 377 1580 424 cognitu

127 436 174 473 sit
195 437 365 486 (lignum.
424 439 471 474 Et
494 439 573 475 liaec
596 439 694 475 clam
727 452 795 488 per
828 439 995 482 nuntios,
1017 439 1077 474 illa
1100 439 1227 488 palam
1255 438 1292 474 in
1314 439 1454 475 Senatu
1475 438 1581 475 dicta

127 507 259 537 contra
290 502 482 538 Caesarem
512 514 557 538 ae
591 502 765 539 decreta:
797 515 905 539 nox-ze
936 503 1050 539 ctiam
1084 503 1154 539 viae
1174 503 1417 548 excogitatas,
1439 502 1580 552 quibus

127 562 212 609 ejus
250 571 435 613 potestas,
471 579 558 615 quae
593 566 718 603 multis
755 565 1006 602 formidabilis
1043 579 1125 602 esse
1165 572 1347 615 coeperat,
1385 566 1582 604 tolleretur

127 633 193 663 aut
226 635 327 664 certe
360 629 605 666 minueretur.
663 629 859 679 Siquidem
901 629 1050 665 cunctis
1082 629 1163 676 jani
1204 628 1502 679 magnificentia,
1543 637 1582 667 et

127 689 350 728 liberalitate
384 694 558 729 Caesarea
592 692 832 741 stupefactis,
854 699 891 729 et
913 692 1004 741 quid
1038 693 1095 729 his
1129 693 1242 729 rebus
1274 693 1400 735 tantis,
1433 699 1472 730 et
1501 699 1578 730 tam

126 753 201 790 late
232 754 360 791 effusis
392 755 464 792 sibi
497 756 607 792 vellet
643 769 773 793 secum
806 757 930 793 tacitis
964 756 1251 800 meditantibus,
1285 769 1353 792 nec
1383 756 1488 805 loqui
1517 757 1582 793 ali-

127 816 219 866 quid
258 818 535 856 ⁹audientibus.
594 820 750 856 Marcus
789 819 974 857 Claudius
1012 819 1218 856 Marcellus
1251 819 1397 863 consul,
1436 819 1497 856 cui
1530 832 1579 856 an

127 892 255 918 amore
276 881 447 930 publico,
470 896 515 918 an
537 882 688 931 privato
708 882 800 919 odio
821 882 984 931 dignitas
1005 882 1164 919 Caesaris
1192 895 1237 919 ac
1268 888 1439 931 potestas
1459 882 1582 919 invisa

126 952 225 988 e1·at;
257 945 449 994 frequenti
482 952 614 982 senatu
648 952 811 982 testatus
842 945 889 982 de
922 946 1043 982 salute
1069 945 1296 994 reipublicae
1316 958 1355 982 se
1387 951 1578 990 acturum,

129 1006 314 1051 definivit,
351 1015 392 1045 ut
430 1021 518 1045 cuin
560 1009 700 1045 bellum
741 1009 776 1045 in
817 1008 946 1046 Gallia
984 1007 1133 1045 finitum
1171 1014 1286 1053 esset,
1324 1008 1583 1047 dimitteretur

129 1070 251 1107 victor
288 1071 509 1108 exercitus:
557 1078 594 1108 et
633 1084 868 1121 quamquam
918 1079 1007 1109 ante
1054 1078 1218 1121 tempus,
1256 1084 1455 1109 successor
1494 1073 1579 1110 Cae-

128 1133 201 1170 sari
238 1133 462 1178 mitteretur,
503 1134 570 1183 qui
606 1134 642 1170 in
681 1146 778 1183 pace
817 1134 1049 1183 provinciam
1089 1135 1331 1184 gubernaret,
1369 1135 1451 1184 ipse
1488 1148 1579 1173 vero

127 1195 205 1234 sine
251 1196 409 1246 imperio
447 1196 611 1234 rediret:
661 1196 809 1233 addidit
855 1209 902 1233 ne
945 1197 1114 1234 absentis
1155 1198 1251 1234 ratio
1289 1197 1452 1235 comitiis
1487 1211 1578 1235 con·

127 1260 316 1298 sularibus
346 1258 691 1310 haberetur,[176]
710 1260 814 1310 quod
849 1260 940 1298 licet
977 1261 1171 1298 communi
1200 1262 1284 1312 lege
1314 1261 1362 1299 de
1400 1262 1579 1299 omnibus

128 1324 318 1362 ¹*³tantum
347 1331 461 1369 esset,
478 1324 549 1374 legi
579 1332 704 1360 tamen
726 1324 853 1360 Caesar
879 1331 1061 1373 exceptus
1091 1331 1196 1363 erat:
1227 1324 1281 1362 ita
1308 1337 1399 1374 ergo
1428 1325 1580 1362 sublata

125 1393 204 1424 erat
223 1388 401 1437 exceptio
418 1401 425 1424 z
448 1394 487 1425 et
507 1401 580 1424 non
600 1394 802 1424 contentus
825 1388 960 1424 consul
980 1387 1119 1436 injuria
1139 1388 1300 1425 Caesaris
1315 1388 1352 1424 in
1373 1400 1578 1437 personam

126 1450 251 1488 illata:
274 1451 332 1488 his
353 1464 508 1501 quoque
531 1452 697 1489 ¹¹Caesar
716 1452 871 1488 civitate
900 1451 1121 1495 donaverat,
1154 1451 1398 1489 adimendam
1425 1451 1580 1501 judica-

126 1515 192 1559 vit,
211 1515 453 1552 ambitiosam
475 1515 759 1553 concessionem
788 1522 825 1553 et
856 1515 1099 1552 immodicam
1120 1527 1352 1553 asseverans.
1410 1515 1480 1553 His
1502 1523 1582 1553 tur-

129 1579 240 1616 batus
260 1579 403 1624 Caesar,
422 1592 492 1616 nec
510 1580 711 1623 immerito,
729 1579 983 1628 cogitansque
998 1578 1103 1628 quod
1125 1591 1227 1627 saepe
1242 1577 1425 1615 ¹²debere
1445 1579 1578 1616 solitus

126 1642 211 1687 fuit,
233 1643 432 1693 operosius
454 1643 651 1692 multoque
671 1642 863 1680 difficilius
884 1643 1100 1692 principem
1127 1642 1246 1679 virum
1268 1655 1286 1678 a
1318 1654 1468 1678 summo
1499 1641 1580 1692 dig-

126 1705 252 1742 nitatis
273 1704 395 1754 gradu
415 1704 463 1742 ad
485 1705 607 1742 media
627 1705 754 1754 dejici,
776 1719 890 1753 quain
910 1718 933 1742 a
964 1705 1096 1743 mediis
1117 1704 1167 1742 ad
1188 1712 1380 1743 extrema:
1409 1718 1484 1742 non
1519 1719 1580 1742 ce-

127 1767 312 1813 dendum,
335 1775 376 1806 ut
398 1768 600 1806 Africanus
622 1769 745 1817 major
767 1769 922 1814 fecerat,
941 1770 1005 1807 sed
1028 1770 1180 1806 obstare
1202 1770 1334 1806 statuit
1354 1769 1519 1814 invidiae,
1541 1776 1580 1807 et

129 1832 283 1869 turbare
303 1832 406 1882 prius
426 1833 566 1877 omnia,
591 1845 704 1882 qnam
725 1833 902 1882 exemplo
922 1832 1221 1881 illins‚qua1nvis
1234 1832 1580 1876 laudatissimo,in·

127 1895 248 1933 victus
269 1897 318 1933 ab
348 1896 522 1933 hostibus
543 1897 644 1934 vinci
664 1910 685 1933 a
706 1897 868 1941 civibus,
891 1903 930 1934 et
955 1896 992 1933 in
1012 1896 1124 1933 exilio
1144 1896 1240 1933 mori
1264 1895 1432 1933 ¹³vellet.
1476 1896 1580 1932 Non-

127 1959 216 1997 dum
238 1966 366 1997 tamen
386 1960 435 1997 ad
473 1973 577 1997 arma
605 1961 802 2010 prorupit:
834 1961 900 1998 sed
931 1960 1054 1998 donec
1079 1961 1169 2009 jure
1202 1959 1342 2008 agendi
1370 1970 1454 2008 spes
1479 1971 1580 1996 sem-

126 2035 194 2072 per
212 2023 298 2068 fuit,
339 2023 619 2072 quiescendum
652 2031 835 2069 statuens,
871 2024 1060 2074 patienter
1086 2023 1253 2073 quidem,
1275 2023 1404 2060 dicam
1430 2023 1577 2065 melius,

127 2086 413 2123 dissimulanter
428 2093 570 2124 cuncta
589 2086 780 2133 sustinuit,
796 2094 835 2125 et
850 2100 969 2138 quum
990 2087 1141 2124 nonnisi
1157 2087 1281 2123 verbis
1301 2085 1576 2129 offenderetur;

126 2150 254 2188 adhuc
275 2150 477 2187 verborum
498 2163 654 2199 quoque
670 2150 930 2187 defensionem
945 2163 1102 2200 parans;
1133 2157 1172 2187 et
1199 2150 1398 2186 consulem
1415 2150 1577 2186 alterum

127 2220 167 2251 et
184 2214 497 2251 animosissimum
515 2220 630 2263 atque
649 2214 1005 2263 eloquentissimum
1026 2227 1046 2250 e
1068 2213 1228 2262 collegio
1247 2213 1485 2250 tribunorum
1508 2214 1579 2251 Ca-

119 2277 207 2326 jnm
241 2278 482 2322 Ciceronem,
516 2277 637 2314 multa
674 2277 746 2314 sibi
783 2290 828 2314 ac
866 2277 1025 2327 profusa
1062 2276 1260 2326 largitione
1294 2275 1492 2325 quaesivit:
1531 2289 1578 2313 ne

128 2341 283 2390 quando
303 2342 361 2378 vel
385 2342 422 2378 in
443 2349 593 2385 senatu,
616 2341 671 2378 vel
701 2341 749 2378 ad
776 2341 961 2391 populum
984 2341 1163 2378 deessent
1180 2352 1259 2377 suae
1290 2352 1417 2376 causae
1446 2338 1580 2376 defen-

128 2417 245 2442 sores.
281 2405 378 2442 Cum
395 2418 485 2441 vero
500 2405 582 2454 jam
603 2404 711 2441 multi
730 2405 892 2443 Caesaris
916 2405 1027 2442 ¹⁴nec
1043 2404 1107 2441 alii
1129 2403 1307 2453 Pompeji
1325 2401 1578 2440 formidarent

126 2468 354 2518 potentiam,
376 2481 479 2518 saepe
496 2468 613 2505 Curio
630 2467 709 2518 ipse
733 2468 887 2506 Senatui
906 2468 1111 2513 obtulerat,
1138 2473 1180 2504 ut
1200 2472 1362 2516 uterque
1387 2465 1498 2502 simul
1526 2466 1576 2502 ab

168 2631 190 2659 9
213 2628 313 2669 Lege,
335 2628 612 2660 audentibus.—1o
636 2627 986 2666 Forte‚cantum.-11
1013 2627 1308 2667 Adde,quos.-1·2
1333 2623 1437 2662 Lege,
1464 2621 1579 2652 riser-s.

128 2684 210 2712 —13
236 2682 338 2721 Lege,
353 2682 526 2714 tella—14
547 2681 662 2723 Forte,
676 2691 729 2713 nec
742 2692 812 2714 non.
