1850 3109
619 507 842 556 JULII
891 506 1131 556 CELSI

229 654 1522 730 COMMENTARII

720 846 811 887 DE
856 845 1033 886 VITA

449 966 736 1024 JULII
800 965 1299 1024 CAESARIS.

763 1146 996 1157 eeeeeeeeeeee

154 1236 231 1265 s'um
256 1234 304 1264 Cl.
319 1234 353 1265 J.
371 1232 537 1265 Dat-iesius
562 1233 596 1264 in
620 1233 700 1263 notis
723 1233 762 1263 ad
788 1234 941 1263 Coesarem
966 1232 1073 1271 ubique
1094 1235 1214 1262 secutus
1229 1232 1270 1262 sit
1287 1232 1449 1262 editionem
1471 1231 1506 1261 J.
1525 1231 1607 1261 Celsi

196 1288 436 1323 Londinensem;
457 1287 504 1317 his
528 1287 561 1317 in
577 1286 716 1325 margine
734 1286 816 1316 notis
832 1284 1038 1315 numeralibus
1055 1284 1185 1323 ejusdem
1207 1284 1351 1314 editionis
1370 1284 1503 1324 paginas
1518 1293 1609 1313 anno-

194 1344 261 1371 tare
277 1341 373 1372 cisum
382 1339 463 1380 fuit,
478 1350 515 1371 ne
531 1341 570 1371 ad
587 1340 680 1371 aliam
696 1340 860 1371 editionem
876 1348 1032 1369 recurrere
1049 1339 1143 1369 lector·
1158 1340 1329 1377 cogeretur.

766 1449 998 1461 eeeeeeeeeeee

159 1595 228 1645 [7].
256 1577 393 1635 GAII
415 1593 507 1631 Julii
526 1593 687 1631 Caesaris
708 1593 906 1631 dictatoris
925 1592 1096 1637 exordia,
1128 1598 1170 1629 ut
1189 1591 1374 1642 pleraque
1393 1591 1610 1629 mortalium

157 1659 329 1709 fragilia:
372 1670 594 1707 progressus
627 1655 838 1706 magnifici:
882 1656 967 1693 finis
1006 1668 1200 1705 praeceps:
1244 1655 1472 1692 adolescens
1508 1653 1611 1692 haud

158 1735 245 1760 sane
267 1721 340 1759 fuit
359 1721 479 1764 dives,
501 1720 677 1769 quamvis
698 1719 934 1757 nobilissima
963 1718 1010 1756 de
1031 1719 1162 1767 stirpe.
1219 1718 1418 1767 Siquidem
1450 1717 1498 1753 ab
1529 1717 1613 1766 ipso

159 1786 344 1823 Romanae
377 1784 482 1821 urbis
518 1783 623 1820 initio
655 1791 692 1820 et
725 1789 811 1820 ante
842 1783 974 1819 urbem
1006 1781 1201 1819 conditam
1226 1781 1453 1830 praeclarum
1475 1793 1613 1817 nomen

157 1849 271 1887 Juliae
292 1848 415 1899 gentis
435 1848 600 1885 invenio.
654 1847 828 1884 Accessit
848 1846 896 1883 ad
918 1846 1169 1883 domesticam
1191 1844 1458 1882 difficultatem
1479 1844 1613 1881 intem-

159 1913 307 1963 pestiva
326 1925 426 1950 mors
447 1911 587 1961 patris!
618 1911 683 1960 qui
705 1911 769 1948 illo
790 1924 931 1948 annium
953 1910 1077 1947 aetatis
1097 1916 1243 1946 sextum
1265 1908 1457 1946 decimum
1477 1914 1613 1957 agente

160 1976 267 2015 obiit.
326 1976 447 2026 Cujus
469 1975 674 2025 aliquando
707 1975 755 2012 de
787 1975 936 2012 nomine
957 1987 979 2011 a
1002 1975 1145 2023 meipso
1165 1980 1204 2010 et
1223 1974 1273 2010 ab
1293 1972 1375 2009 aliis
1394 1971 1616 2009 dubitatum

159 2040 327 2078 memini.
384 2039 638 2089 Crediturque
660 2038 764 2088 quod
787 2045 827 2075 ut
850 2038 906 2075 sol
928 2037 1070 2080 stellas,
1090 2037 1143 2073 sic
1165 2043 1367 2086 paternum
1389 2048 1527 2071 nomen
1549 2034 1617 2071 filii

161 2104 310 2142 claritas
332 2104 597 2141 obscurasset:
629 2102 791 2152 legendo
827 2110 955 2140 tamen
994 2100 1167 2150 comperi
1205 2099 1325 2150 (quod
1361 2098 1616 2136 nescientibus

163 2167 302 2217 prodo)
321 2175 466 2217 patrem
489 2167 602 2216 hujus
623 2166 783 2203 Lucium
804 2166 948 2203 Julium
970 2166 1160 2202 Caesarem
1179 2163 1314 2201 fuisse:
1343 2162 1409 2199 sed
1432 2168 1473 2199 ut
1493 2174 1615 2198 rever-

162 2236 221 2268 tar
240 2231 287 2268 ad
310 2230 445 2275 filium,
467 2230 628 2267 accessit
648 2237 686 2267 et
712 2236 900 2279 quartana
929 2228 1066 2272 febris;
1097 2227 1197 2264 iners
1226 2225 1385 2263 taedium
1414 2225 1618 2274 longaeque

163 2294 360 2339 molestiae,
382 2301 420 2331 et
451 2293 554 2330 omni
583 2292 689 2330 febre
723 2292 975 2342 periculosius
1006 2291 1122 2328 Sullae
1150 2290 1281 2326 odium
1302 2289 1519 2325 dictatoris:
1551 2287 1617 2336 qui

163 2357 264 2395 civili
286 2358 387 2395 bello
409 2358 541 2401 victor,
564 2363 640 2393 tani
671 2356 838 2393 crudelis
860 2356 927 2400 vir,
959 2362 1035 2392 tam
1057 2360 1194 2403 potens
1208 2353 1291 2402 jam
1313 2358 1393 2389 tum
1426 2352 1618 2388 Caesarem

164 2423 260 2460 inter
279 2421 517 2459 adversarios
551 2420 792 2464 numerabat,
824 2426 861 2457 et
882 2419 930 2456 (le
952 2419 1017 2456 illo
1050 2420 1211 2468 loquens
1241 2430 1341 2467 saepe
1363 2416 1419 2453 his
1439 2415 1562 2452 verbis
1583 2421 1622 2452 et

165 2486 392 2536 Pompeium
409 2491 447 2523 et
463 2485 614 2522 nobiles
631 2483 882 2521 admonebat:
909 2482 1015 2520 Δ’Πιιῖε
1030 2483 1286 2532 praecinctum
1303 2492 1463 2530 pue-rum
1484 2483 1620 2515 cai-ete.

166 2550 224 2599 [8]
254 2549 335 2586 Etsi
362 2548 461 2585 enim
483 2549 614 2586 Caesar
634 2547 739 2584 circa
759 2553 931 2583 ornatum
953 2546 1122 2596 corporis
1144 2545 1285 2582 inultus
1305 2550 1418 2587 esset,
1441 2543 1542 2579 fluxe
1564 2548 1620 2578 ta-

166 2626 252 2650 men
271 2614 519 2663 cingebatur3
548 2625 627 2648 mos
648 2611 711 2648 illa
731 2618 843 2648 aetate
865 2609 1188 2660 reprehensibilis:
1212 2607 1310 2645 unde
1330 2613 1383 2644 est
1404 2606 1493 2642 illud
1515 2605 1623 2641 Cice-

168 2677 294 2721 ronis;
319 2689 341 2713 a
375 2690 451 2727 quo
485 2676 577 2713 dum
609 2682 695 2725 post
730 2674 873 2712 bellum
907 2674 1018 2711 civile
1049 2678 1295 2723 quaereretur,
1327 2676 1368 2706 ut
1389 2668 1482 2718 quid
1503 2668 1555 2704 ita
1583 2668 1621 2704 in

168 2739 353 2777 electione
372 2740 598 2786 deerrasset,
620 2739 849 2790 Pompeium
877 2737 1021 2776 Caesari
1053 2734 1312 2787 praeferendo:
1338 2732 1621 2782 praecinctura,
