1850 3109
406 196 600 238 0A1».25.
633 204 730 234 1218.
756 205 818 234 nn
852 204 1008 233 nunno
1042 204 1195 234 Ahssx.

90 301 285 335 auctoribus
303 301 335 332 in
365 310 424 332 usn
449 305 515 338 est,
534 308 574 330 co
589 307 703 336 sensu,
720 307 786 338 quo

90 352 246 385 ctarkiun
258 353 347 393 prius
361 350 523 391 exponit;
547 355 582 380 et
599 357 690 388 saepe
713 357 786 378 cor-

93 409 242 444 ruptum.
268 403 333 434 Adi
350 401 391 432 ad
408 400 477 431 Liv.
495 409 519 430 1.
537 401 589 430 18.
605 401 657 429 25.

133 457 154 484 6
176 452 274 492 Regi]
309 452 398 492 Lege
425 450 509 487 regis
529 448 669 490 probato,
695 448 786 488 quod

92 513 162 545 prae
195 513 230 535 se
259 501 371 533 ferunt
403 509 517 531 omnes
558 500 641 530 Mss.
676 498 786 530 Dacis.

88 565 159 587 cur.
174 564 241 586 sec.
277 553 482 585 Constanter
498 551 562 582 mei
585 550 788 592 quoquelia-

91 606 170 637 bent
185 614 260 638 cuni
277 604 363 636 Edd.
381 603 500 644 priscis
516 602 609 641 regis.
656 601 787 633 Niliilo-

88 656 195 686 minus
222 654 346 685 Ursino
373 659 408 684 et
435 653 608 694 Scaligero
623 651 786 683 adsentiri

88 706 188 745 malo,
220 715 239 737 e
284 706 349 737 Ms.
391 703 655 736 rescribentibus
706 703 786 742 regi.

90 756 177 787 Nam
191 756 247 786 ille
263 754 452 795 adprobare
476 754 544 785 tale
561 754 735 784 consilium
752 758 788 784 et

88 815 108 836 a
120 805 256 837 Caesare
271 805 358 836 velle
375 804 501 835 dimitti
518 803 649 834 debuit.

131 858 152 887 9
179 855 282 886 Toedio
295 856 415 895 puellae,
433 855 533 897 fiduc.
558 855 668 895 regno]
701 853 787 885 Edd.

89 905 242 948 quiedam
272 905 523 946 interpungunt
550 903 656 942 tedio,
681 905 790 944 puellae

89 955 132 988 fia
156 966 263 995 regno.
309 956 448 986 Hotoin.
476 964 555 986 vero
579 954 739 986 rescribit
760 959 789 986 et

86 1007 198 1047 puellae
201 1006 264 1047 fid.
281 1015 308 1037 r.
322 1006 586 1045 dominationeque
600 1004 642 1035 ad
659 1005 700 1035 B.
716 1005 788 1036 Civ.

90 1067 131 1088 ιι.
165 1061 214 1089 17.
273 1060 282 1074 ⁴
303 1057 368 1090 Qui
411 1056 622 1087 fiduciariam
656 1064 790 1096 operam

89 1108 283 1139 obtineret!
316 1108 394 1138 Non
413 1107 524 1145 video,
542 1116 602 1137 cur
618 1116 638 1136 a
656 1107 792 1147 vulgata

89 1156 318 1187 recedendum
345 1157 407 1194 sit3
443 1165 519 1186 nain
551 1155 677 1186 taedt'um
695 1164 790 1195 arque

89 1207 241 1247 pertinet
259 1206 300 1238 ad
320 1207 454 1247 puellam
467 1215 505 1238 ac
521 1215 660 1246 regnum.
705 1205 790 1237 Ideo

92 1258 242 1289 taedebat
272 1267 328 1289 eos
355 1258 491 1298 puellm,
518 1257 597 1298 quia
623 1258 694 1298 ejus
718 1261 792 1289 erat

90 1309 189 1339 niodo
214 1307 427 1339 fiduciariuin
465 1317 618 1347 regnum,
648 1313 682 1338 et
713 1307 793 1349 quia

90 1358 225 1388 interim
241 1358 474 1389 dominabatur
491 1357 722 1397 Ganymedes.

135 1411 171 1439 11
218 1408 349 1440 Venturi
383 1407 495 1447 essent]
541 1407 650 1439 Editt.
690 1407 793 1440 Rom.

89 1457 218 1499 (Med.)
234 1460 319 1491 Ven.
339 1463 588 1499 repraesentant
609 1462 733 1489 rentum
748 1469 792 1490 es-

90 1513 168 1547 sent,
182 1510 270 1541 unde
287 1509 544 1541 rescribendum
570 1513 653 1549 puto
670 1513 793 1540 ventum

91 1563 180 1599 esset,
197 1560 479 1602 quemadmodum
512 1559 637 1599 legitur
663 1559 695 1590 in
711 1559 793 1590 edit.

91 1610 251 1643 Beroald.
274 1610 318 1643 A.
350 1612 394 1642 D.
424 1613 520 1642 1508.
557 1610 668 1641 Daris.
726 1610 794 1640 Sed

94 1665 238 1701 praestat
265 1661 404 1702 vulgata
424 1661 547 1700 lec1i03
578 1660 658 1701 qnia
673 1660 794 1691 melius

95 1711 254 1742 convenit
270 1719 345 1742 cuin
362 1710 579 1752 sequentibus
593 1720 625 1741 se
638 1712 793 1741 dederent.

97 1762 203 1792 Clark.

139 1819 240 1842 xxiv.
266 1814 306 1843 16
333 1811 432 1851 Regis
459 1810 596 1850 animus]
632 1811 688 1842 Sic
712 1811 795 1843 Mss.

95 1861 180 1902 Reg.
194 1867 231 1893 et
243 1862 367 1893 vossii.
382 1861 480 1894 Quod
493 1861 611 1892 melius
625 1866 687 1901 est,
697 1872 796 1902 quam

93 1916 130 1942 ut
154 1911 186 1942 in
214 1912 372 1952 vulgatis,
398 1911 647 1951 regiusonimus.
689 1913 796 1944 Clurlt.

96 1961 181 1992 Mihi
193 1971 288 1994 secus
302 1962 435 1993 videtur
447 1973 455 2000 ;
481 1962 562 1992 licet
574 1961 676 1993 etiam
688 1962 796 2003 Bong.

96 2018 130 2044 et
144 2012 242 2044 Leid.
255 2022 322 2045 sec.
335 2023 410 2044 cum
426 2011 664 2044 Edd.Vasc0s.
677 2012 796 2053 Steph.

95 2069 129 2094 et
146 2063 280 2104 Gryph.
297 2070 384 2104 post.
409 2063 556 2094 habeant
574 2062 668 2102 regis.
693 2063 797 2096 Certe

95 2113 317 2155 antiquissimi
353 2113 488 2145 codices
519 2114 636 2154 Cujac.
669 2113 796 2146 Petav.

96 2162 190 2194 Leid.
217 2173 270 2203 pr.
300 2164 427 2195 Lovau.
451 2169 486 2195 et
513 2164 636 2205 reliqui
669 2170 798 2205 praeter

96 2213 284 2245 nominatos
307 2215 410 2254 regius
440 2219 585 2246 servant.
646 2215 702 2246 De
733 2226 799 2257 qua

95 2264 282 2296 variatione
308 2265 385 2296 vide
413 2270 509 2296 notas
537 2264 580 2296 ad
607 2266 697 2306 Nep.
712 2267 797 2297 Dat.

96 2324 126 2345 c.
141 2319 172 2345 5.
207 2316 216 2332 ‘
236 2315 524 2348 Consuetudinem
551 2317 702 2358 regiam‚’
733 2327 799 2348 non

97 2374 215 2404 regum.

141 2423 228 2446 xxv.
252 2419 271 2447 7
296 2416 420 2447 Interea
433 2417 650 2458 commeatum]
685 2418 800 2448 Prima

100 2476 163 2497 vox
179 2466 222 2497 ab
235 2466 325 2498 Aldo
342 2467 471 2498 intrusa
487 2473 551 2507 est,
568 2478 666 2508 quem
689 2469 799 2499 secuti

99 2522 178 2548 nunt
193 2518 287 2548 Man.
304 2518 417 2549 Plant.
447 2518 601 2558 Scaliger
618 2522 654 2549 et
683 2529 799 2550 recen-

101 2566 217 2598 tiores.
249 2567 297 2598 At
309 2567 341 2598 iu
357 2568 447 2598 nullo
463 2568 571 2607 Msto,
584 2577 693 2609 neque
710 2568 799 2600 Edd.

101 2617 224 2648 ceteris
239 2622 430 2659 comparet:
467 2628 571 2660 quare
587 2623 623 2650 ut
640 2628 801 2659 superva-

103 2675 199 2698 cuam
215 2677 332 2700 vocem
349 2669 473 2700 delevi.

148 2720 185 2748 11
211 2719 345 2750 Classem
365 2719 467 2759 jubet,
489 2719 558 2760 &cd
586 2720 803 2752 Petav.Sca-

103 2765 160 2806 lig.
177 2766 270 2798 Leid.
287 2777 337 2807 pr.
349 2769 444 2799 Voss.
459 2778 552 2800 unam
566 2770 699 2801 classem.
725 2770 804 2801 For-

106 2825 164 2847 san
179 2816 393 2849 scribendum
405 2826 465 2850 una
478 2818 499 2850 i.
515 2828 544 2851 e.
560 2819 671 2861 simul,
684 2819 803 2852 eodem

1426 196 1540 238 1545

839 296 934 337 quasi
963 301 1145 328 momento.
1191 297 1282 328 Hinc
1301 297 1451 337 junctim
1477 310 1540 330 uno

835 348 1016 388 pariterque
1043 348 1064 378 i.
1086 358 1115 379 e.
1133 348 1251 379 eodem
1270 354 1436 390 tempore,
1449 356 1484 381 et
1499 352 1540 381 si·

838 399 901 429 mul
917 408 948 428 c.
961 401 1014 430 69.

884 452 923 480 12
951 448 1130 490 Proeficitur
1147 450 1199 481 Τι’.
1219 451 1313 481 Nero.
1341 451 1543 492 Proficismm-

839 499 907 539 tur]
962 499 1089 530 Nescio
1116 500 1204 531 uude
1237 500 1374 539 factum,
1406 507 1443 533 ut
1469 503 1541 533 li‘aec

840 550 943 581 lectio
961 550 993 580 in
1012 551 1257 583 recentioribus
1286 551 1389 582 editt.
1406 562 1542 594 compa-

841 606 928 639 reat,
943 612 1030 637 cnin,
1047 609 1208 642 quantuni
1228 609 1371 641 constat,
1399 614 1440 635 ne
1459 614 1543 635 unns

843 651 977 691 quidem
1007 652 1123 683 Codex
1145 654 1175 683 ei
1200 653 1324 685 faveat.
1349 655 1416 686 Ms.
1435 656 1543 687 Norv.

841 706 877 732 et
910 701 991 733 edit.
1024 702 1148 734 Venct.
1190 704 1332 743 proesecit
1366 705 1436 736 huic
1469 704 1543 737 Tib.

842 753 1019 789 Neronem,·
1041 753 1200 784 Beroald.
1213 760 1324 785 autem
1343 755 1376 786 in
1395 765 1543 796 praesen-

842 803 868 834 ti
880 808 1033 844 tempore
1047 804 1181 846 proeficit
1194 805 1264 835 huic
1281 805 1349 836 Tib.
1368 806 1521 837 Neronem
1534 816 1545 837 .·

841 860 875 884 et
891 854 940 885 sic
957 855 1146 895 legendum.
1192 856 1282 887 Mire
1300 866 1378 888 vero
1406 867 1545 897 corrup-

843 910 896 935 tus
910 911 963 936 est
978 906 1032 937 liic
1050 907 1142 937 locus
1156 907 1188 937 in
1206 907 1302 939 editt.
1322 909 1418 940 Rom.
1437 909 1479 939 A.
1496 910 1544 941 D.

844 958 936 987 1472.
959 967 1034 997 qute
1052 967 1128 988 eum
1145 957 1192 989 sic
1217 958 1379 990 exhibet:
1409 958 1543 999 perfecit

842 1007 913 1038 huic
939 1007 1110 1047 Tiberium,
1129 1018 1167 1039 ne
1182 1009 1332 1040 rationem
1345 1010 1546 1052 proficiscun-

842 1059 906 1087 tur.
953 1057 1043 1088 Huic
1071 1059 1201 1089 mendae
1230 1064 1341 1090 ortum
1368 1059 1464 1092 dedit
1489 1070 1546 1091 no-

843 1115 920 1137 men
936 1108 1109 1148 proprium
1128 1119 1134 1138 :
1165 1109 1329 1148 ejusmodi
1347 1120 1427 1141 sane
1443 1112 1548 1142 norni-

845 1166 889 1186 na
916 1157 958 1187 ab
986 1157 1152 1197 imperitis
1177 1159 1337 1190 Librariis
1361 1160 1546 1200 saepissime

844 1210 1067 1237 temerantur.
1107 1207 1217 1237 Daris.
1285 1209 1368 1239 Cum
1409 1210 1547 1241 Clarkio

844 1256 978 1295 reposui
1005 1256 1138 1298 praeficit
1168 1258 1238 1288 huic
1271 1258 1340 1290 Tib.
1371 1260 1547 1291 Neronem:

843 1307 893 1337 uti
921 1312 972 1337 est
1001 1308 1034 1338 in
1060 1308 1186 1349 Scalig.
1223 1309 1318 1340 Leid.
1356 1320 1406 1350 pr.
1437 1311 1547 1342 Palat.

845 1357 970 1389 Lovau.
995 1362 1029 1389 et
1054 1358 1140 1389 Edd.
1159 1359 1253 1389 Med.
1270 1360 1409 1391 vascos.
1426 1361 1546 1402 Steph.

845 1407 999 1448 aliisque.
1046 1408 1197 1446 Proefecz't
1214 1410 1286 1440 huic
1306 1410 1373 1441 Tib.
1391 1412 1547 1442 Neronem

845 1456 929 1488 dant
951 1459 1050 1490 Voss.
1079 1460 1202 1490 Petav.
1232 1461 1341 1500 Bong.
1366 1460 1463 1492 Leid.
1479 1471 1547 1493 sec.

846 1512 882 1538 et
910 1507 999 1539 Edd.
1036 1508 1189 1540 Florent.
1231 1510 1361 1551 Gryph.
1393 1511 1549 1552 aliaeque.

845 1558 995 1599 Vulgata
1020 1563 1072 1590 est
1097 1559 1140 1590 ab
1168 1559 1271 1599 Aldo,
1299 1571 1398 1602 quem
1414 1562 1549 1594 Manut.

846 1608 996 1648 Scaliger
1011 1614 1047 1639 et
1060 1609 1179 1650 reliqui
1195 1615 1274 1641 sunt
1290 1612 1410 1642 secuti.

889 1660 929 1688 14
956 1659 1051 1689 Nullo
1066 1659 1160 1689 etiam
1172 1660 1297 1701 parum]
1332 1661 1389 1693 Sic
1406 1662 1550 1705 Ursinus

846 1716 864 1737 e
881 1717 940 1737 suo
958 1708 1087 1739 Codice
1104 1710 1268 1750 restituit,
1292 1715 1328 1742 et
1348 1712 1550 1745 confirmant

846 1757 912 1788 mei
939 1766 1053 1789 omnes
1083 1765 1211 1800 praeter
1240 1761 1369 1792 Lovau.
1396 1763 1549 1803 quicum

846 1813 926 1839 ante
956 1809 1066 1841 Editis
1097 1811 1168 1841 sine
1194 1811 1280 1842 ‘nulla
1307 1813 1412 1844 habet
1436 1824 1550 1854 parum

846 1858 953 1897 etiam,
970 1869 1113 1900 quarum
1128 1861 1282 1892 ultimam
1309 1863 1463 1894 voculam
1483 1873 1551 1895 non

845 1910 1110 1949 agnoseitetiam
1126 1912 1164 1941 R.
1180 1912 1298 1952 Steph.
1323 1914 1446 1945 seusus
1461 1914 1525 1945 erit
1541 1926 1550 1946 :

849 1960 947 1992 Nulla
977 1965 1044 1992 erat
1083 1961 1245 1993 dimicatio
1273 1963 1426 2005 feliciter,
1459 1965 1553 1995 immo

849 2013 932 2042 nulla
959 2022 1070 2052 parum
1092 2012 1237 2051 feliciter
1263 2015 1414 2054 confecta.
1459 2016 1553 2047 Alio-

852 2063 932 2104 quin
956 2063 1040 2094 nulla
1069 2064 1217 2095 secundo
1248 2065 1323 2096 loco
1353 2066 1552 2098 abundaret.

849 2113 987 2144 sienim
1014 2114 1108 2144 nulla
1132 2114 1306 2145 dimicatio
1332 2115 1403 2147 sine
1420 2126 1459 2147 eo
1477 2126 1555 2147 con-

850 2162 944 2194 fecta
971 2168 1057 2203 erat,
1083 2168 1178 2195 certe
1204 2165 1309 2196 etiam
1326 2167 1416 2197 nulla
1431 2176 1553 2207 parum

849 2213 997 2245 feliciter
1013 2219 1087 2245 erat
1100 2213 1204 2246 facta.
1251 2216 1340 2247 Dein
1354 2218 1552 2258 prosequeba-

850 2267 914 2304 tur,
939 2269 976 2295 ut
1001 2264 1128 2304 primus
1148 2265 1258 2296 edidit
1274 2266 1435 2307 Scaliger,
1451 2272 1503 2298 est
1519 2268 1553 2299 in

851 2315 971 2346 Petav.
989 2315 1078 2346 Scal.
1105 2319 1140 2346 et
1161 2316 1261 2347 Voss.
1306 2317 1440 2358 Reliqui
1455 2328 1555 2358 perse-

851 2365 999 2406 quebatur
1029 2373 1105 2396 (rum
1134 2365 1223 2396 Edd.
1254 2367 1352 2398 Vett.
1377 2368 1553 2408 exhibent,

852 2417 979 2458 qnippe
1017 2418 1169 2448 Fortuna
1200 2418 1272 2458 jam
1303 2418 1437 2450 inimica
1467 2425 1554 2452 erat.

852 2467 940 2498 Vide
957 2472 1071 2499 tamen
1087 2467 1128 2498 ad
1144 2477 1178 2498 v.
1192 2471 1223 2499 9.

895 2520 936 2548 20
961 2518 1031 2548 Illic
1046 2521 1085 2548 tr.
1103 2518 1133 2548 h.
1160 2517 1350 2557 perforasset
1373 2530 1409 2549 ac
1437 2517 1555 2551 demer-

851 2567 957 2604 sisset]
982 2568 1066 2598 Mss.
1084 2567 1206 2597 Petav.
1235 2567 1322 2598 Scal.
1348 2568 1462 2599 Palat.
1492 2570 1554 2599 Lo-

854 2626 929 2648 van.
946 2616 1042 2648 Leid.
1059 2626 1111 2657 pr.
1139 2617 1240 2647 Voss.
1268 2622 1304 2647 et
1330 2618 1444 2648 Ursin.
1470 2618 1554 2650 dant

853 2668 902 2698 illi
928 2667 1140 2708 perforassent
1169 2677 1204 2697 uc
1234 2668 1454 2698 denzersissent.
1506 2669 1556 2699 At

854 2718 950 2749 Leid.
979 2728 1046 2748 sec.
1094 2717 1148 2748 Illi
1167 2716 1353 2758 perforasset
1378 2727 1414 2747 ac
1438 2718 1556 2749 demer-
1587 2735 1599 2747 -.

854 2768 952 2799 sisset.
997 2767 1153 2807 Optime,
1185 2766 1219 2796 ni
1251 2765 1358 2797 fallor.
1405 2767 1459 2797 Illi
1494 2767 1554 2799 ad·

854 2816 1008 2848 verbiuiu
1030 2821 1083 2848 est
1098 2825 1160 2857 pro
1184 2814 1339 2856 illic,illa
1363 2821 1483 2857 parte3
1515 2822 1554 2850 ut
