1850 3109
437 188 772 230 oAP.60.L1m
807 199 869 228 DE
903 199 1059 229 nanno
1092 201 1255 232 Arnux

170 303 241 326 ux.
260 298 275 325 1
311 293 571 329 Quemadmodum
590 292 730 333 fuerint]
765 292 821 323 Ita

126 344 258 376 restitui
274 354 316 375 ex
344 343 428 374 Mss.
451 342 591 373 duobus.
639 343 713 374 Nec
738 343 820 373 satis

126 397 241 428 mirari
259 405 344 437 queo
357 394 524 425 editorum
538 394 685 424 omnium
703 394 823 425 dormi-

126 447 298 484 tationem,
323 445 378 486 qui
415 443 598 475 ediderunt
632 446 823 484 quemadmo-

123 497 195 527 dum
204 495 352 526 fuerunt.
382 494 480 527 Quod
494 493 556 524 hoc
567 493 753 533 significatu
767 503 823 524 ne-

124 555 289 587 quaquam
305 544 460 575 Latinum
475 549 537 575 cst.
551 544 660 575 Clark.
696 544 825 583 Legen-

123 596 199 627 dum
231 595 367 633 suerint,
406 594 507 635 quod,
552 599 590 625 ut
629 594 822 624 observavit

121 647 288 686 Clarkius,
300 647 405 687 exigit
419 646 529 677 Latini
543 647 706 677 sermonis
721 646 820 677 ratio.

119 698 210 731 Quin
240 702 274 728 et
304 697 476 737 Gryphius
507 701 542 728 et
574 695 821 736 Lugdunenses

121 750 214 779 1576.
248 748 297 778 ita
316 747 507 778 ediderunt.
525 747 635 777 Davis.
660 755 734 776 cur.
751 755 818 777 sec.

120 797 262 829 Fuerunt
285 796 424 828 defendi
442 801 557 837 posset
573 806 614 828 ex
631 796 758 827 notatis
777 795 819 826 ad

117 847 160 879 B.
192 848 266 879 Civ.
299 856 338 878 ιι.
356 850 409 878 31.
437 848 519 887 §IL
544 847 673 878 Verum
705 851 818 877 tamen

118 897 203 929 Mss.
227 908 359 940 quoqne
375 898 428 929 hic
442 907 582 939 sequor:
606 907 682 927 nam
691 896 818 935 suerint

116 954 228 981 exstat
242 949 274 979 in
286 949 519 988 Leidensibus,
532 948 656 987 Scalig.
670 947 817 978 Dorvill.

116 1003 151 1031 et
163 999 250 1030 Edd.
267 999 409 1030 vascos.
421 999 538 1038 Steph.
553 998 685 1038 Gryph.
705 1002 816 1038 poste-

115 1049 216 1089 riore,
230 1059 295 1080 non
313 1050 431 1089 prima,
446 1049 526 1079 item
543 1049 688 1080 Stradae.

156 1103 174 1129 5
199 1099 338 1138 Simplex
353 1108 416 1129 esse
432 1100 514 1129 acics
529 1099 629 1128 media
645 1109 664 1128 a
678 1099 818 1137 legiona-

111 1149 170 1180 riis
185 1149 334 1180 militibus
349 1148 518 1187 videretur]
542 1148 710 1187 Suspecta
724 1148 816 1178 vide-

113 1204 171 1230 tur
185 1199 268 1230 illud
281 1209 311 1230 a.
357 1198 449 1232 Quid
467 1198 494 1228 si
510 1198 645 1237 legatur
661 1196 724 1228 ex'!
749 1197 815 1227 Sed

113 1249 259 1281 Codices
288 1248 457 1280 desidero.
496 1248 603 1278 Clark.
656 1248 767 1278 Voces
796 1258 815 1278 α

111 1300 291 1339 legionariis
315 1299 464 1330 militibus
488 1298 699 1338 importunas
729 1297 815 1329 arbi-

116 1354 200 1386 tror,
231 1358 292 1380 nec
317 1348 361 1379 ab
390 1348 506 1379 Hirtio
539 1347 709 1388 scriptas:
748 1356 814 1378 non

113 1400 203 1431 enim
218 1399 344 1439 agitur,
362 1409 404 1429 ex
422 1397 543 1440 quibus
560 1397 722 1428 militibus
736 1406 814 1428 con-

113 1456 204 1481 stare
234 1454 433 1481 censeretur
460 1448 552 1478 acies
591 1447 718 1487 media,
753 1447 813 1479 sed

113 1501 220 1543 qualis
246 1504 441 1541 appareret,
467 1498 656 1539 simplexne
684 1508 725 1529 an
752 1498 813 1529 du-

111 1551 204 1592 plex.
251 1550 366 1581 Datis.
383 1559 454 1580 cnr.
470 1559 543 1580 sec.

155 1603 193 1631 15
221 1599 425 1640 Obposaerat]
447 1599 515 1629 Ms.
541 1599 626 1639 Reg.
655 1602 810 1638 posuerat.

111 1649 211 1682 Quod
241 1649 362 1680 eodem
394 1648 496 1680 redit.
541 1648 633 1680 Ante
658 1653 812 1689 praterea

109 1700 193 1731 Mss.
211 1700 297 1740 Reg.
316 1699 445 1730 Eliens.
462 1703 499 1730 et
514 1698 625 1730 Vossii
643 1709 704 1739 pro
719 1709 811 1740 prop-

107 1753 204 1780 terea.
248 1749 343 1780 Edit.
389 1749 490 1779 Rom.
531 1751 649 1788 postea.
697 1750 808 1780 Clark.

109 1800 242 1841 Lipsius
275 1801 420 1841 margini
459 1800 587 1831 adlevit
616 1805 809 1841 apposuerat.

109 1851 261 1883 Frustra.
307 1851 404 1882 Idem
435 1851 525 1882 enim
555 1855 664 1882 notat.
721 1851 809 1882 Vide

108 1911 211 1942 snpra
237 1901 279 1932 ad
296 1911 326 1933 c.
343 1904 396 1932 39.
427 1902 587 1933 Proeterea
609 1911 689 1932 vero
705 1901 809 1940 edidi,

109 1952 310 1983 auctoritate
324 1952 492 1983 Mstorum
506 1951 651 1983 omnium
669 1956 704 1983 et
719 1953 807 1984 Edd.

103 1996 247 2033 vascos.
284 2002 403 2042 Stepb.
443 2002 575 2042 Gryph.
615 2006 706 2043 post.
743 2005 806 2034 διο.

102 2055 210 2092 postea
225 2052 328 2083 etiam
345 2052 486 2083 Mediol.
505 2059 540 2083 et
555 2053 643 2083 Ven.

151 2109 208 2132 Lx.
224 2104 245 2132 2
270 2102 400 2142 Ordior,
424 2102 493 2143 ssa]
518 2103 629 2134 Valde
658 2103 712 2135 hic
739 2108 807 2135 tur-

106 2150 190 2181 bant
211 2152 293 2183 Mss.
315 2157 349 2183 et
366 2152 453 2184 Edd.
478 2153 652 2185 Leidensis
677 2154 805 2195 primus

107 2199 257 2237 exhibet,
282 2201 427 2232 ordinare
447 2203 637 2242 perveniam.
683 2204 806 2235 Habuit

104 2250 253 2289 legionem
268 2259 321 2290 1x‚
337 2259 407 2281 vn1
433 2251 466 2281 in
481 2252 606 2282 sinistro
621 2262 726 2291 cornu,
743 2262 806 2291 xx,

106 2309 270 2340 xxxviii,
307 2303 370 2332 διο.
417 2300 559 2332 Omissis
597 2302 806 2333 intermediis

106 2350 149 2382 de
170 2351 280 2381 dextro
306 2361 410 2381 cornu.
435 2351 530 2382 Leid.
556 2361 624 2382 sec.
657 2352 805 2382 Dorvill.

105 2399 194 2430 Edd.
209 2401 305 2431 Rom.
321 2401 460 2432 Mediol.
479 2401 562 2433 Veu.
581 2402 753 2433 Ordinaret
765 2404 805 2433 aa

104 2450 250 2480 dextrum
268 2450 419 2489 legionem
432 2459 471 2481 ix
485 2454 515 2482 et
533 2460 613 2487 viu,
629 2452 662 2482 in
677 2452 804 2482 sinistro

106 2508 198 2530 corna
220 2508 309 2539 xxx,
324 2509 458 2539 xxvm,
475 2503 538 2532 ἃς.
583 2501 802 2533 Rliellieanus

105 2548 190 2589 legit
207 2550 327 2580 Ordior
345 2553 375 2581 et
396 2552 438 2581 aa
460 2552 492 2582 d.
519 2560 602 2590 perv.
620 2552 744 2583 Habuit
760 2553 802 2584 le-

103 2599 225 2637 gionem
251 2609 304 2639 1x,
325 2610 378 2631 vn
401 2601 433 2632 in
456 2601 582 2632 sinistro
604 2613 709 2642 cornu,
734 2604 802 2634 Tri-

103 2648 252 2686 gesimam
272 2650 459 2690 Vigesimam
474 2662 596 2692 nonam,
609 2653 660 2691 ᾅτ.
696 2653 801 2686 Quid-

107 2696 188 2737 quid
215 2698 258 2729 sit
284 2708 346 2739 pro
368 2709 436 2740 vu,
452 2702 534 2732 dant
549 2710 618 2732 vlu
634 2711 693 2732 seu
708 2707 800 2734 octa-

106 2755 182 2776 vam
197 2747 297 2778 etiam
323 2749 446 2790 Scalig.
470 2751 647 2783 Petavian.
662 2757 697 2783 et
714 2753 800 2785 Edd.

107 2795 259 2829 Floreat.
274 2798 413 2832 Vascos.
428 2800 543 2842 Steph.
561 2800 692 2842 Gryph.
708 2808 799 2843 post.

1463 193 1574 234 1621

875 298 909 324 et
938 295 1026 334 aliae,
1053 293 1153 326 ut'et
1180 296 1293 327 statim
1322 305 1409 334 xxx,
1436 307 1575 331 xxviii:

875 353 956 383 xm,
984 353 1057 385 xiv,
1083 353 1172 376 xxix
1189 346 1290 376 etiam
1310 346 1430 377 Petnv.
1449 349 1575 386 scalig.

875 395 1083 433 Leidensem
1115 401 1151 427 et
1180 396 1249 427 alii.
1295 396 1335 427 In
1363 397 1474 427 media
1506 400 1577 428 acic

875 455 936 486 pro
960 454 1066 476 xxnx
1095 446 1302 486 trigesimam
1326 447 1462 477 tertiam
1485 448 1577 478 cxlii-

875 497 956 527 bent
973 496 1060 527 Edd.
1085 497 1201 537 primae
1225 497 1316 527 Flor.
1341 496 1439 527 vase.
1455 497 1576 537 Stepli.

873 548 937 576 ἃς.
956 555 1017 586 pro
1034 555 1085 576 vn
1103 555 1180 585 ergo
1197 545 1354 586 rescripsi
1372 555 1438 576 vni
1459 551 1494 577 et
1512 556 1573 586 pro

874 603 967 625 xxix
992 595 1025 625 in
1047 595 1168 625 dextro
1196 605 1300 626 cornu
1327 603 1463 633 xx11x3
1486 601 1520 626 at
1541 595 1572 625 in

871 644 982 675 media
998 645 1070 675 acie
1089 653 1194 676 xxix.

914 698 932 725 5
958 695 1061 734 Ipsum
1085 700 1189 726 autem
1218 697 1361 726 dextrum
1389 705 1494 733 cornu,
1526 705 1573 726 se-

870 745 997 774 cundam
1014 744 1109 775 aciem
1125 744 1209 783 fere,
1231 746 1300 786 ssa]
1324 746 1432 776 Locus
1462 745 1504 775 ab
1526 746 1573 775 in-

871 794 1079 834 terpretibus
1117 799 1272 825 vexatus.
1334 794 1400 825 Ms.
1430 795 1570 826 Norvic.

868 844 970 874 habet
986 844 1084 884 ipsum
1108 847 1210 875 autem
1235 845 1379 874 dextrum
1401 854 1504 884 cornu,
1527 854 1573 875 se—

868 895 997 925 cundam
1011 899 1124 924 autem
1137 893 1326 931 aciemsere:
1349 894 1458 925 Editt.
1472 894 1572 925 Rom.

869 945 954 976 Ven.
970 946 1100 975 secunda
1115 945 1180 976 acie
1184 944 1267 982 fere.
1286 945 1386 977 Joan.
1406 944 1574 976 Glandor-

869 996 924 1036 pio
955 996 1137 1036 legendum
1165 996 1302 1027 videtur
1331 997 1434 1037 ipsum
1465 1000 1570 1027 autem

868 1047 1013 1077 dextrum
1031 1056 1122 1077 cornu
1150 1050 1180 1077 et
1205 1048 1369 1077 secundam
1389 1047 1486 1077 aciem
1498 1046 1570 1084 fere

870 1097 901 1127 in
926 1107 1031 1128 earam
1057 1098 1212 1136 legionum
1237 1101 1267 1128 ct
1294 1098 1464 1128 cohortium
1477 1100 1570 1137 parte

867 1147 1074 1177 collocat-erat.
1135 1147 1247 1177 Aliam
1284 1147 1392 1178 nostri
1429 1146 1569 1177 sanandi

868 1195 954 1225 viam
982 1195 1108 1226 institit
1133 1196 1229 1225 Fulv.
1255 1196 1412 1234 Ursinus,
1428 1197 1481 1226 cui
1499 1196 1570 1236 pla-

867 1249 923 1276 cet
945 1246 1026 1275 circa
1047 1244 1149 1284 ipsum
1174 1247 1278 1275 autem
1292 1245 1435 1275 dextram
1459 1254 1565 1276 cornu.

866 1294 927 1334 At,
944 1295 1007 1326 nisi
1023 1293 1135 1333 fallor,
1152 1304 1215 1326 nec
1228 1294 1276 1325 his
1290 1304 1352 1325 nec
1367 1294 1438 1326 aliis
1455 1304 1570 1325 emen-

865 1345 1058 1377 dationibus
1089 1349 1184 1376 caret
1214 1345 1367 1376 Hirtius:
1400 1346 1568 1386 integram

864 1396 953 1427 enim
969 1395 1116 1426 arbitror
1131 1395 1301 1436 vulgatam
1322 1395 1514 1435 lectionem,
1531 1401 1567 1427 et

863 1447 964 1487 ipsum
987 1447 1132 1477 dextrum
1156 1456 1249 1476 cornu
1274 1446 1363 1491 idem
1390 1446 1495 1486 valet,
1527 1455 1566 1477 ac

864 1499 906 1529 ad
937 1498 1046 1538 ipsum
1071 1497 1230 1528 dextrum
1247 1507 1350 1528 cornu
1379 1497 1465 1538 quod
1488 1498 1567 1528 atti-

863 1553 932 1580 net.
977 1548 1064 1578 Vide
1089 1558 1163 1589 quae
1185 1548 1377 1579 notavimus
1405 1547 1447 1578 de
1477 1548 1565 1578 Bell.

863 1600 953 1632 Gall.
970 1610 995 1631 1.
1014 1603 1066 1631 39.
1084 1601 1196 1632 Dat-is.
1241 1601 1396 1639 Ursinus,
1417 1609 1460 1630 ex
1489 1609 1566 1630 con-

856 1651 1007 1691 jectura,
1023 1651 1120 1691 legit,
1145 1651 1244 1681 Circa
1261 1650 1361 1690 ipsum
1377 1653 1493 1688 autem,
1511 1651 1563 1688 isc.

861 1700 977 1742 Atque
995 1701 1043 1732 ita
1065 1702 1164 1741 plane
1181 1701 1346 1741 scriptum
1374 1706 1426 1731 est
1445 1700 1478 1730 in
1495 1701 1563 1731 Ms.

861 1752 981 1792 Regio.
1027 1751 1093 1782 Sed
1110 1751 1192 1781 nihil
1209 1760 1304 1791 opus.
1349 1750 1563 1791 Subintelligi

861 1801 950 1832 enim
967 1805 1094 1842 potest,
1117 1801 1211 1840 circa,
1227 1802 1279 1840 ad,
1293 1800 1346 1831 vel
1363 1801 1476 1840 quoad:
1504 1806 1562 1831 aut

860 1861 922 1892 per
952 1851 1185 1892 Appositionem
1222 1850 1378 1890 conjungi
1409 1855 1562 1891 possunt,

859 1904 1005 1933 dextrum
1035 1912 1141 1941 corna,
1173 1906 1220 1941 et,
1256 1902 1422 1932 secundam
1450 1901 1561 1932 aciem.

860 1952 970 1984 Editt.
988 1952 1084 1983 Vett.
1101 1951 1240 1991 habent,
1256 1951 1361 1991 Ipsam
1373 1954 1475 1981 autem
1487 1952 1561 1981 dex-

860 2006 943 2033 trum
959 2013 1064 2042 cornu,
1089 2001 1239 2033 secunda
1265 2002 1350 2042 acie,
1364 2002 1417 2041 350.
1442 2002 1475 2032 in
1492 2002 1560 2033 Ms.

858 2053 987 2084 Eliensi
1000 2057 1063 2093 est,
1077 2054 1239 2083 secandam
1255 2058 1367 2083 autem
1384 2052 1491 2093 aciem,
1505 2054 1559 2092 «δέ.

859 2103 1017 2144 Tumque
1041 2103 1168 2144 aliquid
1196 2102 1320 2143 deerit,
1345 2103 1409 2133 hoc
1437 2103 1557 2134 modo:

859 2153 966 2193 Ipsum
989 2156 1094 2184 autem
1113 2154 1260 2183 dextrum
1274 2153 1458 2183 comana
1469 2164 1481 2190 ;
1504 2152 1559 2184 Se-

857 2204 990 2234 cundam
1025 2207 1139 2234 autem
1170 2204 1280 2241 aciem,
1306 2204 1359 2242 &a
1415 2203 1558 2236 Judicet

857 2253 984 2283 Lector
1010 2253 1174 2284 eruditus.
1201 2253 1309 2283 Clark.
1355 2253 1462 2293 Ipsam
1481 2254 1557 2283 dex-

857 2305 1058 2340 trumwornu,
1072 2304 1235 2333 secundam
1255 2302 1351 2332 aciem
1368 2312 1428 2342 per
1452 2303 1556 2343 adpo-

855 2351 1010 2382 sitionem
1036 2351 1130 2392 capit
1153 2352 1255 2382 etiam
1281 2352 1470 2383 Rhellican.
1515 2352 1557 2384 In

854 2402 950 2434 Leid.
982 2403 1093 2443 primo
1120 2403 1194 2434 haec
1225 2403 1275 2434 ita
1305 2404 1555 2446 concipiuntur,

859 2453 936 2484 Fere
971 2455 1043 2484 ante
1069 2453 1168 2494 ipsum
1203 2454 1234 2484 d.
1265 2464 1359 2485 cornu
1392 2456 1557 2487 secundum

852 2507 956 2534 aulem
992 2504 1089 2535 aciem
1124 2503 1198 2542 fere
1235 2514 1341 2535 earum
1377 2505 1396 2536 l.
1431 2507 1554 2545 partem

852 2554 917 2585 coh.
950 2555 1159 2587 ordinarerut.
1218 2555 1287 2587 Sec.
1317 2559 1419 2586 autem
1455 2555 1553 2585 aciem

851 2605 956 2635 etiam
992 2605 1027 2635 in
1064 2605 1191 2645 Scalig.
1228 2605 1268 2635 In
1306 2604 1454 2635 Dorvill.
1490 2604 1550 2634 cir-

849 2663 886 2684 ca
902 2655 1002 2694 ipsum
1028 2658 1131 2685 autem
1155 2656 1187 2686 d.
1209 2665 1236 2685 c.
1257 2656 1421 2684 secundum
1442 2652 1550 2683 aciem.

852 2704 945 2734 Circa
957 2703 1052 2735 addit
1067 2713 1201 2744 quoque
1218 2703 1314 2734 Leid.
1329 2712 1396 2732 sec.
1410 2701 1551 2733 Secunda

849 2753 991 2790 aciesere
1005 2753 1071 2784 Ed.
1084 2753 1177 2783 Med.
1194 2752 1253 2783 Me
1262 2751 1353 2782 hisce
1366 2760 1431 2781 non
1444 2759 1548 2791 expe-

849 2803 918 2845 dio,
929 2808 965 2835 et
979 2804 1091 2836 locum
1107 2801 1355 2834 emendandum
1371 2801 1548 2844 sagaciori-
