1850 3109
507 215 570 246 nn
601 213 718 244 VITA
749 209 881 242 JULH
917 210 1147 244 cAESAms.
1440 204 1551 246 1709

109 315 250 353 faceret
269 325 380 362 posse
394 310 599 348 amicitiam
613 310 706 346 inter
718 322 803 346 eum
824 309 1095 359 Romanosque
1112 311 1334 349 consistere.
1366 313 1551 362 Alioquin

111 376 286 427 quoniam
309 376 358 411 ita
380 375 540 411 Senatus
562 373 741 410 consulto
762 379 917 410 cautum
937 380 1047 419 esset,
1066 387 1140 411 non
1172 388 1210 411 se
1232 387 1342 424 posse
1363 376 1552 414 sociorum

108 437 265 488 injurias
286 437 504 487 negligere?
538 437 624 473 liuic
647 436 823 481 legationi
847 436 894 472 nil
916 437 1102 485 placatius
1132 438 1366 487 respondens
1386 439 1555 476 Ariovis-

110 509 184 547 tus,
215 507 447 551 ‘numquam
471 515 510 538 se
534 500 716 538 Romanis
746 500 988 550 imperitandi
1020 502 1138 549 legem
1169 502 1455 551 praescripsisse'
1487 503 1553 541 ait.

110 566 225 603 ‘Non
245 578 334 614 ergo
355 578 507 614 aequum
529 578 611 601 esse
644 565 715 601 sibi
744 564 844 614 leges
874 577 896 600 a
928 565 1108 601 Romanis
1142 566 1277 602 statui:
1309 571 1347 603 et
1368 579 1436 602 suo
1465 565 1555 613 jure

110 641 255 678 suoque
280 629 366 665 illos
387 629 547 665 arbitrio
567 628 654 666 belli
675 634 786 678 parta
806 627 1014 665 moderari:
1045 635 1082 665 et
1102 629 1182 678 ipse
1203 642 1268 666 cur
1287 642 1362 666 non
1382 642 1451 666 suo
1466 629 1555 678 jure

110 691 165 729 uti
184 691 304 741 possit
323 692 358 728 in
381 692 525 729 victos?
555 692 645 729 Jura
667 692 749 729 liaec
774 705 853 729 esse
876 691 1062 729 bellorum
1096 705 1208 741 aequa
1229 693 1405 742 gentibus
1437 693 1556 729 omni-

107 755 194 793 bus.
253 755 356 798 Quid
387 755 435 792 ad
471 755 626 804 injurias
647 762 810 806 spectet,
832 768 905 793 non
940 769 978 793 se
1011 756 1155 793 bellum
1178 756 1296 793 Eduis
1317 757 1395 794 sine
1428 768 1558 803 causa,

110 817 184 855 hoc
206 824 263 855 est
293 818 323 854 si
355 818 515 868 imperio
536 824 704 867 pareant,
726 819 933 864 illaturum,
955 818 1110 856 obsides
1127 819 1367 857 99miserrime
1387 819 1560 857 redditu-

109 893 205 919 rum.
264 882 327 918 Sin
361 881 563 930 imperium
597 881 810 918 detrectent
840 895 877 919 re
911 881 994 931 ipsa
1025 882 1266 931 probaturos,
1299 882 1390 931 quid
1412 882 1459 919 de
1479 888 1558 919 tam

110 944 318 994 longinquo
347 945 382 981 in
405 944 474 981 illis
496 945 616 994 prosit
638 946 808 982 Romana
830 943 1044 981 fraternitas
1060 944 1086 980 ‘3‘
1142 945 1341 982 Postremo
1372 950 1382 964 ‘
1399 945 1559 981 commi-

112 1007 266 1044 natione
300 1009 472 1045 Caesarea
506 1008 598 1045 nihil
632 1021 670 1045 se
704 1007 872 1045 moveri:
899 1007 1042 1044 nullam
1074 1014 1222 1057 gentem
1256 1007 1305 1044 ad
1338 1020 1425 1045 eum
1456 1007 1559 1045 diem

114 1082 243 1107 secum
280 1071 358 1107 sine
393 1084 462 1107 suo
491 1070 712 1108 discrimine
747 1070 1006 1108 concurrisse:
1036 1069 1228 1108 facturum
1266 1083 1303 1107 se
1336 1069 1478 1108 Caesari
1514 1083 1559 1107 ac

111 1132 291 1169 Romanis
308 1134 484 1182 quotiens
501 1134 643 1169 vellent
663 1146 802 1181 pugnae
822 1133 986 1182 copiam,
1002 1140 1254 1178 ostensurum,
1272 1133 1363 1183 quid
1384 1133 1562 1171 indomiti

115 1195 297 1232 Germani
318 1195 415 1232 inter
433 1207 534 1232 arma
555 1195 671 1245 geniti
692 1201 729 1232 et
750 1194 893 1238 nutriti,
916 1196 1019 1231 humi
1040 1195 1087 1231 ad
1109 1196 1268 1232 imbrem
1297 1203 1337 1233 et
1364 1196 1413 1233 ad
1442 1197 1562 1234 solem

109 1258 242 1308 jacere
262 1259 377 1301 soliti,
413 1259 476 1308 qui
505 1259 586 1307 jam
622 1258 752 1295 multis
785 1258 891 1294 annis
921 1258 992 1295 sub
1023 1264 1127 1295 tecto
1157 1271 1232 1294 non
1252 1257 1407 1303 fuerint,
1429 1265 1566 1296 contra

116 1334 267 1359 omnem
288 1330 436 1372 gentem
463 1322 561 1359 bello
583 1323 759 1359 valeant!
816 1322 885 1358 His
918 1321 1103 1358 intentum
1138 1321 1331 1358 Caesarem
1366 1321 1563 1360 Eduorum

115 1392 153 1422 et
172 1385 420 1423 Trevirorum
442 1399 518 1423 uno
538 1392 707 1435 tempore
729 1385 932 1434 legationes
953 1383 1201 1421 advenerunt.
1239 1383 1342 1421 Edui
1362 1383 1455 1421 fines
1476 1397 1563 1422 snos

115 1449 254 1485 vastari
293 1449 399 1485 novis
436 1448 588 1498 populis
622 1462 642 1485 e
681 1447 888 1485 Germania
925 1459 1052 1496 nuper
1089 1447 1125 1483 in
1164 1447 1308 1484 Gallias
1341 1448 1564 1485 transvectis

118 1512 387 1561 querebantur.
441 1511 587 1549 Treviri
617 1510 804 1548 infinitam
825 1510 1106 1548 multitudinem
1127 1511 1335 1547 Suevoruin
1364 1510 1411 1547 ad
1440 1511 1566 1549 Rheni

114 1575 218 1624 ripas
239 1575 401 1612 duorum
422 1574 579 1612 fratrum
601 1574 758 1624 imperio
788 1573 1005 1623 pervenisse
1026 1573 1258 1611 nuntiabant
1284 1573 1566 1624 transitumque

119 1638 255 1675 moliri.
283 1638 368 1688 [153]
403 1639 472 1674 Ilis
512 1638 727 1675 rumoribus
767 1638 896 1676 Caesar
931 1644 1182 1687 experrectus
1220 1651 1266 1675 ne
1304 1638 1567 1689 conjungendi

119 1702 250 1751 copias
270 1701 378 1738 daret
398 1702 572 1738 hostibus
593 1701 773 1751 spatium,
804 1700 1088 1750 expeditissime
1109 1700 1303 1749 dispositis
1325 1714 1411 1750 quae
1433 1702 1468 1738 in
1487 1715 1565 1739 rem

120 1770 238 1810 erant,
261 1764 452 1802 festinanti
473 1765 620 1815 agmine
640 1765 676 1801 in
700 1765 930 1802 Ariovistum
953 1763 1230 1813 proficiscitur:
1254 1763 1338 1812 jam
1365 1764 1478 1801 tridui
1497 1764 1568 1802 iter

121 1835 299 1878 exegerat
333 1828 477 1865 ¹00dum
511 1842 704 1879 egressum
739 1828 842 1865 illum
880 1827 1018 1864 finibus
1051 1826 1097 1863 ad
1138 1827 1265 1864 nobile
1302 1827 1566 1877 Sequanorum

120 1891 279 1941 opidum
300 1893 580 1930 Vesuncionem
614 1890 882 1941 occupandum
917 1889 1060 1940 ingenti
1080 1902 1167 1928 cum
1182 1889 1350 1927 exercitu
1365 1902 1569 1939 properare

122 1956 324 2005 comperit.
381 1957 495 2000 Quod
517 1969 666 1993 summo
687 1955 759 1992 sibi
790 1954 917 1992 studio
945 1952 1223 2004 prohibendum
1244 1958 1346 1989 ratus
1366 1959 1459 1999 erat,
1480 1966 1570 1990 cum

122 2017 227 2056 loeus
246 2024 284 2055 et
304 2017 467 2055 fluminis
486 2019 644 2063 ambitu,
676 2025 713 2055 et
744 2018 810 2055 ubi
831 2017 971 2055 flumen
1002 2029 1087 2054 euni
1107 2015 1260 2059 deserit,
1282 2022 1465 2053 montana
1483 2029 1570 2054 arce

125 2080 398 2126 validissimus3
430 2083 586 2132 insuper
605 2088 643 2120 et
662 2095 786 2119 rerum
813 2081 926 2131 eopia
944 2080 1054 2117 bellis
1073 2079 1313 2129 aptissimus:
1345 2078 1467 2116 flectit
1485 2079 1570 2125 iter,

125 2149 165 2182 et
183 2151 313 2182 noctes
333 2145 470 2182 diebus
490 2146 728 2190 interserens,
762 2144 932 2182 maximis
962 2143 1162 2180 itineribus
1181 2141 1463 2179 Vesuneionem
1483 2148 1572 2180 ante

126 2207 225 2257 regis
245 2207 447 2245 adventum
469 2209 654 2258 pum-nit,
694 2209 852 2259 opidum
887 2208 1136 2257 introgressus
1155 2205 1344 2256 praesidiis
1370 2206 1571 2255 oportunis

128 2269 266 2307 firmat.
324 2271 398 2307 Hic
420 2283 509 2307 vero
528 2271 738 2308 exercitum
760 2273 973 2308 Romanum
998 2268 1231 2306 incredibilis
1252 2281 1390 2312 rumor,
1412 2274 1572 2305 tremor·

129 2347 204 2383 que
224 2337 492 2383 'persuaserat,
508 2334 652 2370 initium
672 2333 824 2370 trahens
844 2346 866 2370 a
887 2332 1130 2382 quibusdam,
1148 2331 1226 2380 qui,
1243 2338 1286 2368 ut
1306 2330 1361 2375 fit,
1382 2332 1573 2369 Caesarem

129 2409 203 2434 non
224 2396 292 2434 nisi
310 2396 484 2434 amicitiae
511 2397 602 2446 jure
630 2397 834 2446 prosecuti,
857 2397 1036 2446 belloque
1056 2395 1258 2444 inexperti,
1279 2402 1394 2444 atque
1414 2394 1504 2432 ideo
1523 2394 1572 2432 ad

131 2457 261 2497 omnia
279 2461 528 2510 trepidantes,
563 2461 702 2498 Gallos
734 2460 929 2510 praecipue
962 2466 1189 2496 mercatores
1210 2457 1257 2495 de
1278 2463 1379 2494 statu
1407 2457 1574 2495 hostium

131 2523 281 2560 assidue
299 2523 557 2574 inquirebant:
585 2523 794 2572 auditaque
814 2523 911 2560 mole
930 2534 1148 2571 corporum,
1180 2533 1225 2557 ac
1246 2520 1383 2557 virtute
1402 2526 1439 2556 et
1459 2533 1574 2569 expe-

132 2585 264 2624 rientia
300 2587 595 2630 Germanorum,
634 2587 886 2635 quotiensque
922 2599 1008 2622 cum
1048 2584 1103 2621 his
1141 2584 1340 2621 Gallorum
1386 2582 1574 2619 exercitus

133 2649 426 2694 concurrissent,
464 2657 714 2698 conspectum
751 2661 882 2685 eorum
920 2648 1095 2685 tollerare
1131 2645 1361 2695 nequivisse,
1388 2644 1574 2693 ingentem

336 2747 378 2775 99
400 2744 502 2784 Puto,
516 2744 760 2777 minime.—100
784 2745 890 2785 Lege,
903 2746 1045 2775 cuim—l
1069 2742 1374 2782 Legefflcrtaserat.
