1850 3109
278 185 298 226 l
306 187 390 227 574

275 291 455 334 legendnm
482 291 737 322 existimaverat
766 292 979 323 ciacconius.

278 344 345 375 ΜΒ.
360 344 486 374 Eliens.
504 348 539 373 et
553 343 675 380 Vossii,
686 342 982 372 Hacomnemcom-

277 399 453 436 portatum
477 403 621 431 aggerem
651 402 690 422 ex
710 393 821 422 castris
843 391 982 422 servitia

279 450 461 485 agerentur
486 444 591 480 jussit.
638 442 813 473 Goduinus
833 442 984 482 reponit,

280 495 354 525 Huc
378 504 492 524 omnem
509 495 698 531 comportare
712 501 858 531 aggerem
881 501 896 521 e
921 501 986 521 cas-

280 544 351 583 tris,
379 543 585 582 servitiaque
611 551 711 581 agere
725 542 832 578 jussit.
883 541 985 571 Davi-

281 595 361 633 sius,
375 594 447 624 Huc
462 603 578 623 omnem
601 593 784 631 comportari
807 602 953 631 aggerem
970 602 985 622 e

281 643 616 684 castris,servitiaqne
630 643 897 682 agerennjassit.
919 643 986 673 Vc-

284 705 371 735 rnm,
394 701 505 725 utrum
534 696 662 732 agerent
693 694 756 723 isto
787 694 886 724 modo
905 694 986 724 satis

285 746 405 777 Latine
416 750 598 785 usurpetur
617 744 763 774 dubitari
780 748 902 783 potest.
945 745 986 774 Ε

286 808 340 837 go,
355 806 460 837 prope
477 806 495 826 a
511 795 676 834 Scaligcri
693 795 854 831 lectione,
868 794 959 824 edidi
973 805 981 831 ;

283 848 479 878 flucomnem
495 849 678 888 comportari
688 855 833 886 aggerem
842 855 857 875 e
866 844 988 882 castris,

284 897 489 937 servitiaque
505 909 578 939 qum
595 896 851 936 agerentjussit.
914 894 989 924 Non

287 950 401 975 tamen
428 945 704 974 dissiumlandum
735 944 778 984 (si
808 944 890 973 illud
919 953 990 980 age-

284 997 368 1033 rent,
381 995 434 1024 vel
459 998 625 1033 agerentur
641 993 731 1025 forte
756 994 791 1023 in
807 993 991 1024 Codicibus

287 1054 330 1076 ex
347 1046 557 1085 praecedenti
571 1055 700 1085 aggere,
723 1046 873 1086 irrepere
892 1050 990 1085 potu-

287 1095 368 1136 erit)
392 1097 573 1127 lectionem
598 1097 769 1128 Ciacconii
796 1101 832 1126 et
856 1095 993 1127 Cellarii

289 1148 437 1178 omnium
454 1148 599 1178 maxime
612 1147 776 1185 arridere,
791 1147 863 1176 Hac
875 1156 994 1176 omnem

289 1200 480 1236 comportare
505 1206 652 1235 aggerem
675 1206 690 1226 e
713 1196 824 1226 castris
856 1195 994 1225 servitia

283 1247 391 1285 jussit.
420 1249 473 1277 Sic
485 1248 572 1277 enim
592 1246 682 1276 infra
698 1257 728 1277 c.
746 1247 820 1276 ἰ’-1.(
835 1246 995 1284 Magnam

295 1297 386 1328 illam
425 1306 598 1327 servorum
630 1296 894 1333 multitudinem,
919 1304 995 1335 qua:

294 1357 454 1388 aggerem
471 1347 655 1387 portabat!
698 1347 763 1377 Vel
788 1347 946 1387 (lenique,
970 1345 996 1376 si

293 1398 376 1428 illud
411 1401 578 1436 agerentur
611 1399 848 1437 comportatum,
878 1395 998 1427 Latine

295 1449 362 1479 dici
380 1454 493 1489 queat,
509 1459 569 1488 pro
587 1458 639 1487 eo,
663 1448 753 1489 qnod
777 1453 831 1479 est
860 1457 1001 1487 cogeren-

295 1504 351 1530 tur
379 1503 580 1540 comportare,
602 1499 682 1531 ferri
726 1509 824 1540 posse
855 1498 999 1529 fortasse

300 1550 474 1581 videretur
485 1551 586 1581 etiam
605 1551 689 1580 Mss.
706 1550 831 1580 Eliens.
846 1554 879 1579 et
892 1549 1001 1579 Vossi-

299 1600 353 1630 aui
378 1601 494 1639 lectio,
518 1601 590 1631 Hac
610 1611 727 1631 omnem
754 1605 1001 1640 comportatum

298 1661 444 1689 aggerem
471 1662 486 1682 e
509 1653 621 1682 castris
651 1651 790 1682 servitia
819 1655 1003 1690 agerentur

293 1701 404 1738 jussit.
456 1702 523 1732 Sed
539 1703 644 1732 multo
670 1701 854 1741 simplicior
871 1706 906 1731 et
922 1700 1004 1731 faci-

299 1753 366 1783 lior
380 1757 433 1783 est
449 1753 551 1783 lectio
568 1753 625 1782 illa
637 1751 823 1783 Ciacconii.
866 1750 1006 1783 ,ludicet

302 1802 429 1834 Lector
460 1802 624 1833 eruditus.
670 1802 777 1832 Clark.
834 1800 1009 1841 Grypliins

303 1851 411 1882 edidit
434 1852 491 1883 hac
515 1862 631 1883 omnem
648 1852 833 1891 comportari
861 1860 1009 1890 aggerem

306 1912 322 1932 e
350 1902 464 1932 castris
490 1902 695 1942 servitiaque
722 1901 896 1940 agijnssit.
943 1901 1007 1930 Re-

305 1952 497 1992 scripserim
512 1952 568 1982 hac
583 1962 701 1982 omnem
716 1951 901 1992 comportari
916 1961 1009 1990 agge-

305 2013 371 2034 rem
389 2012 407 2033 e
425 2004 554 2042 castris,
571 2013 657 2044 aque
670 2004 775 2033 servis
788 2003 821 2033 id
836 2002 1008 2042 agijussz't.

307 2053 420 2086 Daris.
444 2063 515 2085 cur.
540 2063 607 2084 sec.
661 2054 746 2084 Cum
774 2054 857 2084 Mss.
882 2052 1008 2082 Eliens.

307 2109 344 2135 et
373 2106 470 2135 Voss.
495 2104 713 2135 consentiunt
743 2104 867 2144 Scalig.
896 2103 1008 2133 L‘rsin.

310 2154 552 2194 Leidenses‚et
567 2155 687 2185 Petav.
707 2153 781 2192 nisi,
805 2153 893 2193 quod
911 2152 944 2183 in
968 2161 1010 2183 eo

308 2207 356 2237 sit
385 2209 525 2245 agerent.
556 2204 752 2244 comportari
779 2213 852 2242 agg.
870 2206 900 2233 et
927 2205 962 2233 ut
984 2213 1010 2233 c.

307 2257 438 2288 servitia
475 2259 642 2295 agerentur
666 2255 695 2292 J'.
735 2254 831 2285 Leid.
863 2263 931 2284 sec.
975 2257 1012 2284 et

314 2309 425 2339 Dorv.
443 2307 563 2348 quibus
587 2306 722 2337 accedit
738 2306 863 2336 Lovan.
880 2314 1014 2344 compor-

311 2359 376 2389 tari
405 2368 436 2389 a.
472 2361 502 2388 et
533 2361 609 2388 cast.
633 2357 761 2387 servitia
787 2359 820 2386 at
850 2359 1015 2395 agerentur

304 2409 411 2447 jussit.
439 2419 479 2439 ex
505 2407 617 2439 castris
646 2406 742 2437 Leid.
775 2415 826 2446 pr.
850 2410 885 2436 et
918 2406 1014 2437 Voss.

313 2462 538 2501 comportatum
551 2468 625 2497 agg.
639 2466 654 2487 e
669 2459 745 2487 cast.
761 2456 946 2495 servitiaque
961 2455 1016 2495 agi

307 2511 338 2549 j.
375 2509 463 2541 Edd.
476 2515 608 2541 cunctae
624 2512 703 2538 ante
719 2507 840 2546 Scalig.
864 2507 932 2537 Sed
948 2517 1016 2538 om-

317 2562 397 2593 nino
432 2571 475 2592 ex
513 2561 599 2592 Mss.
629 2569 794 2591 consensu
826 2558 1017 2599 legendum,

318 2613 393 2643 Huc
409 2621 524 2642 omnem
537 2614 747 2652 comparatum
763 2619 908 2649 aggerem
924 2619 940 2639 e
954 2619 1017 2639 cas-

317 2663 379 2693 tris
393 2662 525 2693 sert-itia
546 2664 688 2701 agerent,
707 2661 801 2699 jussit
819 2659 872 2690 vel
898 2662 931 2690 ut
947 2668 1018 2698 age-

317 2717 400 2753 rent,
418 2713 477 2744 sed
505 2713 594 2743 malo
617 2712 750 2751 sinent,
775 2720 850 2751 quae
868 2714 921 2741 est
947 2709 1020 2749 ipsa

322 2764 503 2795 Petaviani
537 2762 672 2795 Codicis
705 2762 883 2803 scriptura.
931 2761 1020 2790 Com-

736 197 876 228 NOTAE
916 197 1182 228 x'ARlORUM
1224 197 1274 228 ΙΝ

1030 296 1174 332 portatas
1187 303 1287 332 agger
1309 295 1383 323 erat
1405 291 1439 323 in
1453 295 1580 332 castra,
1591 291 1663 324 sive
1685 292 1734 324 ι’π-

1033 346 1083 373 tra
1100 344 1295 382 munitiones,
1311 347 1349 374 ut
1365 347 1443 373 ante
1469 342 1578 381 dixit3
1595 342 1668 384 jam
1692 353 1735 374 ex

1036 392 1101 423 illis
1122 393 1164 424 ad
1191 395 1315 434 locum,
1332 403 1430 435 quem
1459 398 1613 433 ceperat,
1635 394 1738 434 jussit

1034 444 1164 474 seminia
1176 453 1251 474 eum
1267 455 1372 483 agere,
1383 454 1425 475 ne
1437 445 1563 475 milites
1578 443 1620 474 ab
1634 453 1739 484 opere

1037 492 1265 531 discederent,
1289 495 1347 525 sed
1371 495 1417 526 ibi
1449 498 1637 533 manerent,
1660 496 1739 525 dum

1037 543 1172 574 interim
1182 545 1322 575 servitia
1332 553 1490 585 aggerem
1500 543 1741 584 adportabant.

1038 594 1140 624 Jussit
1169 594 1296 624 sandeia
1322 598 1450 634 agerent
1475 594 1556 625 satis
1583 594 1742 625 Latinum

1040 648 1114 682 θείς
1141 644 1210 674 sive
1229 644 1260 674 in
1286 644 1507 675 Nominativo
1529 645 1660 675 servitia
1689 653 1744 674 su-

1040 703 1109 724 mas
1126 704 1270 730 mecum,
1287 694 1358 725 sive
1376 694 1408 724 in
1420 693 1638 725 Accusativo.
1656 694 1746 725 Con·

1042 746 1236 776 sulecontra
1252 745 1406 776 Vossium
1422 745 1654 785 disputantem
1672 744 1747 776 Cel.

1042 796 1200 827 Perizon.
1215 796 1256 827 ad
1273 797 1387 827 Sanct.
1408 796 1493 826 Min.
1507 804 1545 826 ιι.
1561 798 1593 826 4.
1616 796 1634 835 ᾧ
1656 797 1688 825 6.
1711 798 1748 825 et

1043 848 1094 876 Cl.
1121 847 1237 877 Burm.
1263 846 1304 876 ad
1329 846 1430 877 Ovid.
1458 846 1547 876 Met.
1572 854 1654 876 vm.
1672 847 1750 875 752.

1043 896 1082 926 Β.
1101 896 1203 936 Hisp.
1220 906 1248 927 c.
1267 899 1319 928 27.
1337 897 1345 913 ‘
1360 896 1503 926 Ucubim
1516 896 1619 936 jussit
1636 896 1749 926 incen-

1044 946 1186 977 derent!
1229 947 1369 977 Sueton.
1382 946 1455 977 Tib.
1469 948 1523 976 22.
1541 946 1550 962 ‘
1563 950 1599 976 ut
1612 946 1646 976 id
1662 945 1750 976 sace·

1044 1000 1097 1026 ret
1122 995 1333 1036 jubebatur.'
1391 996 1495 1033 Agere
1520 1004 1668 1034 aggerem
1698 999 1751 1026 est

1043 1048 1203 1076 admovere
1217 1051 1252 1077 et
1269 1046 1394 1077 dicitur
1409 1051 1447 1076 ut
1469 1047 1478 1062 ⁴
1492 1055 1594 1085 agere
1612 1045 1751 1084 vineas,'

1044 1096 1139 1127 ILG.
1154 1105 1195 1126 ιι.
1210 1099 1261 1126 12.
1277 1097 1286 1112 ‘
1306 1100 1415 1126 turres
1427 1094 1434 1106 ’
1448 1104 1503 1125 ιιι.
1517 1098 1569 1126 21.
1588 1095 1753 1126 etsimilia

1046 1146 1163 1176 multa.
1212 1147 1251 1176 B.
1281 1146 1427 1185 Hispan.
1453 1148 1530 1176 «27.
1555 1148 1564 1162 ‘
1580 1144 1751 1185 Aggerem

1047 1196 1228 1236 vineasque
1242 1205 1344 1235 agere
1368 1195 1534 1225 institnit:
1559 1194 1648 1235 quod
1664 1195 1753 1226 male

1046 1249 1158 1276 mutat
1176 1245 1294 1276 Daris.
1341 1246 1404 1275 Vel
1421 1245 1534 1285 potius
1552 1245 1753 1286 simpliciter

1049 1301 1145 1327 notat
1167 1297 1295 1337 cespites
1322 1298 1362 1327 ad
1387 1307 1532 1336 aggerem
1557 1300 1695 1338 portare,
1717 1301 1756 1329 ut

1051 1346 1207 1377 subditur
1221 1356 1250 1378 c.
1268 1356 1338 1387 seq.
1356 1349 1365 1364 ⁴
1377 1357 1452 1388 quae
1468 1357 1624 1388 aggerem
1643 1352 1756 1388 porta-

1052 1397 1133 1427 bat!
1159 1397 1249 1428 Hinc
1261 1407 1354 1436 agere
1367 1400 1503 1438 proedas,
1514 1408 1606 1438 agere
1617 1402 1647 1430 et
1656 1397 1758 1439 ferre,

1053 1447 1095 1478 de
1127 1448 1249 1488 quibus
1274 1448 1329 1478 adi
1350 1449 1384 1480 J.
1402 1449 1440 1479 F.
1459 1449 1568 1480 Gron.
1591 1449 1676 1481 Obs.
1702 1458 1761 1480 ιιι.

1053 1501 1106 1529 22.
1131 1502 1165 1529 et
1195 1499 1308 1529 Burm.
1338 1498 1380 1529 ad
1409 1499 1513 1530 Ovid.
1531 1500 1634 1530 Trist.
1659 1508 1708 1530 ιν.
1726 1503 1758 1531 l.

1055 1552 1106 1580 80.
1154 1548 1230 1579 Non
1260 1549 1355 1589 cepit
1384 1554 1534 1580 mentem
1566 1548 1674 1581 Hirtii
1700 1549 1757 1581 Ill.

1056 1599 1229 1639 Heinsius,
1258 1599 1314 1640 qui
1344 1599 1423 1629 libri
1453 1599 1503 1630 sui
1531 1608 1599 1630 orae
1631 1598 1760 1631 adlevit

1055 1649 1242 1689 sert-itiaque
1267 1652 1303 1679 ut
1325 1649 1479 1689 riderent,
1495 1648 1606 1689 jussit,
1619 1658 1657 1680 ne
1678 1650 1759 1690 quis,
1800 1669 1802 1671 -

1056 1702 1110 1741 ἔμ’.

1102 1759 1226 1782 Lxxtv.
1243 1753 1261 1781 3
1287 1750 1396 1790 Magis
1407 1750 1605 1791 penmlgata,
1619 1749 1690 1790 ξω]
1714 1748 1762 1782 0-

1060 1802 1150 1833 ratio
1187 1806 1240 1832 est
1269 1801 1447 1842 Elliptica.
1505 1799 1763 1832 Consuetudine

1059 1852 1167 1893 magis
1184 1852 1384 1892 pervulgata
1399 1851 1551 1889 militari,
1573 1861 1665 1892 quam
1684 1851 1765 1892 quod

1059 1914 1166 1935 revera
1188 1904 1298 1944 proelz'o
1319 1904 1477 1934 decertare
1495 1903 1668 1942 statuisset,
1691 1910 1764 1933 cre-

1062 1955 1170 1985 debat
1194 1954 1329 1985 instrui.
1357 1955 1464 1986 Clark.
1513 1953 1687 1984 Observat
1712 1952 1764 1983 Cl.

1063 2004 1222 2035 Clarkius
1239 2004 1424 2035 orationem
1447 2013 1520 2034 esse
1545 2002 1741 2043 Ellipticam
1759 2013 1767 2041 ς

1062 2063 1139 2085 cum
1172 2054 1383 2094 subintelligi
1412 2054 1546 2091 debeat,
1573 2063 1663 2093 qaam
1688 2054 1765 2093 quod

1061 2115 1095 2136 re
1111 2115 1182 2136 vera
1195 2105 1303 2145 proelio
1318 2105 1475 2134 decertare
1488 2103 1660 2134 statuisset.
1692 2103 1766 2143 Ego

1063 2164 1143 2185 sane
1169 2156 1269 2185 talem
1294 2154 1326 2183 in
1351 2153 1578 2194 scriptoribus
1605 2152 1767 2184 Romanis

1063 2205 1242 2236 infantiam
1267 2214 1335 2235 non
1362 2213 1532 2244 agnosco;
1560 2212 1637 2242 nec,
1662 2203 1688 2233 si
1715 2203 1768 2233 vir

1063 2256 1280 2288 doctissimus
1318 2254 1462 2294 Anglice
1500 2255 1547 2285 sic
1584 2252 1765 2293 scriberet,

1064 2307 1188 2338 multos
1204 2304 1306 2336 credo
1323 2305 1470 2334 lectores
1487 2303 1668 2333 inveniret.
1700 2301 1768 2334 Re.

1065 2366 1171 2399 ponas
1189 2361 1339 2397 oportet,
1355 2355 1570 2387 consuetudine
1586 2363 1679 2385 SA'rls
1698 2364 1770 2395 per-

1065 2408 1191 2447 volgata
1220 2406 1372 2442 mititari‚·
1400 2415 1475 2446 quae
1507 2405 1660 2443 mutatio,
1692 2413 1769 2444 per·

1068 2467 1172 2498 parva
1195 2457 1287 2497 licet,
1309 2457 1447 2488 sanitati
1471 2456 1583 2487 locum
1608 2455 1767 2487 restitnit.

1067 2508 1179 2539 Davi&
1212 2516 1283 2538 cur.
1313 2517 1382 2538 sec.
1435 2507 1497 2538 Sat
1529 2505 1689 2547 frigidum
1717 2510 1771 2538 est

1067 2557 1151 2589 illud
1174 2557 1263 2588 satis.
1309 2557 1419 2588 Recte
1436 2557 1592 2588 Clarkius
1609 2556 1770 2598 explicat.

1069 2608 1125 2639 Ita
1142 2608 1242 2648 primo
1259 2607 1408 2648 ponitur,
1432 2608 1512 2639 licet
1528 2617 1592 2638 non
1609 2610 1771 2649 sequatur

1068 2659 1141 2689 dein
1157 2658 1212 2689 vel
1232 2657 1353 2689 simile.
1376 2657 1418 2688 V.
1447 2657 1488 2688 ad
1511 2657 1666 2688 Frontin.
1689 2665 1714 2687 1.
1739 2659 1771 2688 5.

1072 2712 1124 2741 16.
1171 2707 1279 2739 Immo
1296 2708 1344 2740 sic
1361 2708 1451 2739 clare
1471 2712 1587 2738 noster
1608 2707 1650 2738 B.
1665 2704 1772 2737 Afric.

1072 2770 1101 2791 c.
1118 2762 1169 2791 48.
1193 2759 1201 2776 ‘
1215 2758 1326 2799 Magis
1343 2758 1554 2800 suspensione
1568 2757 1678 2789 auimo
1695 2759 1771 2786 ante
