1850 3109
219 154 333 196 1568

217 259 406 292 Rhellicani
419 269 566 292 errorem
579 261 834 301 animadvertit,
845 271 922 293 cum

215 311 329 342 Surita
346 310 387 341 ad
405 310 566 341 Antonini
583 311 701 343 Itiner.
717 322 748 352 p.
762 315 836 344 414.
854 312 922 344 Ad-

216 360 259 392 de
278 360 437 392 Roderici
452 361 530 391 Cari
545 360 662 402 Antiq.
678 361 811 401 Hispal.
830 369 854 392 ι.
867 365 920 394 29.

215 416 252 443 et
276 420 331 442 ιιι.
359 414 410 441 41.

215 471 317 493 mono.

258 515 300 543 20
324 513 487 544 Directum
511 511 611 542 tantis
628 510 782 551 fluctibus
801 511 920 552 tenere]

216 565 382 605 Direptum
399 565 495 595 Voss.
513 569 548 595 at
571 565 699 595 Lovan.
717 564 801 596 Cod.
819 565 921 595 habet

214 615 247 645 in
274 615 442 645 directum:
476 615 564 645 unde
593 615 646 645 Ill.
674 615 836 646 Heinsius
864 615 920 646 ad-

459 412 530 451 Ego
555 416 669 441 tamen
689 411 824 442 mallem
843 413 921 442 Car-

212 716 421 746 indirectum
448 716 568 746 Latine
599 715 665 747 dici
698 721 792 747 recte
821 726 920 757 posse

214 766 314 797 docui
347 765 388 796 ad
420 766 537 796 Frout.
570 775 594 797 1.
629 770 659 797 4.
691 768 709 807 ᾧ
739 770 791 798 14.
851 767 918 798 ‘ln

214 817 405 848 diversum)
431 817 530 850 Quod
545 817 648 848 etiam
662 822 715 849 est
725 819 814 858 apud
829 819 918 849 Flor.

214 877 252 898 ιι.
269 871 300 898 6.
317 869 332 908 §
347 870 398 899 20.
416 873 450 899 et
469 868 566 899 Curt.
586 877 637 898 ix.
656 871 686 899 7.
702 870 716 908 §
735 872 784 899 11.
809 869 920 899 Direc-

214 921 280 948 tam
309 922 421 949 tamen
449 927 507 948 seu
537 919 691 949 derectam
719 919 774 959 (ut
802 924 854 950 est
885 919 918 948 in

214 967 310 998 Leid.
328 967 396 1008 pr.)
413 967 561 997 retinent
579 967 711 1007 reliqui,
737 968 825 1008 quod
853 978 918 998 non

214 1022 342 1049 temere
360 1017 568 1049 mutandum.
609 1018 741 1049 Directa
756 1019 846 1049 navis
862 1020 920 1050 ob-

213 1069 352 1109 ponitur
367 1068 506 1109 obliquae,
535 1078 611 1110 quae
638 1068 814 1109 naufragio
839 1069 921 1101 faci-

211 1119 278 1150 lius
294 1123 347 1150 est
373 1119 544 1160 exposita.
589 1119 677 1150 Vide
694 1119 737 1150 ad
755 1120 795 1150 B.
813 1120 854 1150 G.
870 1129 917 1151 ιν.

215 1173 268 1202 17.

256 1229 335 1251 mxv.
354 1223 372 1250 3
391 1220 557 1252 Inutiliter
572 1221 802 1261 administrari]
827 1221 916 1252 Nox-

212 1272 257 1310 ic,
274 1272 321 1302 ita
339 1276 376 1302 nt
393 1281 435 1302 ex
452 1280 491 1301 ea
506 1271 799 1303 administratione
813 1272 918 1303 detri-

211 1328 360 1354 mentum
378 1322 493 1362 capiat
521 1322 624 1363 Resp.
672 1323 772 1354 Hanc
796 1324 920 1355 inutilis

211 1373 505 1413 significationem,
535 1374 694 1415 qnoniam
726 1376 827 1416 vulgo
849 1385 916 1406 non

212 1430 263 1455 est
290 1429 383 1461 nota,
415 1425 545 1465 aliquot
571 1425 736 1465 exemplis
764 1424 918 1457 firmabo.

212 1476 370 1517 Scriptor
386 1475 427 1506 ad
448 1476 657 1506 Herennium
684 1477 704 1507 l.
722 1485 770 1507 ιν.
788 1475 846 1507 fol.
863 1479 916 1507 26.

213 1526 296 1558 edit.
315 1526 431 1557 Lami).
463 1527 472 1543 ‘
488 1527 579 1565 Ergo
596 1527 706 1558 inutile
723 1532 776 1558 est
793 1527 834 1567 ei,
860 1527 916 1568 qui

212 1577 347 1609 discere
364 1579 449 1617 vult,
466 1583 588 1619 putare
606 1588 670 1609 non
688 1589 789 1610 unum
807 1579 918 1609 onmia

212 1628 335 1668 posse.v
375 1628 509 1660 Hirtius
550 1629 589 1659 B.
630 1628 737 1660 Afric.
776 1639 806 1660 c.
847 1637 916 1660 ιη’.

211 1680 220 1696 ‘
240 1679 339 1712 Quod
357 1679 390 1710 in
408 1679 511 1711 ltalia
526 1680 652 1711 milites
675 1680 714 1710 P.
733 1680 772 1711 R.
798 1685 919 1710 contra

212 1728 337 1770 Remp.
365 1729 534 1767 instigasti
651 1729 811 1771 quodque
836 1729 918 1761 mihi

213 1780 344 1821 Reique
369 1780 518 1821 publicae
544 1781 667 1811 inutilis
691 1780 810 1812 suisti?
855 1782 918 1812 Te-

212 1831 339 1862 rentius
357 1830 465 1861 Andr.
483 1831 562 1863 Act.
580 1841 604 1862 1.
621 1833 676 1863 Sc.
694 1835 723 1863 5.
747 1835 799 1863 52.
835 1831 844 1848 ‘
865 1832 917 1862 [lli

212 1886 367 1922 utraeqne
383 1891 436 1912 res
460 1880 585 1921 (forma
602 1887 637 1913 et
655 1880 755 1922 aetas)
779 1882 916 1913 inutiles

212 1931 256 1961 Et
272 1931 313 1961 ad
331 1931 532 1971 pudicitiam
547 1937 582 1963 et
597 1933 638 1962 ad
655 1942 724 1963 rem
738 1932 915 1963 tutandam

211 1980 322 2012 sient.'
359 1981 504 2012 Ovidius
522 1982 609 2012 Met.
639 1990 721 2013 Χιιι.
747 1985 796 2013 38.
823 1984 831 1999 ‘
850 1983 915 2013 Sed

210 2031 274 2062 sibi
293 2031 433 2062 inutilior
449 2032 557 2063 timidi
575 2039 766 2065 commenta
790 2035 916 2065 retexit

212 2081 424 2122 Naupliades
454 2082 580 2113 animi!
619 2084 776 2115 Valerius
809 2085 915 2115 lllaxi⁴

210 2140 284 2161 mus
311 2139 376 2161 νιι.
395 2134 426 2162 2.
451 2137 540 2163 extr.
568 2133 576 2148 ‘
594 2134 774 2165 Cretenses
879 2141 915 2166 ut

211 2182 299 2212 mala
325 2184 570 2214 consuetudine
597 2183 824 2225 delectentur,
858 2196 915 2227 op-

210 2238 285 2263 tant
300 2251 385 2256 ——
402 2234 557 2265 inutiliter
572 2235 661 2265 euim
685 2236 814 2276 aliquid
838 2246 914 2267 con-

211 2284 386 2324 cupiscere
505 2285 610 2315 exitio
633 2285 742 2317 vicina
769 2286 915 2318 dulcedo

211 2335 285 2365 est.'
331 2335 482 2365 Eandem
508 2335 645 2375 hujusce
671 2337 760 2367 vocis
782 2337 849 2367 vini
872 2347 914 2368 ex

214 2384 342 2415 Lucilio
359 2390 393 2415 ct
412 2384 513 2415 Corn.
531 2386 668 2426 Nepote
683 2386 808 2418 dudum
826 2387 914 2417 illus-

213 2436 318 2466 travit
350 2436 450 2476 (asp.
479 2437 657 2477 Scioppius
687 2438 797 2469 Veris.
817 2447 841 2469 ι.
859 2442 912 2470 20.

212 2486 328 2518 Duris.
358 2487 399 2517 V.
428 2487 500 2517 Ccl.
527 2487 643 2518 Burm.
672 2488 714 2518 ad
742 2488 844 2519 Ovid.
870 2499 912 2520 ex

215 2538 326 2569 Ponto
343 2547 382 2568 11.
402 2540 432 2569 8.
449 2541 500 2569 59.
518 2543 552 2569 et
571 2539 654 2569 Obs.
674 2539 806 2571 Miscel.
838 2541 912 2572 Vol.

212 2598 259 2618 iv.
278 2598 311 2628 p.
330 2591 403 2619 120.

254 2642 273 2669 6
297 2639 498 2677 Indulgentiu
529 2640 733 2671 Tribunorum
762 2641 912 2682 mimum]

213 2690 371 2730 Optimus
389 2690 504 2721 Ursini
531 2690 661 2731 Codex,
684 2691 764 2722 Mss.
791 2692 910 2723 Brant.

213 2746 247 2771 st
265 2741 370 2771 Norv.
388 2750 427 2772 nc
445 2741 545 2773 editt.
562 2741 658 2773 Rom.
676 2741 835 2774 Beroald.
857 2752 915 2774 ex-

681 166 707 195 Ν
717 166 821 196 01·AE
861 165 1125 197 x'ARlORUM
1160 166 1210 196 ΙΝ

974 260 1093 292 hibent
1104 260 1306 300 indiligentia
1319 259 1521 291 Tribunatum
1532 260 1677 300 militanti

974 321 1072 352 qnam
1100 320 1181 342 sane
1210 311 1390 342 lectionem
1417 310 1577 351 praefero,
1598 312 1681 352 quin.

972 371 1039 393 vox
1052 367 1105 393 est
1119 363 1238 401 rarior,
1253 372 1292 393 ac
1311 361 1451 402 proinde
1467 362 1681 402 corruption}

972 413 1079 452 magis
1095 413 1254 444 obnoxia.
1290 414 1404 444 Caesar
1422 413 1462 443 B.
1480 413 1522 443 G.
1541 421 1606 445 vn.
1624 416 1680 446 1⁷.

971 461 981 477 ⁴
997 461 1180 493 Tenuitate
1197 463 1371 501 Boiorum,
1396 463 1595 502 indiligentia
1621 464 1678 496 ffi-

973 511 1139 545 duorum!
1182 513 1271 544 Vide
1289 518 1324 545 et
1349 516 1387 545 Β.
1407 515 1444 545 C.
1463 524 1518 546 ιιι.
1535 518 1566 546 8.
1607 516 1680 547 Da«-

972 563 1027 593 vis.
1061 563 1279 602 Indiligentia.
1318 565 1373 595 lta
1387 566 1468 596 Mss.
1487 566 1625 606 plurimi
1641 571 1681 598 et-

973 613 1106 653 optimi,
1121 623 1182 644 nec
1200 623 1266 644 non
1286 614 1460 646 Editiones
1477 617 1605 657 aliquot
1623 626 1679 647 ve·

974 667 1077 693 teres.
1123 664 1215 696 Quin
1241 669 1278 694 et
1304 664 1366 694 hac
1395 673 1492 704 voce,
1520 666 1553 696 iu
1580 667 1680 697 libris

973 713 1015 744 de
1033 714 1122 744 bello
1139 715 1288 751 Gallico,
1304 714 1376 755 ipse
1391 724 1469 746 usus
1482 720 1535 746 est
1551 715 1680 748 Caesara

974 764 1020 794 Ut
1048 764 1166 794 mirum
1194 765 1239 796 sit
1265 765 1477 805 Scaligerum
1495 771 1529 796 et
1547 766 1681 798 Recen„

973 814 1087 853 tiores,
1114 815 1256 845 aliorum
1284 816 1447 847 Codicum
1463 815 1565 847 fidem
1581 825 1677 848 secu-

974 871 1036 906 tos,
1064 867 1255 906 reposuisse
1284 867 1519 905 indulgentium.
1565 868 1683 900 Quen}

972 924 1090 946 vocem
1122 916 1294 947 Librarios
1319 917 1531 948 usitatiorem
1560 927 1603 948 ex
1631 918 1680 949 at-

973 970 1047 996 tera
1063 966 1121 996 illa
1138 966 1348 998 inusitatiore
1366 966 1580 1005 confinxisse.
1592 969 1678 999 mul-

973 1020 1007 1047 to
1023 1016 1241 1047 verisimilius
1258 1023 1321 1055 est,
1352 1027 1448 1058 quam
1465 1028 1484 1049 e
1504 1018 1684 1050 contrarie

971 1066 1218 1098 inusitatiorem
1245 1073 1466 1107 permutasse.
1512 1069 1559 1099 Ut
1581 1073 1679 1100 recte

972 1115 1149 1148 adnotavit
1168 1117 1341 1148 Davisius.
1368 1118 1476 1149 Clark.
1501 1119 1585 1149 Mss.
1609 1118 1676 1149 mei

971 1175 1104 1207 quoque
1121 1173 1250 1207 praeter
1267 1168 1423 1198 Leidens.
1451 1168 1611 1208 primum,
1641 1173 1677 1200 et

971 1215 1059 1247 Edd.
1075 1217 1273 1256 Vascmani,
1285 1217 1462 1258 Stephani,
1479 1218 1679 1259 Grypliiana.

971 1267 1141 1307 posterior
1171 1267 1299 1299 liabent
1328 1269 1541 1309 indiligentia.
1586 1269 1681 1301 Vide'

970 1317 1070 1348 etiam
1099 1318 1220 1349 Brant.
1247 1323 1283 1349 et
1311 1329 1372 1350 nos
1395 1320 1439 1350 ad
1466 1320 1508 1351 B.
1525 1321 1563 1352 C.
1582 1329 1622 1352 11.
1644 1322 1676 1352 8.

969 1371 977 1386 ‘
998 1369 1227 1410 Indiligentiae
1259 1380 1298 1401 ac
1328 1371 1455 1402 doloris
1481 1371 1680 1404 iracundia:

971 1420 1047 1452 Hoc
1077 1425 1191 1451 tamen
1214 1421 1289 1452 loco
1316 1421 1511 1461 indulgentia
1538 1422 1678 1454 videtur.

968 1470 1075 1510 magis
1093 1471 1274 1502 convenire
1292 1482 1376 1502 voce
1392 1471 1565 1503 ambitioni.
1590 1472 1675 1504 tdeo

969 1522 1056 1553 enim
1074 1522 1238 1553 militibus
1255 1522 1490 1561 indulgebant.

1011 1577 1030 1606 8
1055 1574 1269 1604 Dissolrendoe
1292 1574 1466 1614 disciplina·
1485 1574 1682 1605 severitatis·

968 1634 1023 1663 que
1053 1623 1166 1663 essent]
1205 1625 1272 1654 Ms.
1306 1624 1444 1656 Norvic.
1474 1625 1680 1656 dissolvendo

968 1675 1143 1715 disciplinae
1158 1675 1392 1716 severitatisque
1408 1685 1528 1706 caussa
1554 1679 1654 1707 essent
1664 1686 1678 1713 ,⁷

970 1724 1028 1755 sed
1047 1734 1163 1756 vocem
1181 1727 1403 1766 penultimam
1425 1727 1602 1767 imperitus
1617 1726 1676 1758 ad-

963 1775 1053 1815 jecit
1079 1776 1274 1808 Librarius:
1299 1787 1342 1807 ex
1370 1776 1554 1808 Atticismo
1582 1777 1679 1808 enim.

968 1826 1085 1858 abesse
1114 1830 1241 1867 potest,
1269 1836 1334 1868 qua
1351 1827 1393 1858 de
1410 1837 1446 1858 re
1464 1827 1590 1858 dudum
1606 1837 1678 1859 mo⁴

968 1878 1044 1909 uuit
1069 1878 1265 1910 Priscianus
1293 1879 1314 1909 l.
1343 1887 1450 1910 xvxii.
1486 1880 1679 1911 Terentius

967 1928 1117 1968 Adelph.
1147 1928 1226 1960 Act.
1244 1938 1293 1960 ιν.
1317 1929 1372 1961 Sc.
1395 1933 1425 1961 4.
1445 1932 1475 1961 6.
1519 1931 1529 1948 ‘
1549 1930 1673 1962 Nec‘id

967 1980 1143 2009 assentandi
1172 1979 1291 2019 magis,
1321 1989 1422 2021 quam
1451 1980 1540 2021 quod
1565 1980 1677 2012 habeo‘

968 2033 1112 2068 gratum,
1132 2028 1245 2060 faeere
1263 2030 1462 2061 existimes.’
1507 2031 1672 2071 Virgilius

967 2079 1041 2110 AEn.
1057 2087 1109 2110 xl.
1127 2082 1197 2110 126.
1221 2081 1229 2096 ‘
1241 2080 1440 2112 Just'niaene
1455 2081 1545 2121 prins
1558 2082 1675 2122 mirer,

968 2129 1094 2160 belline
1120 2130 1304 2160 laborum?
1338 2132 1395 2162 Sic
1420 2131 1608 2172 saepissime
1625 2133 1677 2164 lo-

968 2181 1083 2221 quitur
1108 2182 1300 2214 Sallustius.
1347 2183 1415 2215 Adi
1441 2194 1516 2225 quae
1540 2185 1675 2216 notavi-

967 2242 1040 2262 mus
1065 2232 1108 2263 ab
1136 2234 1175 2264 B.
1200 2234 1238 2265 C.
1267 2244 1291 2266 1.
1314 2238 1367 2266 82.
1417 2236 1525 2267 Dacis.
1570 2235 1673 2267 Adde

968 2282 1114 2314 Rliellic.
1132 2289 1167 2315 et
1177 2294 1237 2315 nos
1255 2286 1297 2316 ad
1312 2287 1353 2317 B.
1371 2287 1414 2317 G.
1430 2296 1479 2318 ιν.
1494 2291 1523 2318 l.
1541 2288 1672 2329 Perpe-

966 2342 1036 2362 ram
1053 2344 1159 2364 caussa
1175 2334 1272 2366 addit
1288 2345 1422 2377 quoque
1439 2336 1658 2370 Petavianus.

1010 2386 1050 2413 18
1077 2384 1230 2424 Putabat]
1258 2386 1335 2416 Pet.
1366 2387 1482 2418 Codex
1505 2388 1673 2427 sperabat:

966 2434 1062 2473 cujus
1079 2434 1171 2465 verbi
1188 2435 1309 2465 Glossa
1338 2441 1451 2476 potest
1481 2446 1552 2468 esse
1578 2440 1672 2477 puta-

965 2484 1028 2515 bat.
1075 2484 1142 2515 Adi
1170 2489 1267 2516 notas
1292 2485 1334 2516 ad
1363 2487 1530 2519 Frou.1n.
1556 2489 1667 2529 0.§⁷.

965 2536 973 2552 ‘
991 2537 1104 2567 Classe
1122 2537 1354 2578 inexspectata
1368 2538 1387 2577 ;¹
1412 2539 1469 2570 ubi
1496 2539 1528 2570 in
1556 2540 1668 2571 Medi-

965 2598 1025 2619 ceo
1056 2589 1232 2628 imperatu:
1257 2594 1293 2620 ut
1320 2591 1409 2631 apud
1435 2592 1611 2624 Claudian.
1642 2602 1667 2624 1.

965 2639 996 2668 in
1026 2638 1135 2670 Rufin.
1167 2642 1240 2671 333.
1269 2639 1524 2684 ‘insperatique
1553 2653 1682 2675 meur--

964 2689 1040 2720 sus!

1006 2744 1047 2773 22
1058 2742 1232 2783 ,Dymaeus
1243 2743 1508 2786 prorimisgfim]
1523 2744 1558 2776 N
1562 2754 1605 2777 on
1615 2745 1673 2776 ita¹
