<?xml version="1.0" encoding="UTF-8"?>
<!DOCTYPE html PUBLIC "-//W3C//DTD XHTML 1.0 Transitional//EN"
    "http://www.w3.org/TR/xhtml1/DTD/xhtml1-transitional.dtd">
<html xmlns="http://www.w3.org/1999/xhtml" xml:lang="en" lang="en">
 <head>
  <title>
</title>
<meta http-equiv="Content-Type" content="text/html;charset=utf-8" />
  <meta name='ocr-system' content='tesseract 3.04.00' />
  <meta name='ocr-capabilities' content='ocr_page ocr_carea ocr_par ocr_line ocrx_word'/>
</head>
<body>
  <div class='ocr_page' id='page_1' title='image "./operaomniaexedit04caesuoft_0153.png"; bbox 0 0 1850 3109; ppageno 0'>
   <div class='ocr_carea' id='block_1_1' title="bbox 403 206 1209 247">
    <p class='ocr_par' dir='ltr' id='par_1_1' title="bbox 403 206 1209 247">
     <span class='ocr_line' id='line_1_1' title="bbox 403 206 1209 247; baseline -0.002 0"><span class='ocrx_word' id='word_1_1' title='bbox 403 206 735 247; x_wconf 56' lang='lat' dir='ltr'>cAr.28.L1ffl</span> <span class='ocrx_word' id='word_1_2' title='bbox 773 216 832 244; x_wconf 69' lang='lat' dir='ltr'>nu</span> <span class='ocrx_word' id='word_1_3' title='bbox 869 215 1022 244; x_wconf 63' lang='lat' dir='ltr'>nunno</span> <span class='ocrx_word' id='word_1_4' title='bbox 1055 216 1209 245; x_wconf 63' lang='lat' dir='ltr'>Anax.</span> 
     </span>
    </p>
   </div>
   <div class='ocr_carea' id='block_1_2' title="bbox 66 309 776 2820">
    <p class='ocr_par' dir='ltr' id='par_1_2' title="bbox 78 309 776 492">
     <span class='ocr_line' id='line_1_2' title="bbox 80 309 776 350; baseline -0.006 -7"><span class='ocrx_word' id='word_1_5' title='bbox 80 311 178 345; x_wconf 70' lang='lat' dir='ltr'>Quod</span> <span class='ocrx_word' id='word_1_6' title='bbox 196 311 288 342; x_wconf 85' lang='lat' dir='ltr'>malit</span> <span class='ocrx_word' id='word_1_7' title='bbox 304 311 482 342; x_wconf 71' lang='lat' dir='ltr'>Gruterus.</span> <span class='ocrx_word' id='word_1_8' title='bbox 526 310 594 340; x_wconf 73' lang='lat' dir='ltr'>Sed</span> <span class='ocrx_word' id='word_1_9' title='bbox 619 309 776 350; x_wconf 77' lang='lat' dir='ltr'>frequen-</span> 
     </span>
     <span class='ocr_line' id='line_1_3' title="bbox 82 358 774 401; baseline -0.001 -10"><span class='ocrx_word' id='word_1_10' title='bbox 82 366 135 392; x_wconf 90' lang='lat' dir='ltr'>ter</span> <span class='ocrx_word' id='word_1_11' title='bbox 148 371 258 401; x_wconf 75' lang='lat' dir='ltr'>pacare</span> <span class='ocrx_word' id='word_1_12' title='bbox 275 361 307 391; x_wconf 88' lang='lat' dir='ltr'>iu</span> <span class='ocrx_word' id='word_1_13' title='bbox 325 361 406 391; x_wconf 69' lang='lat' dir='ltr'>Mss.</span> <span class='ocrx_word' id='word_1_14' title='bbox 425 358 506 389; x_wconf 86' lang='lat' dir='ltr'>abiit</span> <span class='ocrx_word' id='word_1_15' title='bbox 533 360 564 389; x_wconf 90' lang='lat' dir='ltr'>iu</span> <span class='ocrx_word' id='word_1_16' title='bbox 583 359 620 388; x_wconf 84' lang='grc' dir='ltr'>τὸ</span> <span class='ocrx_word' id='word_1_17' title='bbox 642 360 774 399; x_wconf 77' lang='lat' dir='ltr'>placare.</span> 
     </span>
     <span class='ocr_line' id='line_1_4' title="bbox 79 410 774 442; baseline -0.001 0"><span class='ocrx_word' id='word_1_18' title='bbox 79 412 144 442; x_wconf 83' lang='lat' dir='ltr'>Adi</span> <span class='ocrx_word' id='word_1_19' title='bbox 177 412 248 442; x_wconf 79' lang='lat' dir='ltr'>Cel.</span> <span class='ocrx_word' id='word_1_20' title='bbox 281 410 387 441; x_wconf 76' lang='lat' dir='ltr'>Drak.</span> <span class='ocrx_word' id='word_1_21' title='bbox 412 410 453 439; x_wconf 85' lang='lat' dir='ltr'>ad</span> <span class='ocrx_word' id='word_1_22' title='bbox 484 410 602 440; x_wconf 82' lang='lat' dir='ltr'>Silium</span> <span class='ocrx_word' id='word_1_23' title='bbox 630 411 648 441; x_wconf 93' lang='grc' dir='ltr'>Ι.</span> <span class='ocrx_word' id='word_1_24' title='bbox 668 419 709 440; x_wconf 83' lang='grc' dir='ltr'>ιι.</span> <span class='ocrx_word' id='word_1_25' title='bbox 728 420 774 441; x_wconf 82' lang='lat' dir='ltr'>vs.</span> 
     </span>
     <span class='ocr_line' id='line_1_5' title="bbox 78 461 313 492; baseline -0.009 0"><span class='ocrx_word' id='word_1_26' title='bbox 78 464 153 492; x_wconf 65' lang='lat'>483.</span> <span class='ocrx_word' id='word_1_27' title='bbox 170 467 205 492; x_wconf 75' lang='lat' dir='ltr'>ct</span> <span class='ocrx_word' id='word_1_28' title='bbox 221 461 313 492; x_wconf 79' lang='lat' dir='ltr'>ulios,</span> 
     </span>
    </p>

    <p class='ocr_par' dir='ltr' id='par_1_3' title="bbox 66 511 774 2820">
     <span class='ocr_line' id='line_1_6' title="bbox 122 511 772 551; baseline 0 -9"><span class='ocrx_word' id='word_1_29' title='bbox 122 521 236 542; x_wconf 81' lang='lat' dir='ltr'>xxvn.</span> <span class='ocrx_word' id='word_1_30' title='bbox 262 515 280 542; x_wconf 71' lang='lat'><strong>4</strong></span> <span class='ocrx_word' id='word_1_31' title='bbox 307 511 393 542; x_wconf 83' lang='lat' dir='ltr'>Mire</span> <span class='ocrx_word' id='word_1_32' title='bbox 409 511 548 541; x_wconf 78' lang='lat' dir='ltr'>‹Ierirata</span> <span class='ocrx_word' id='word_1_33' title='bbox 566 511 647 541; x_wconf 75' lang='lat' dir='ltr'>inter</span> <span class='ocrx_word' id='word_1_34' title='bbox 663 511 709 551; x_wconf 80' lang='lat' dir='ltr'>se]</span> <span class='ocrx_word' id='word_1_35' title='bbox 737 512 772 542; x_wconf 89' lang='lat' dir='ltr'>lu</span> 
     </span>
     <span class='ocr_line' id='line_1_7' title="bbox 77 561 774 601; baseline 0.001 -9"><span class='ocrx_word' id='word_1_36' title='bbox 77 571 135 592; x_wconf 75' lang='lat' dir='ltr'>sua</span> <span class='ocrx_word' id='word_1_37' title='bbox 157 561 305 592; x_wconf 73' lang='lat' dir='ltr'>editione</span> <span class='ocrx_word' id='word_1_38' title='bbox 331 561 470 601; x_wconf 77' lang='lat' dir='ltr'>primam</span> <span class='ocrx_word' id='word_1_39' title='bbox 503 571 618 591; x_wconf 71' lang='lat' dir='ltr'>vocem</span> <span class='ocrx_word' id='word_1_40' title='bbox 646 562 774 593; x_wconf 77' lang='lat' dir='ltr'>uncinis</span> 
     </span>
     <span class='ocr_line' id='line_1_8' title="bbox 75 612 772 652; baseline 0.001 -10"><span class='ocrx_word' id='word_1_41' title='bbox 75 613 179 642; x_wconf 74' lang='lat' dir='ltr'>cinxit</span> <span class='ocrx_word' id='word_1_42' title='bbox 201 612 273 644; x_wconf 79' lang='lat' dir='ltr'>Jos.</span> <span class='ocrx_word' id='word_1_43' title='bbox 302 612 462 651; x_wconf 70' lang='lat' dir='ltr'>Scaliger.</span> <span class='ocrx_word' id='word_1_44' title='bbox 512 612 556 643; x_wconf 86' lang='lat' dir='ltr'>Et</span> <span class='ocrx_word' id='word_1_45' title='bbox 587 622 664 643; x_wconf 69' lang='lat' dir='ltr'>sane</span> <span class='ocrx_word' id='word_1_46' title='bbox 695 613 772 652; x_wconf 84' lang='lat' dir='ltr'>quid</span> 
     </span>
     <span class='ocr_line' id='line_1_9' title="bbox 74 662 772 694; baseline 0.003 -2"><span class='ocrx_word' id='word_1_47' title='bbox 74 663 148 692; x_wconf 85' lang='lat' dir='ltr'>miri</span> <span class='ocrx_word' id='word_1_48' title='bbox 166 667 217 692; x_wconf 84' lang='lat' dir='ltr'>est</span> <span class='ocrx_word' id='word_1_49' title='bbox 235 662 358 692; x_wconf 71' lang='lat' dir='ltr'>insulas</span> <span class='ocrx_word' id='word_1_50' title='bbox 388 664 420 693; x_wconf 91' lang='lat' dir='ltr'>iu</span> <span class='ocrx_word' id='word_1_51' title='bbox 448 663 564 693; x_wconf 69' lang='lat' dir='ltr'>mediis</span> <span class='ocrx_word' id='word_1_52' title='bbox 582 662 772 694; x_wconf 81' lang='lat' dir='ltr'>fluminibus</span> 
     </span>
     <span class='ocr_line' id='line_1_10' title="bbox 73 713 773 751; baseline 0.004 -9"><span class='ocrx_word' id='word_1_53' title='bbox 73 713 293 751; x_wconf 77' lang='lat' dir='ltr'>comparere?</span> <span class='ocrx_word' id='word_1_54' title='bbox 338 714 420 743; x_wconf 80' lang='lat' dir='ltr'>Cum</span> <span class='ocrx_word' id='word_1_55' title='bbox 453 713 554 751; x_wconf 60' lang='lat' dir='ltr'>igitur</span> <span class='ocrx_word' id='word_1_56' title='bbox 592 723 632 744; x_wconf 90' lang='lat' dir='ltr'>ea</span> <span class='ocrx_word' id='word_1_57' title='bbox 662 724 725 744; x_wconf 82' lang='lat' dir='ltr'>vox</span> <span class='ocrx_word' id='word_1_58' title='bbox 754 725 773 745; x_wconf 79' lang='lat' dir='ltr'>a</span> 
     </span>
     <span class='ocr_line' id='line_1_11' title="bbox 74 763 772 796; baseline 0.003 -2"><span class='ocrx_word' id='word_1_59' title='bbox 74 764 166 794; x_wconf 76' lang='lat' dir='ltr'>Msto</span> <span class='ocrx_word' id='word_1_60' title='bbox 190 763 328 795; x_wconf 86' lang='lat' dir='ltr'>Norvic.</span> <span class='ocrx_word' id='word_1_61' title='bbox 356 769 392 794; x_wconf 86' lang='lat' dir='ltr'>et</span> <span class='ocrx_word' id='word_1_62' title='bbox 417 764 517 794; x_wconf 78' lang='lat' dir='ltr'>editt.</span> <span class='ocrx_word' id='word_1_63' title='bbox 537 765 632 795; x_wconf 85' lang='lat' dir='ltr'>Rom.</span> <span class='ocrx_word' id='word_1_64' title='bbox 650 765 772 796; x_wconf 80' lang='lat' dir='ltr'>Venet.</span> 
     </span>
     <span class='ocr_line' id='line_1_12' title="bbox 72 815 772 854; baseline 0.001 -10"><span class='ocrx_word' id='word_1_65' title='bbox 72 815 229 845; x_wconf 84' lang='lat' dir='ltr'>Berould.</span> <span class='ocrx_word' id='word_1_66' title='bbox 260 815 404 853; x_wconf 78' lang='lat' dir='ltr'>exsulet,</span> <span class='ocrx_word' id='word_1_67' title='bbox 441 824 502 854; x_wconf 67' lang='lat' dir='ltr'>ego</span> <span class='ocrx_word' id='word_1_68' title='bbox 531 815 629 854; x_wconf 78' lang='lat' dir='ltr'>plane</span> <span class='ocrx_word' id='word_1_69' title='bbox 661 815 772 846; x_wconf 87' lang='lat' dir='ltr'>delen·</span> 
     </span>
     <span class='ocr_line' id='line_1_13' title="bbox 72 865 772 905; baseline 0 -10"><span class='ocrx_word' id='word_1_70' title='bbox 72 865 148 895; x_wconf 81' lang='lat' dir='ltr'>(lam</span> <span class='ocrx_word' id='word_1_71' title='bbox 163 874 297 904; x_wconf 77' lang='lat' dir='ltr'>censeo,</span> <span class='ocrx_word' id='word_1_72' title='bbox 320 869 357 895; x_wconf 91' lang='lat' dir='ltr'>ut</span> <span class='ocrx_word' id='word_1_73' title='bbox 387 865 492 905; x_wconf 80' lang='lat' dir='ltr'>inepti</span> <span class='ocrx_word' id='word_1_74' title='bbox 517 865 658 895; x_wconf 80' lang='lat' dir='ltr'>hominis</span> <span class='ocrx_word' id='word_1_75' title='bbox 679 865 772 895; x_wconf 84' lang='lat' dir='ltr'>addi·</span> 
     </span>
     <span class='ocr_line' id='line_1_14' title="bbox 75 915 773 947; baseline 0.001 -2"><span class='ocrx_word' id='word_1_76' title='bbox 75 920 273 946; x_wconf 79' lang='lat' dir='ltr'>tamentum.</span> <span class='ocrx_word' id='word_1_77' title='bbox 319 915 430 947; x_wconf 61' lang='lat' dir='ltr'>Dat-is.</span> <span class='ocrx_word' id='word_1_78' title='bbox 489 915 579 946; x_wconf 87' lang='lat' dir='ltr'>Mire</span> <span class='ocrx_word' id='word_1_79' title='bbox 608 916 773 946; x_wconf 71' lang='lat' dir='ltr'>derivata.-</span> 
     </span>
     <span class='ocr_line' id='line_1_15' title="bbox 72 965 771 1006; baseline 0 -11"><span class='ocrx_word' id='word_1_80' title='bbox 72 965 198 997; x_wconf 87' lang='lat' dir='ltr'>Vocem</span> <span class='ocrx_word' id='word_1_81' title='bbox 235 966 324 1005; x_wconf 76' lang='lat' dir='ltr'>mire,</span> <span class='ocrx_word' id='word_1_82' title='bbox 364 966 395 995; x_wconf 95' lang='lat' dir='ltr'>in</span> <span class='ocrx_word' id='word_1_83' title='bbox 433 965 633 1006; x_wconf 85' lang='lat' dir='ltr'>quibusdam</span> <span class='ocrx_word' id='word_1_84' title='bbox 672 965 771 996; x_wconf 88' lang='lat' dir='ltr'>Codi-</span> 
     </span>
     <span class='ocr_line' id='line_1_16' title="bbox 73 1015 773 1052; baseline 0 -6"><span class='ocrx_word' id='word_1_85' title='bbox 73 1015 170 1047; x_wconf 83' lang='lat' dir='ltr'>cibus</span> <span class='ocrx_word' id='word_1_86' title='bbox 186 1016 353 1052; x_wconf 86' lang='lat' dir='ltr'>omissam,</span> <span class='ocrx_word' id='word_1_87' title='bbox 378 1016 555 1046; x_wconf 82' lang='lat' dir='ltr'>delendam</span> <span class='ocrx_word' id='word_1_88' title='bbox 578 1016 773 1047; x_wconf 80' lang='lat' dir='ltr'>existimant</span> 
     </span>
     <span class='ocr_line' id='line_1_17' title="bbox 72 1066 771 1107; baseline -0.001 -10"><span class='ocrx_word' id='word_1_89' title='bbox 72 1067 224 1107; x_wconf 66' lang='lat' dir='ltr'>Scaliger</span> <span class='ocrx_word' id='word_1_90' title='bbox 239 1071 273 1097; x_wconf 91' lang='lat' dir='ltr'>et</span> <span class='ocrx_word' id='word_1_91' title='bbox 292 1067 464 1106; x_wconf 78' lang='lat' dir='ltr'>Davisius,</span> <span class='ocrx_word' id='word_1_92' title='bbox 489 1071 525 1097; x_wconf 87' lang='lat' dir='ltr'>ut</span> <span class='ocrx_word' id='word_1_93' title='bbox 552 1067 650 1106; x_wconf 78' lang='lat' dir='ltr'><em>inepti</em></span> <span class='ocrx_word' id='word_1_94' title='bbox 678 1066 771 1097; x_wconf 73' lang='lat' dir='ltr'>hami-</span> 
     </span>
     <span class='ocr_line' id='line_1_18' title="bbox 70 1116 771 1157; baseline 0 -11"><span class='ocrx_word' id='word_1_95' title='bbox 70 1116 119 1146; x_wconf 77' lang='lat' dir='ltr'>uis</span> <span class='ocrx_word' id='word_1_96' title='bbox 143 1117 395 1147; x_wconf 69' lang='lat' dir='ltr'>additamentum.</span> <span class='ocrx_word' id='word_1_97' title='bbox 434 1116 548 1148; x_wconf 83' lang='lat' dir='ltr'>‘Quid</span> <span class='ocrx_word' id='word_1_98' title='bbox 579 1117 676 1146; x_wconf 70' lang='lat' dir='ltr'>enim*</span> <span class='ocrx_word' id='word_1_99' title='bbox 707 1117 771 1157; x_wconf 81' lang='lat' dir='ltr'>(in-</span> 
     </span>
     <span class='ocr_line' id='line_1_19' title="bbox 71 1166 770 1206; baseline 0.001 -11"><span class='ocrx_word' id='word_1_100' title='bbox 71 1166 144 1206; x_wconf 89' lang='lat' dir='ltr'>quit</span> <span class='ocrx_word' id='word_1_101' title='bbox 160 1166 229 1206; x_wconf 85' lang='lat' dir='ltr'>hie)</span> <span class='ocrx_word' id='word_1_102' title='bbox 252 1168 261 1183; x_wconf 91' lang='lat'>‘</span> <span class='ocrx_word' id='word_1_103' title='bbox 278 1166 351 1196; x_wconf 77' lang='lat' dir='ltr'>miri</span> <span class='ocrx_word' id='word_1_104' title='bbox 368 1170 433 1205; x_wconf 85' lang='lat' dir='ltr'>est,</span> <span class='ocrx_word' id='word_1_105' title='bbox 456 1166 582 1196; x_wconf 82' lang='lat' dir='ltr'>insulas</span> <span class='ocrx_word' id='word_1_106' title='bbox 601 1167 633 1196; x_wconf 91' lang='lat' dir='ltr'>in</span> <span class='ocrx_word' id='word_1_107' title='bbox 651 1166 770 1196; x_wconf 86' lang='lat' dir='ltr'>mediis</span> 
     </span>
     <span class='ocr_line' id='line_1_20' title="bbox 68 1215 771 1257; baseline 0 -11"><span class='ocrx_word' id='word_1_108' title='bbox 68 1215 260 1247; x_wconf 86' lang='lat' dir='ltr'>fluminibus</span> <span class='ocrx_word' id='word_1_109' title='bbox 272 1225 470 1257; x_wconf 83' lang='lat' dir='ltr'>comparere</span> <span class='ocrx_word' id='word_1_110' title='bbox 482 1216 503 1246; x_wconf 82' lang='lat'>?&#39;</span> <span class='ocrx_word' id='word_1_111' title='bbox 527 1216 610 1256; x_wconf 78' lang='lat' dir='ltr'>Ego,</span> <span class='ocrx_word' id='word_1_112' title='bbox 624 1216 771 1246; x_wconf 88' lang='lat' dir='ltr'>retinen-</span> 
     </span>
     <span class='ocr_line' id='line_1_21' title="bbox 69 1266 771 1298; baseline 0.001 -1"><span class='ocrx_word' id='word_1_113' title='bbox 69 1266 146 1297; x_wconf 87' lang='lat' dir='ltr'>dam</span> <span class='ocrx_word' id='word_1_114' title='bbox 162 1267 297 1298; x_wconf 88' lang='lat' dir='ltr'>omuino</span> <span class='ocrx_word' id='word_1_115' title='bbox 313 1267 469 1298; x_wconf 84' lang='lat' dir='ltr'>existimo</span> <span class='ocrx_word' id='word_1_116' title='bbox 485 1278 493 1297; x_wconf 87' lang='grc'>;</span> <span class='ocrx_word' id='word_1_117' title='bbox 530 1275 593 1297; x_wconf 88' lang='lat' dir='ltr'>non</span> <span class='ocrx_word' id='word_1_118' title='bbox 625 1267 714 1297; x_wconf 83' lang='lat' dir='ltr'>enim</span> <span class='ocrx_word' id='word_1_119' title='bbox 738 1267 771 1298; x_wconf 78' lang='lat' dir='ltr'>id</span> 
     </span>
     <span class='ocr_line' id='line_1_22' title="bbox 69 1317 770 1359; baseline 0.001 -12"><span class='ocrx_word' id='word_1_120' title='bbox 69 1317 185 1348; x_wconf 87' lang='lat' dir='ltr'>Hirtio</span> <span class='ocrx_word' id='word_1_121' title='bbox 213 1319 345 1357; x_wconf 87' lang='lat' dir='ltr'>mirum,</span> <span class='ocrx_word' id='word_1_122' title='bbox 373 1319 506 1348; x_wconf 83' lang='lat' dir='ltr'>insulam</span> <span class='ocrx_word' id='word_1_123' title='bbox 534 1319 566 1348; x_wconf 79' lang='lat' dir='ltr'>in</span> <span class='ocrx_word' id='word_1_124' title='bbox 589 1318 686 1349; x_wconf 77' lang='lat' dir='ltr'>medio</span> <span class='ocrx_word' id='word_1_125' title='bbox 704 1319 770 1359; x_wconf 85' lang='lat' dir='ltr'>fla-</span> 
     </span>
     <span class='ocr_line' id='line_1_23' title="bbox 70 1368 769 1409; baseline 0.003 -11"><span class='ocrx_word' id='word_1_126' title='bbox 70 1369 150 1399; x_wconf 75' lang='lat' dir='ltr'>mine</span> <span class='ocrx_word' id='word_1_127' title='bbox 165 1378 362 1409; x_wconf 80' lang='lat' dir='ltr'>comparere;</span> <span class='ocrx_word' id='word_1_128' title='bbox 385 1369 444 1400; x_wconf 87' lang='lat' dir='ltr'>sed</span> <span class='ocrx_word' id='word_1_129' title='bbox 467 1368 592 1399; x_wconf 84' lang='lat' dir='ltr'>flumen</span> <span class='ocrx_word' id='word_1_130' title='bbox 619 1369 665 1400; x_wconf 85' lang='lat' dir='ltr'>ita</span> <span class='ocrx_word' id='word_1_131' title='bbox 688 1369 769 1400; x_wconf 76' lang='lat' dir='ltr'>cleri-</span> 
     </span>
     <span class='ocr_line' id='line_1_24' title="bbox 68 1420 770 1460; baseline 0.003 -11"><span class='ocrx_word' id='word_1_132' title='bbox 68 1423 173 1450; x_wconf 75' lang='lat' dir='ltr'>catum</span> <span class='ocrx_word' id='word_1_133' title='bbox 197 1420 279 1451; x_wconf 73' lang='lat' dir='ltr'>inter·</span> <span class='ocrx_word' id='word_1_134' title='bbox 303 1430 336 1451; x_wconf 84' lang='lat' dir='ltr'>se</span> <span class='ocrx_word' id='word_1_135' title='bbox 361 1420 476 1450; x_wconf 75' lang='lat' dir='ltr'>duobus</span> <span class='ocrx_word' id='word_1_136' title='bbox 490 1420 656 1451; x_wconf 79' lang='lat' dir='ltr'>itineribus</span> <span class='ocrx_word' id='word_1_137' title='bbox 677 1421 770 1460; x_wconf 77' lang='lat' dir='ltr'>paul·</span> 
     </span>
     <span class='ocr_line' id='line_1_25' title="bbox 67 1469 768 1508; baseline 0.004 -9"><span class='ocrx_word' id='word_1_138' title='bbox 67 1469 167 1508; x_wconf 76' lang='lat' dir='ltr'>latim,</span> <span class='ocrx_word' id='word_1_139' title='bbox 198 1474 236 1501; x_wconf 89' lang='lat' dir='ltr'>ut</span> <span class='ocrx_word' id='word_1_140' title='bbox 261 1470 496 1501; x_wconf 75' lang='lat' dir='ltr'>similitudinem</span> <span class='ocrx_word' id='word_1_141' title='bbox 523 1471 639 1501; x_wconf 68' lang='lat' dir='ltr'>litterae</span> <span class='ocrx_word' id='word_1_142' title='bbox 664 1475 692 1501; x_wconf 91' lang='grc' dir='ltr'>Δ</span> <span class='ocrx_word' id='word_1_143' title='bbox 715 1480 768 1502; x_wconf 89' lang='lat' dir='ltr'>ac-</span> 
     </span>
     <span class='ocr_line' id='line_1_26' title="bbox 67 1519 769 1553; baseline 0.001 -2"><span class='ocrx_word' id='word_1_144' title='bbox 67 1524 183 1551; x_wconf 84' lang='lat' dir='ltr'>curate</span> <span class='ocrx_word' id='word_1_145' title='bbox 199 1519 337 1552; x_wconf 86' lang='lat' dir='ltr'>efficiat.</span> <span class='ocrx_word' id='word_1_146' title='bbox 383 1521 490 1553; x_wconf 84' lang='lat' dir='ltr'>Clark.</span> <span class='ocrx_word' id='word_1_147' title='bbox 535 1521 663 1552; x_wconf 83' lang='lat' dir='ltr'>Vocem</span> <span class='ocrx_word' id='word_1_148' title='bbox 690 1523 769 1552; x_wconf 72' lang='lat' dir='ltr'>mire</span> 
     </span>
     <span class='ocr_line' id='line_1_27' title="bbox 69 1570 767 1611; baseline 0.003 -11"><span class='ocrx_word' id='word_1_149' title='bbox 69 1579 133 1600; x_wconf 86' lang='lat' dir='ltr'>non</span> <span class='ocrx_word' id='word_1_150' title='bbox 150 1574 338 1611; x_wconf 85' lang='lat' dir='ltr'>agnoscunt</span> <span class='ocrx_word' id='word_1_151' title='bbox 360 1570 438 1601; x_wconf 85' lang='lat' dir='ltr'>Pet.</span> <span class='ocrx_word' id='word_1_152' title='bbox 456 1570 567 1601; x_wconf 82' lang='lat' dir='ltr'>Palat.</span> <span class='ocrx_word' id='word_1_153' title='bbox 593 1570 689 1602; x_wconf 85' lang='lat' dir='ltr'>Leid.</span> <span class='ocrx_word' id='word_1_154' title='bbox 716 1581 767 1611; x_wconf 90' lang='lat' dir='ltr'>pr.</span> 
     </span>
     <span class='ocr_line' id='line_1_28' title="bbox 66 1621 766 1662; baseline 0.003 -11"><span class='ocrx_word' id='word_1_155' title='bbox 66 1621 154 1651; x_wconf 77' lang='lat' dir='ltr'>Scal.</span> <span class='ocrx_word' id='word_1_156' title='bbox 170 1622 254 1651; x_wconf 90' lang='lat' dir='ltr'>Lov.</span> <span class='ocrx_word' id='word_1_157' title='bbox 265 1621 352 1652; x_wconf 90' lang='lat' dir='ltr'>Edd.</span> <span class='ocrx_word' id='word_1_158' title='bbox 367 1621 501 1661; x_wconf 84' lang='lat' dir='ltr'>primae,</span> <span class='ocrx_word' id='word_1_159' title='bbox 516 1621 617 1653; x_wconf 83' lang='lat' dir='ltr'>Vasc.</span> <span class='ocrx_word' id='word_1_160' title='bbox 633 1622 766 1662; x_wconf 75' lang='lat' dir='ltr'>Gryph.</span> 
     </span>
     <span class='ocr_line' id='line_1_29' title="bbox 67 1667 768 1712; baseline 0.001 -11"><span class='ocrx_word' id='word_1_161' title='bbox 67 1671 186 1711; x_wconf 77' lang='lat' dir='ltr'>Steph.</span> <span class='ocrx_word' id='word_1_162' title='bbox 209 1667 213 1671; x_wconf 78' lang='lat'>&#39;</span> <span class='ocrx_word' id='word_1_163' title='bbox 232 1670 340 1702; x_wconf 90' lang='lat' dir='ltr'>Aldus</span> <span class='ocrx_word' id='word_1_164' title='bbox 356 1676 468 1702; x_wconf 85' lang='lat' dir='ltr'>tamen</span> <span class='ocrx_word' id='word_1_165' title='bbox 478 1671 549 1712; x_wconf 84' lang='lat' dir='ltr'>jam</span> <span class='ocrx_word' id='word_1_166' title='bbox 565 1671 666 1702; x_wconf 81' lang='lat' dir='ltr'>habet</span> <span class='ocrx_word' id='word_1_167' title='bbox 681 1681 768 1711; x_wconf 81' lang='lat' dir='ltr'>eam,</span> 
     </span>
     <span class='ocr_line' id='line_1_30' title="bbox 67 1720 767 1761; baseline 0.003 -11"><span class='ocrx_word' id='word_1_168' title='bbox 67 1726 103 1751; x_wconf 85' lang='lat' dir='ltr'>ct</span> <span class='ocrx_word' id='word_1_169' title='bbox 119 1724 232 1751; x_wconf 80' lang='lat' dir='ltr'>exstat</span> <span class='ocrx_word' id='word_1_170' title='bbox 248 1720 281 1751; x_wconf 90' lang='lat' dir='ltr'>in</span> <span class='ocrx_word' id='word_1_171' title='bbox 300 1722 406 1761; x_wconf 84' lang='lat' dir='ltr'>Bong.</span> <span class='ocrx_word' id='word_1_172' title='bbox 419 1721 516 1752; x_wconf 54' lang='lat' dir='ltr'>Voss</span> <span class='ocrx_word' id='word_1_173' title='bbox 534 1721 628 1752; x_wconf 79' lang='lat' dir='ltr'>Leia.</span> <span class='ocrx_word' id='word_1_174' title='bbox 646 1731 715 1753; x_wconf 89' lang='lat' dir='ltr'>sec.</span> <span class='ocrx_word' id='word_1_175' title='bbox 732 1727 767 1752; x_wconf 88' lang='lat' dir='ltr'>et</span> 
     </span>
     <span class='ocr_line' id='line_1_31' title="bbox 68 1770 768 1812; baseline 0.004 -11"><span class='ocrx_word' id='word_1_176' title='bbox 68 1770 149 1802; x_wconf 77' lang='lat' dir='ltr'>aliis.</span> <span class='ocrx_word' id='word_1_177' title='bbox 180 1772 348 1812; x_wconf 80' lang='lat' dir='ltr'>Suspecta</span> <span class='ocrx_word' id='word_1_178' title='bbox 362 1776 472 1802; x_wconf 86' lang='lat' dir='ltr'>tamen</span> <span class='ocrx_word' id='word_1_179' title='bbox 491 1772 570 1802; x_wconf 79' lang='lat' dir='ltr'>mihi</span> <span class='ocrx_word' id='word_1_180' title='bbox 587 1777 650 1811; x_wconf 87' lang='lat' dir='ltr'>est,</span> <span class='ocrx_word' id='word_1_181' title='bbox 669 1772 768 1804; x_wconf 87' lang='lat' dir='ltr'>immo</span> 
     </span>
     <span class='ocr_line' id='line_1_32' title="bbox 67 1822 770 1862; baseline 0.006 -11"><span class='ocrx_word' id='word_1_182' title='bbox 67 1826 150 1861; x_wconf 87' lang='lat' dir='ltr'>puto</span> <span class='ocrx_word' id='word_1_183' title='bbox 167 1822 294 1862; x_wconf 85' lang='lat' dir='ltr'>optime</span> <span class='ocrx_word' id='word_1_184' title='bbox 310 1822 509 1854; x_wconf 84' lang='lat' dir='ltr'>emendasse</span> <span class='ocrx_word' id='word_1_185' title='bbox 523 1824 659 1855; x_wconf 86' lang='lat' dir='ltr'>doctiss.</span> <span class='ocrx_word' id='word_1_186' title='bbox 678 1825 770 1855; x_wconf 83' lang='lat' dir='ltr'>Was·</span> 
     </span>
     <span class='ocr_line' id='line_1_33' title="bbox 68 1872 769 1915; baseline 0.004 -13"><span class='ocrx_word' id='word_1_187' title='bbox 68 1873 152 1903; x_wconf 81' lang='lat' dir='ltr'>sium</span> <span class='ocrx_word' id='word_1_188' title='bbox 170 1872 212 1903; x_wconf 85' lang='lat' dir='ltr'>ad</span> <span class='ocrx_word' id='word_1_189' title='bbox 227 1873 364 1905; x_wconf 78' lang='lat' dir='ltr'>Sallust.</span> <span class='ocrx_word' id='word_1_190' title='bbox 380 1873 420 1904; x_wconf 77' lang='lat' dir='ltr'>B.</span> <span class='ocrx_word' id='word_1_191' title='bbox 434 1874 514 1914; x_wconf 82' lang='lat' dir='ltr'>Jug.</span> <span class='ocrx_word' id='word_1_192' title='bbox 530 1884 562 1914; x_wconf 90' lang='lat' dir='ltr'>p.</span> <span class='ocrx_word' id='word_1_193' title='bbox 575 1877 649 1905; x_wconf 69' lang='lat'>448.</span> <span class='ocrx_word' id='word_1_194' title='bbox 664 1883 683 1904; x_wconf 89' lang='lat' dir='ltr'>a</span> <span class='ocrx_word' id='word_1_195' title='bbox 696 1875 769 1915; x_wconf 85' lang='lat' dir='ltr'>My-</span> 
     </span>
     <span class='ocr_line' id='line_1_34' title="bbox 67 1923 767 1963; baseline 0.003 -10"><span class='ocrx_word' id='word_1_196' title='bbox 67 1923 133 1954; x_wconf 79' lang='lat' dir='ltr'>ride</span> <span class='ocrx_word' id='word_1_197' title='bbox 159 1931 218 1954; x_wconf 83' lang='lat' dir='ltr'>seu</span> <span class='ocrx_word' id='word_1_198' title='bbox 243 1924 389 1962; x_wconf 68' lang='lat' dir='ltr'>Moeriae,</span> <span class='ocrx_word' id='word_1_199' title='bbox 413 1925 510 1963; x_wconf 86' lang='lat' dir='ltr'>lacu;</span> <span class='ocrx_word' id='word_1_200' title='bbox 543 1925 609 1963; x_wconf 89' lang='lat' dir='ltr'>vel,</span> <span class='ocrx_word' id='word_1_201' title='bbox 637 1925 767 1955; x_wconf 87' lang='lat' dir='ltr'>minore</span> 
     </span>
     <span class='ocr_line' id='line_1_35' title="bbox 66 1975 768 2015; baseline 0.004 -11"><span class='ocrx_word' id='word_1_202' title='bbox 66 1975 263 2013; x_wconf 81' lang='lat' dir='ltr'>mutatione,</span> <span class='ocrx_word' id='word_1_203' title='bbox 287 1976 393 2015; x_wconf 79' lang='lat' dir='ltr'>Myrie</span> <span class='ocrx_word' id='word_1_204' title='bbox 419 1985 479 2006; x_wconf 84' lang='lat' dir='ltr'>seu</span> <span class='ocrx_word' id='word_1_205' title='bbox 510 1976 635 2007; x_wconf 81' lang='lat' dir='ltr'>Moerie.</span> <span class='ocrx_word' id='word_1_206' title='bbox 682 1976 768 2007; x_wconf 89' lang='lat' dir='ltr'>Inde</span> 
     </span>
     <span class='ocr_line' id='line_1_36' title="bbox 67 2024 767 2065; baseline 0.004 -11"><span class='ocrx_word' id='word_1_207' title='bbox 67 2025 153 2055; x_wconf 85' lang='lat' dir='ltr'>enim</span> <span class='ocrx_word' id='word_1_208' title='bbox 183 2024 305 2065; x_wconf 86' lang='lat' dir='ltr'>incipit</span> <span class='ocrx_word' id='word_1_209' title='bbox 334 2024 452 2056; x_wconf 75' lang='lat' dir='ltr'>fissura</span> <span class='ocrx_word' id='word_1_210' title='bbox 481 2026 562 2056; x_wconf 90' lang='lat' dir='ltr'>Nili.</span> <span class='ocrx_word' id='word_1_211' title='bbox 621 2027 767 2058; x_wconf 82' lang='lat' dir='ltr'>Consule</span> 
     </span>
     <span class='ocr_line' id='line_1_37' title="bbox 66 2075 767 2117; baseline 0.004 -12"><span class='ocrx_word' id='word_1_212' title='bbox 66 2075 200 2106; x_wconf 86' lang='lat' dir='ltr'>omnino</span> <span class='ocrx_word' id='word_1_213' title='bbox 226 2076 460 2117; x_wconf 81' lang='lat' dir='ltr'>Geographos.</span> <span class='ocrx_word' id='word_1_214' title='bbox 479 2076 568 2106; x_wconf 88' lang='lat' dir='ltr'>Pliu.</span> <span class='ocrx_word' id='word_1_215' title='bbox 585 2086 619 2107; x_wconf 93' lang='lat' dir='ltr'>v.</span> <span class='ocrx_word' id='word_1_216' title='bbox 637 2080 670 2108; x_wconf 88' lang='lat'>9.</span> <span class='ocrx_word' id='word_1_217' title='bbox 698 2077 767 2108; x_wconf 83' lang='lat' dir='ltr'>He-</span> 
     </span>
     <span class='ocr_line' id='line_1_38' title="bbox 67 2115 768 2168; baseline 0.003 -12"><span class='ocrx_word' id='word_1_218' title='bbox 67 2115 138 2156; x_wconf 46' lang='lat' dir='ltr'>rod.</span> <span class='ocrx_word' id='word_1_219' title='bbox 156 2135 196 2156; x_wconf 82' lang='lat' dir='ltr'>n.</span> <span class='ocrx_word' id='word_1_220' title='bbox 215 2129 266 2157; x_wconf 82' lang='lat'>13.</span> <span class='ocrx_word' id='word_1_221' title='bbox 285 2127 339 2157; x_wconf 91' lang='lat' dir='ltr'>ubi</span> <span class='ocrx_word' id='word_1_222' title='bbox 355 2128 434 2158; x_wconf 87' lang='lat' dir='ltr'>olim</span> <span class='ocrx_word' id='word_1_223' title='bbox 451 2126 557 2168; x_wconf 85' lang='grc' dir='ltr'>Μύρις.</span> <span class='ocrx_word' id='word_1_224' title='bbox 599 2126 646 2158; x_wconf 85' lang='lat' dir='ltr'>At</span> <span class='ocrx_word' id='word_1_225' title='bbox 663 2127 768 2167; x_wconf 77' lang='grc' dir='ltr'><strong><em>Μοίρις</em></strong></span> 
     </span>
     <span class='ocr_line' id='line_1_39' title="bbox 67 2176 766 2209; baseline 0.004 -3"><span class='ocrx_word' id='word_1_226' title='bbox 67 2186 85 2206; x_wconf 92' lang='lat' dir='ltr'>e</span> <span class='ocrx_word' id='word_1_227' title='bbox 117 2176 276 2207; x_wconf 82' lang='lat' dir='ltr'>Mediceo</span> <span class='ocrx_word' id='word_1_228' title='bbox 303 2176 426 2207; x_wconf 81' lang='lat' dir='ltr'>Codice</span> <span class='ocrx_word' id='word_1_229' title='bbox 456 2177 608 2208; x_wconf 86' lang='lat' dir='ltr'>restituit</span> <span class='ocrx_word' id='word_1_230' title='bbox 635 2178 766 2209; x_wconf 85' lang='lat' dir='ltr'>Grono-</span> 
     </span>
     <span class='ocr_line' id='line_1_40' title="bbox 68 2225 767 2267; baseline 0.003 -11"><span class='ocrx_word' id='word_1_231' title='bbox 68 2226 158 2257; x_wconf 78' lang='lat' dir='ltr'>vius:</span> <span class='ocrx_word' id='word_1_232' title='bbox 191 2227 248 2257; x_wconf 87' lang='lat' dir='ltr'>sed</span> <span class='ocrx_word' id='word_1_233' title='bbox 274 2225 368 2267; x_wconf 82' lang='grc' dir='ltr'><strong><em>Μύρις</em></strong></span> <span class='ocrx_word' id='word_1_234' title='bbox 389 2226 550 2258; x_wconf 75' lang='lat' dir='ltr'>scribitur</span> <span class='ocrx_word' id='word_1_235' title='bbox 575 2227 666 2266; x_wconf 87' lang='lat' dir='ltr'>apud</span> <span class='ocrx_word' id='word_1_236' title='bbox 682 2228 767 2258; x_wconf 87' lang='lat' dir='ltr'>Dio-</span> 
     </span>
     <span class='ocr_line' id='line_1_41' title="bbox 68 2275 765 2316; baseline 0.003 -10"><span class='ocrx_word' id='word_1_237' title='bbox 68 2275 143 2307; x_wconf 87' lang='lat' dir='ltr'>dor.</span> <span class='ocrx_word' id='word_1_238' title='bbox 166 2276 270 2308; x_wconf 78' lang='lat' dir='ltr'>sicul.</span> <span class='ocrx_word' id='word_1_239' title='bbox 302 2277 323 2307; x_wconf 93' lang='grc' dir='ltr'>Ι.</span> <span class='ocrx_word' id='word_1_240' title='bbox 342 2285 365 2306; x_wconf 84' lang='lat'>1.</span> <span class='ocrx_word' id='word_1_241' title='bbox 384 2286 417 2316; x_wconf 81' lang='lat' dir='ltr'>p.</span> <span class='ocrx_word' id='word_1_242' title='bbox 435 2280 488 2308; x_wconf 72' lang='lat'>46.</span> <span class='ocrx_word' id='word_1_243' title='bbox 512 2276 575 2307; x_wconf 88' lang='lat' dir='ltr'>Ed.</span> <span class='ocrx_word' id='word_1_244' title='bbox 603 2277 765 2308; x_wconf 79' lang='lat' dir='ltr'>Rhodum.</span> 
     </span>
     <span class='ocr_line' id='line_1_42' title="bbox 68 2326 768 2367; baseline 0.003 -10"><span class='ocrx_word' id='word_1_245' title='bbox 68 2336 128 2367; x_wconf 89' lang='lat' dir='ltr'>pro</span> <span class='ocrx_word' id='word_1_246' title='bbox 145 2326 315 2367; x_wconf 80' lang='lat' dir='ltr'>frequenti</span> <span class='ocrx_word' id='word_1_247' title='bbox 333 2327 583 2367; x_wconf 86' lang='lat' dir='ltr'>permutatione</span> <span class='ocrx_word' id='word_1_248' title='bbox 599 2328 660 2357; x_wconf 82' lang='grc' dir='ltr'>τῶν</span> <span class='ocrx_word' id='word_1_249' title='bbox 681 2338 708 2357; x_wconf 84' lang='grc' dir='ltr'>οι</span> <span class='ocrx_word' id='word_1_250' title='bbox 731 2332 768 2359; x_wconf 81' lang='lat' dir='ltr'>et</span> 
     </span>
     <span class='ocr_line' id='line_1_43' title="bbox 68 2376 768 2418; baseline 0.003 -12"><span class='ocrx_word' id='word_1_251' title='bbox 68 2388 94 2407; x_wconf 91' lang='grc' dir='ltr'>υ.</span> <span class='ocrx_word' id='word_1_252' title='bbox 139 2378 184 2408; x_wconf 86' lang='lat' dir='ltr'>Et</span> <span class='ocrx_word' id='word_1_253' title='bbox 199 2377 277 2408; x_wconf 83' lang='lat' dir='ltr'>hinc</span> <span class='ocrx_word' id='word_1_254' title='bbox 295 2376 406 2409; x_wconf 84' lang='lat' dir='ltr'>forsan</span> <span class='ocrx_word' id='word_1_255' title='bbox 425 2378 620 2418; x_wconf 74' lang='lat' dir='ltr'>praepositio</span> <span class='ocrx_word' id='word_1_256' title='bbox 637 2389 655 2408; x_wconf 83' lang='lat' dir='ltr'>a</span> <span class='ocrx_word' id='word_1_257' title='bbox 678 2378 768 2409; x_wconf 85' lang='lat' dir='ltr'>deci-</span> 
     </span>
     <span class='ocr_line' id='line_1_44' title="bbox 67 2427 766 2464; baseline 0.003 -6"><span class='ocrx_word' id='word_1_258' title='bbox 67 2427 118 2458; x_wconf 89' lang='lat' dir='ltr'>dit</span> <span class='ocrx_word' id='word_1_259' title='bbox 145 2428 187 2459; x_wconf 88' lang='lat' dir='ltr'>ad</span> <span class='ocrx_word' id='word_1_260' title='bbox 218 2427 356 2459; x_wconf 86' lang='lat' dir='ltr'>inferius</span> <span class='ocrx_word' id='word_1_261' title='bbox 387 2439 406 2459; x_wconf 87' lang='lat' dir='ltr'>a</span> <span class='ocrx_word' id='word_1_262' title='bbox 435 2429 542 2464; x_wconf 70' lang='lat' dir='ltr'>mari:</span> <span class='ocrx_word' id='word_1_263' title='bbox 590 2430 648 2460; x_wconf 91' lang='lat' dir='ltr'>ubi</span> <span class='ocrx_word' id='word_1_264' title='bbox 680 2430 766 2461; x_wconf 89' lang='lat' dir='ltr'>bene</span> 
     </span>
     <span class='ocr_line' id='line_1_45' title="bbox 68 2476 765 2519; baseline 0.006 -11"><span class='ocrx_word' id='word_1_265' title='bbox 68 2476 296 2519; x_wconf 85' lang='lat' dir='ltr'>Glandorpius</span> <span class='ocrx_word' id='word_1_266' title='bbox 319 2483 353 2509; x_wconf 84' lang='lat' dir='ltr'>et</span> <span class='ocrx_word' id='word_1_267' title='bbox 370 2478 568 2510; x_wconf 77' lang='lat' dir='ltr'>ciacconius</span> <span class='ocrx_word' id='word_1_268' title='bbox 593 2480 765 2512; x_wconf 82' lang='lat' dir='ltr'>abundare</span> 
     </span>
     <span class='ocr_line' id='line_1_46' title="bbox 67 2528 765 2567; baseline 0.006 -10"><span class='ocrx_word' id='word_1_269' title='bbox 67 2536 138 2557; x_wconf 79' lang='lat' dir='ltr'>eam</span> <span class='ocrx_word' id='word_1_270' title='bbox 156 2528 326 2567; x_wconf 84' lang='lat' dir='ltr'>viderunt,</span> <span class='ocrx_word' id='word_1_271' title='bbox 349 2534 384 2560; x_wconf 84' lang='lat' dir='ltr'>et</span> <span class='ocrx_word' id='word_1_272' title='bbox 409 2530 563 2561; x_wconf 82' lang='lat' dir='ltr'>Clarkius</span> <span class='ocrx_word' id='word_1_273' title='bbox 585 2540 660 2561; x_wconf 87' lang='lat' dir='ltr'>eam</span> <span class='ocrx_word' id='word_1_274' title='bbox 688 2541 765 2561; x_wconf 84' lang='lat' dir='ltr'>cum</span> 
     </span>
     <span class='ocr_line' id='line_1_47' title="bbox 68 2577 764 2622; baseline 0.009 -15"><span class='ocrx_word' id='word_1_275' title='bbox 68 2577 136 2608; x_wconf 86' lang='lat' dir='ltr'>Ms.</span> <span class='ocrx_word' id='word_1_276' title='bbox 153 2579 279 2609; x_wconf 81' lang='lat' dir='ltr'>Eliensi</span> <span class='ocrx_word' id='word_1_277' title='bbox 293 2590 336 2610; x_wconf 79' lang='lat' dir='ltr'>cx</span> <span class='ocrx_word' id='word_1_278' title='bbox 353 2580 484 2611; x_wconf 87' lang='lat' dir='ltr'>Davisii</span> <span class='ocrx_word' id='word_1_279' title='bbox 510 2581 635 2612; x_wconf 82' lang='lat' dir='ltr'>monito</span> <span class='ocrx_word' id='word_1_280' title='bbox 652 2582 764 2622; x_wconf 83' lang='lat' dir='ltr'>ejecit.</span> 
     </span>
     <span class='ocr_line' id='line_1_48' title="bbox 69 2627 766 2667; baseline 0.01 -10"><span class='ocrx_word' id='word_1_281' title='bbox 69 2627 98 2658; x_wconf 79' lang='lat' dir='ltr'><strong><em>A</em></strong></span> <span class='ocrx_word' id='word_1_282' title='bbox 129 2628 333 2667; x_wconf 81' lang='lat' dir='ltr'>superfluum</span> <span class='ocrx_word' id='word_1_283' title='bbox 363 2631 432 2662; x_wconf 81' lang='lat' dir='ltr'>illic</span> <span class='ocrx_word' id='word_1_284' title='bbox 467 2641 538 2662; x_wconf 76' lang='lat' dir='ltr'>esse</span> <span class='ocrx_word' id='word_1_285' title='bbox 570 2632 766 2664; x_wconf 83' lang='lat' dir='ltr'>adverterat</span> 
     </span>
     <span class='ocr_line' id='line_1_49' title="bbox 69 2678 766 2720; baseline 0.013 -15"><span class='ocrx_word' id='word_1_286' title='bbox 69 2686 202 2717; x_wconf 84' lang='lat' dir='ltr'>quoque</span> <span class='ocrx_word' id='word_1_287' title='bbox 218 2678 394 2720; x_wconf 82' lang='lat' dir='ltr'>Gruterus,</span> <span class='ocrx_word' id='word_1_288' title='bbox 417 2684 453 2711; x_wconf 90' lang='lat' dir='ltr'>et</span> <span class='ocrx_word' id='word_1_289' title='bbox 469 2681 564 2712; x_wconf 84' lang='lat' dir='ltr'>uncis</span> <span class='ocrx_word' id='word_1_290' title='bbox 581 2682 766 2714; x_wconf 82' lang='lat' dir='ltr'>incluserat</span> 
     </span>
     <span class='ocr_line' id='line_1_50' title="bbox 70 2726 764 2773; baseline 0.012 -18"><span class='ocrx_word' id='word_1_291' title='bbox 70 2726 232 2765; x_wconf 82' lang='lat' dir='ltr'>Scaliger.</span> <span class='ocrx_word' id='word_1_292' title='bbox 292 2728 398 2759; x_wconf 90' lang='lat' dir='ltr'>Immo</span> <span class='ocrx_word' id='word_1_293' title='bbox 428 2730 525 2762; x_wconf 87' lang='lat' dir='ltr'>abest</span> <span class='ocrx_word' id='word_1_294' title='bbox 557 2741 690 2773; x_wconf 87' lang='lat' dir='ltr'>quoque</span> <span class='ocrx_word' id='word_1_295' title='bbox 722 2732 764 2764; x_wconf 85' lang='lat' dir='ltr'>ab</span> 
     </span>
     <span class='ocr_line' id='line_1_51' title="bbox 69 2776 474 2820; baseline 0.012 -14"><span class='ocrx_word' id='word_1_296' title='bbox 69 2776 196 2817; x_wconf 84' lang='lat' dir='ltr'>optimo</span> <span class='ocrx_word' id='word_1_297' title='bbox 213 2776 296 2808; x_wconf 90' lang='lat' dir='ltr'>Cod.</span> <span class='ocrx_word' id='word_1_298' title='bbox 314 2778 408 2810; x_wconf 83' lang='lat' dir='ltr'>Leid.</span> <span class='ocrx_word' id='word_1_299' title='bbox 425 2789 474 2820; x_wconf 75' lang='lat' dir='ltr'>pr.</span> 
     </span>
    </p>
   </div>
   <div class='ocr_carea' id='block_1_3' title="bbox 1419 209 1530 249">
    <p class='ocr_par' dir='ltr' id='par_1_4' title="bbox 1419 209 1530 249">
     <span class='ocr_line' id='line_1_52' title="bbox 1419 209 1530 249; baseline 0.018 -2"><span class='ocrx_word' id='word_1_300' title='bbox 1419 209 1530 249; x_wconf 73' lang='lat'>1547</span> 
     </span>
    </p>
   </div>
   <div class='ocr_carea' id='block_1_4' title="bbox 814 310 1532 2819">
    <p class='ocr_par' dir='ltr' id='par_1_5' title="bbox 829 310 1531 452">
     <span class='ocr_line' id='line_1_53' title="bbox 869 310 1531 350; baseline 0.008 -12"><span class='ocrx_word' id='word_1_301' title='bbox 869 313 889 339; x_wconf 79' lang='lat'>0</span> <span class='ocrx_word' id='word_1_302' title='bbox 915 310 1002 340; x_wconf 79' lang='lat' dir='ltr'>Mari</span> <span class='ocrx_word' id='word_1_303' title='bbox 1017 310 1228 350; x_wconf 74' lang='lat' dir='ltr'>conjungitur]</span> <span class='ocrx_word' id='word_1_304' title='bbox 1254 311 1307 342; x_wconf 81' lang='lat' dir='ltr'>Ita</span> <span class='ocrx_word' id='word_1_305' title='bbox 1330 312 1531 344; x_wconf 74' lang='lat' dir='ltr'>(‘ia‹·(·‹›nius</span> 
     </span>
     <span class='ocr_line' id='line_1_54' title="bbox 829 361 1530 401; baseline 0.007 -12"><span class='ocrx_word' id='word_1_306' title='bbox 829 366 937 397; x_wconf 77' lang='lat' dir='ltr'>recte,</span> <span class='ocrx_word' id='word_1_307' title='bbox 953 369 994 390; x_wconf 81' lang='lat' dir='ltr'>ex</span> <span class='ocrx_word' id='word_1_308' title='bbox 1012 361 1230 401; x_wconf 75' lang='lat' dir='ltr'>conjectura3</span> <span class='ocrx_word' id='word_1_309' title='bbox 1255 367 1289 393; x_wconf 79' lang='lat' dir='ltr'>et</span> <span class='ocrx_word' id='word_1_310' title='bbox 1313 363 1473 394; x_wconf 72' lang='lat' dir='ltr'>Davisius</span> <span class='ocrx_word' id='word_1_311' title='bbox 1488 374 1530 394; x_wconf 73' lang='lat' dir='ltr'>ex</span> 
     </span>
     <span class='ocr_line' id='line_1_55' title="bbox 833 410 1484 452; baseline 0.006 -13"><span class='ocrx_word' id='word_1_312' title='bbox 833 410 900 440; x_wconf 75' lang='lat' dir='ltr'>Ms.</span> <span class='ocrx_word' id='word_1_313' title='bbox 918 411 1044 441; x_wconf 72' lang='lat' dir='ltr'>Eliens.</span> <span class='ocrx_word' id='word_1_314' title='bbox 1077 413 1198 452; x_wconf 73' lang='lat' dir='ltr'>Vulgg.</span> <span class='ocrx_word' id='word_1_315' title='bbox 1216 422 1234 442; x_wconf 88' lang='lat' dir='ltr'>a</span> <span class='ocrx_word' id='word_1_316' title='bbox 1251 413 1338 443; x_wconf 82' lang='lat' dir='ltr'>111ari.</span> <span class='ocrx_word' id='word_1_317' title='bbox 1377 414 1484 444; x_wconf 66' lang='lat' dir='ltr'>(slarlc.</span> 
     </span>
    </p>

    <p class='ocr_par' dir='ltr' id='par_1_6' title="bbox 819 462 1532 1649">
     <span class='ocr_line' id='line_1_56' title="bbox 871 462 1532 502; baseline 0.005 -11"><span class='ocrx_word' id='word_1_318' title='bbox 871 465 907 492; x_wconf 84' lang='lat'>15</span> <span class='ocrx_word' id='word_1_319' title='bbox 935 462 1055 501; x_wconf 74' lang='lat' dir='ltr'>Magna</span> <span class='ocrx_word' id='word_1_320' title='bbox 1068 463 1323 502; x_wconf 70' lang='lat' dir='ltr'>cumprmlentia]</span> <span class='ocrx_word' id='word_1_321' title='bbox 1342 463 1458 494; x_wconf 84' lang='lat' dir='ltr'>Codex</span> <span class='ocrx_word' id='word_1_322' title='bbox 1478 464 1532 495; x_wconf 73' lang='lat' dir='ltr'>(Ji-</span> 
     </span>
     <span class='ocr_line' id='line_1_57' title="bbox 826 512 1530 552; baseline 0.004 -11"><span class='ocrx_word' id='word_1_323' title='bbox 826 521 942 542; x_wconf 78' lang='lat' dir='ltr'>aecon.</span> <span class='ocrx_word' id='word_1_324' title='bbox 962 518 1034 552; x_wconf 71' lang='lat' dir='ltr'>post</span> <span class='ocrx_word' id='word_1_325' title='bbox 1054 513 1111 542; x_wconf 73' lang='lat' dir='ltr'>has</span> <span class='ocrx_word' id='word_1_326' title='bbox 1143 523 1242 543; x_wconf 85' lang='lat' dir='ltr'>voces</span> <span class='ocrx_word' id='word_1_327' title='bbox 1269 512 1365 544; x_wconf 85' lang='lat' dir='ltr'>addit</span> <span class='ocrx_word' id='word_1_328' title='bbox 1389 518 1530 544; x_wconf 81' lang='lat' dir='ltr'>constan-</span> 
     </span>
     <span class='ocr_line' id='line_1_58' title="bbox 824 562 1527 601; baseline 0.004 -10"><span class='ocrx_word' id='word_1_329' title='bbox 824 562 927 601; x_wconf 78' lang='lat' dir='ltr'>tiaque</span> <span class='ocrx_word' id='word_1_330' title='bbox 957 563 1116 598; x_wconf 77' lang='lat' dir='ltr'>militum;</span> <span class='ocrx_word' id='word_1_331' title='bbox 1151 564 1214 593; x_wconf 62' lang='lat' dir='ltr'>Ma.</span> <span class='ocrx_word' id='word_1_332' title='bbox 1243 569 1355 594; x_wconf 74' lang='lat' dir='ltr'>auten}</span> <span class='ocrx_word' id='word_1_333' title='bbox 1386 563 1527 594; x_wconf 91' lang='lat' dir='ltr'>Norvic.</span> 
     </span>
     <span class='ocr_line' id='line_1_59' title="bbox 825 612 1528 653; baseline 0.004 -12"><span class='ocrx_word' id='word_1_334' title='bbox 825 622 900 641; x_wconf 85' lang='lat' dir='ltr'>cum</span> <span class='ocrx_word' id='word_1_335' title='bbox 918 612 990 642; x_wconf 75' lang='lat' dir='ltr'>aliis</span> <span class='ocrx_word' id='word_1_336' title='bbox 1008 613 1188 651; x_wconf 76' lang='lat' dir='ltr'>nonnullis,</span> <span class='ocrx_word' id='word_1_337' title='bbox 1215 614 1444 653; x_wconf 70' lang='lat' dir='ltr'>constantiaque</span> <span class='ocrx_word' id='word_1_338' title='bbox 1467 614 1528 644; x_wconf 78' lang='lat' dir='ltr'>rir-</span> 
     </span>
     <span class='ocr_line' id='line_1_60' title="bbox 823 663 1527 705; baseline 0.006 -14"><span class='ocrx_word' id='word_1_339' title='bbox 823 665 935 701; x_wconf 80' lang='lat' dir='ltr'>tutam,</span> <span class='ocrx_word' id='word_1_340' title='bbox 959 666 989 692; x_wconf 83' lang='lat' dir='ltr'>et</span> <span class='ocrx_word' id='word_1_341' title='bbox 1009 663 1292 694; x_wconf 66' lang='lat' dir='ltr'>Alexandrinmwn</span> <span class='ocrx_word' id='word_1_342' title='bbox 1309 665 1527 705; x_wconf 76' lang='lat' dir='ltr'>imprudentia.</span> 
     </span>
     <span class='ocr_line' id='line_1_61' title="bbox 825 712 1530 755; baseline 0.006 -13"><span class='ocrx_word' id='word_1_343' title='bbox 825 712 888 743; x_wconf 86' lang='lat' dir='ltr'>Illa</span> <span class='ocrx_word' id='word_1_344' title='bbox 904 713 1038 754; x_wconf 84' lang='lat' dir='ltr'>quidem</span> <span class='ocrx_word' id='word_1_345' title='bbox 1055 714 1168 753; x_wconf 74' lang='lat' dir='ltr'>verba,</span> <span class='ocrx_word' id='word_1_346' title='bbox 1192 720 1227 745; x_wconf 93' lang='lat' dir='ltr'>ut</span> <span class='ocrx_word' id='word_1_347' title='bbox 1247 717 1377 755; x_wconf 76' lang='lat' dir='ltr'>opinor,</span> <span class='ocrx_word' id='word_1_348' title='bbox 1401 726 1419 746; x_wconf 89' lang='lat' dir='ltr'>e</span> <span class='ocrx_word' id='word_1_349' title='bbox 1445 726 1530 746; x_wconf 85' lang='lat' dir='ltr'>mar-</span> 
     </span>
     <span class='ocr_line' id='line_1_62' title="bbox 825 763 1528 806; baseline 0.006 -14"><span class='ocrx_word' id='word_1_350' title='bbox 825 763 901 803; x_wconf 86' lang='lat' dir='ltr'>gine</span> <span class='ocrx_word' id='word_1_351' title='bbox 919 763 952 793; x_wconf 91' lang='lat' dir='ltr'>in</span> <span class='ocrx_word' id='word_1_352' title='bbox 970 768 1098 795; x_wconf 79' lang='lat' dir='ltr'>textum</span> <span class='ocrx_word' id='word_1_353' title='bbox 1115 770 1192 796; x_wconf 75' lang='lat' dir='ltr'>sunt</span> <span class='ocrx_word' id='word_1_354' title='bbox 1211 765 1355 805; x_wconf 76' lang='lat' dir='ltr'>adscita,</span> <span class='ocrx_word' id='word_1_355' title='bbox 1387 776 1528 806; x_wconf 88' lang='lat' dir='ltr'>quorum</span> 
     </span>
     <span class='ocr_line' id='line_1_63' title="bbox 824 814 1529 856; baseline 0.003 -12"><span class='ocrx_word' id='word_1_356' title='bbox 824 814 1073 845; x_wconf 82' lang='lat' dir='ltr'>Glossematum</span> <span class='ocrx_word' id='word_1_357' title='bbox 1089 816 1246 856; x_wconf 78' lang='lat' dir='ltr'>exempla</span> <span class='ocrx_word' id='word_1_358' title='bbox 1260 815 1529 856; x_wconf 84' lang='lat' dir='ltr'>suppeditabunt</span> 
     </span>
     <span class='ocr_line' id='line_1_64' title="bbox 823 864 1528 897; baseline 0.004 -4"><span class='ocrx_word' id='word_1_359' title='bbox 823 868 892 894; x_wconf 91' lang='lat' dir='ltr'>not.</span> <span class='ocrx_word' id='word_1_360' title='bbox 911 864 953 894; x_wconf 84' lang='lat' dir='ltr'>ad</span> <span class='ocrx_word' id='word_1_361' title='bbox 974 865 1012 895; x_wconf 90' lang='lat' dir='ltr'>B.</span> <span class='ocrx_word' id='word_1_362' title='bbox 1030 865 1072 896; x_wconf 91' lang='lat' dir='ltr'>G.</span> <span class='ocrx_word' id='word_1_363' title='bbox 1092 875 1129 896; x_wconf 88' lang='lat'>11.</span> <span class='ocrx_word' id='word_1_364' title='bbox 1145 868 1197 896; x_wconf 82' lang='lat'>33.</span> <span class='ocrx_word' id='word_1_365' title='bbox 1227 870 1261 897; x_wconf 90' lang='lat' dir='ltr'>et</span> <span class='ocrx_word' id='word_1_366' title='bbox 1286 867 1324 896; x_wconf 86' lang='lat' dir='ltr'>B.</span> <span class='ocrx_word' id='word_1_367' title='bbox 1351 866 1389 897; x_wconf 90' lang='lat' dir='ltr'>C.</span> <span class='ocrx_word' id='word_1_368' title='bbox 1417 875 1470 896; x_wconf 84' lang='lat'>111.</span> <span class='ocrx_word' id='word_1_369' title='bbox 1498 869 1528 896; x_wconf 91' lang='lat' dir='ltr'>l.</span> 
     </span>
     <span class='ocr_line' id='line_1_65' title="bbox 823 915 1527 956; baseline 0.001 -11"><span class='ocrx_word' id='word_1_370' title='bbox 823 915 934 945; x_wconf 83' lang='lat' dir='ltr'>Daris.</span> <span class='ocrx_word' id='word_1_371' title='bbox 972 917 1055 948; x_wconf 79' lang='lat' dir='ltr'>Mss.</span> <span class='ocrx_word' id='word_1_372' title='bbox 1087 917 1169 956; x_wconf 81' lang='lat' dir='ltr'>Reg.</span> <span class='ocrx_word' id='word_1_373' title='bbox 1200 916 1326 947; x_wconf 83' lang='lat' dir='ltr'>Eliens.</span> <span class='ocrx_word' id='word_1_374' title='bbox 1354 919 1389 946; x_wconf 90' lang='lat' dir='ltr'>et</span> <span class='ocrx_word' id='word_1_375' title='bbox 1416 916 1527 946; x_wconf 76' lang='lat' dir='ltr'>Vossii</span> 
     </span>
     <span class='ocr_line' id='line_1_66' title="bbox 823 965 1527 1006; baseline 0.003 -12"><span class='ocrx_word' id='word_1_376' title='bbox 823 965 953 997; x_wconf 85' lang='lat' dir='ltr'>addunt</span> <span class='ocrx_word' id='word_1_377' title='bbox 984 977 1023 996; x_wconf 87' lang='lat' dir='ltr'>m.</span> <span class='ocrx_word' id='word_1_378' title='bbox 1046 977 1072 997; x_wconf 85' lang='lat' dir='ltr'>c.</span> <span class='ocrx_word' id='word_1_379' title='bbox 1099 977 1148 1006; x_wconf 86' lang='lat' dir='ltr'>pr.</span> <span class='ocrx_word' id='word_1_380' title='bbox 1175 967 1408 1006; x_wconf 75' lang='lat' dir='ltr'>constantiaque</span> <span class='ocrx_word' id='word_1_381' title='bbox 1428 967 1527 997; x_wconf 74' lang='lat' dir='ltr'>virta-</span> 
     </span>
     <span class='ocr_line' id='line_1_67' title="bbox 824 1016 1528 1058; baseline 0.003 -12"><span class='ocrx_word' id='word_1_382' title='bbox 824 1020 898 1047; x_wconf 84' lang='lat' dir='ltr'>tum.</span> <span class='ocrx_word' id='word_1_383' title='bbox 963 1018 1009 1048; x_wconf 88' lang='lat' dir='ltr'>Ut</span> <span class='ocrx_word' id='word_1_384' title='bbox 1041 1016 1130 1048; x_wconf 87' lang='lat' dir='ltr'>forte</span> <span class='ocrx_word' id='word_1_385' title='bbox 1162 1018 1227 1058; x_wconf 84' lang='lat' dir='ltr'>legi</span> <span class='ocrx_word' id='word_1_386' title='bbox 1257 1017 1376 1058; x_wconf 69' lang='lat' dir='ltr'>possit,</span> <span class='ocrx_word' id='word_1_387' title='bbox 1414 1028 1528 1057; x_wconf 81' lang='lat' dir='ltr'>magna</span> 
     </span>
     <span class='ocr_line' id='line_1_68' title="bbox 823 1068 1525 1108; baseline 0.006 -12"><span class='ocrx_word' id='word_1_388' title='bbox 823 1076 889 1096; x_wconf 80' lang='lat' dir='ltr'>cum</span> <span class='ocrx_word' id='word_1_389' title='bbox 904 1068 1069 1106; x_wconf 71' lang='lat' dir='ltr'>prudentia</span> <span class='ocrx_word' id='word_1_390' title='bbox 1095 1068 1326 1108; x_wconf 73' lang='lat' dir='ltr'>constantiaque</span> <span class='ocrx_word' id='word_1_391' title='bbox 1352 1077 1525 1100; x_wconf 71' lang='lat' dir='ltr'>MlLlTUM.</span> 
     </span>
     <span class='ocr_line' id='line_1_69' title="bbox 825 1116 1527 1159; baseline 0.006 -14"><span class='ocrx_word' id='word_1_392' title='bbox 825 1116 933 1148; x_wconf 76' lang='lat' dir='ltr'>Clark.</span> <span class='ocrx_word' id='word_1_393' title='bbox 982 1117 1059 1148; x_wconf 73' lang='lat' dir='ltr'>Non</span> <span class='ocrx_word' id='word_1_394' title='bbox 1085 1118 1192 1148; x_wconf 88' lang='lat' dir='ltr'>solum</span> <span class='ocrx_word' id='word_1_395' title='bbox 1217 1119 1447 1159; x_wconf 78' lang='lat' dir='ltr'>constantiaque</span> <span class='ocrx_word' id='word_1_396' title='bbox 1465 1119 1527 1149; x_wconf 75' lang='lat' dir='ltr'>rir-</span> 
     </span>
     <span class='ocr_line' id='line_1_70' title="bbox 822 1167 1528 1204; baseline 0.007 -10"><span class='ocrx_word' id='word_1_397' title='bbox 822 1167 936 1204; x_wconf 80' lang='lat' dir='ltr'>tutam,</span> <span class='ocrx_word' id='word_1_398' title='bbox 971 1167 1029 1196; x_wconf 81' lang='lat' dir='ltr'>sed</span> <span class='ocrx_word' id='word_1_399' title='bbox 1053 1167 1157 1197; x_wconf 88' lang='lat' dir='ltr'>etiam</span> <span class='ocrx_word' id='word_1_400' title='bbox 1186 1170 1215 1197; x_wconf 81' lang='lat' dir='ltr'>et</span> <span class='ocrx_word' id='word_1_401' title='bbox 1242 1167 1528 1199; x_wconf 75' lang='lat' dir='ltr'>Alexandrinorum</span> 
     </span>
     <span class='ocr_line' id='line_1_71' title="bbox 822 1214 1527 1258; baseline 0.006 -14"><span class='ocrx_word' id='word_1_402' title='bbox 822 1214 1035 1254; x_wconf 79' lang='lat' dir='ltr'>imprudentia</span> <span class='ocrx_word' id='word_1_403' title='bbox 1064 1215 1195 1247; x_wconf 77' lang='lat' dir='ltr'>addunt</span> <span class='ocrx_word' id='word_1_404' title='bbox 1221 1217 1303 1247; x_wconf 83' lang='lat' dir='ltr'>Mss.</span> <span class='ocrx_word' id='word_1_405' title='bbox 1329 1217 1444 1258; x_wconf 88' lang='lat' dir='ltr'>Cujae.</span> <span class='ocrx_word' id='word_1_406' title='bbox 1463 1218 1527 1248; x_wconf 90' lang='lat' dir='ltr'>Pe-</span> 
     </span>
     <span class='ocr_line' id='line_1_72' title="bbox 823 1265 1527 1309; baseline 0.006 -14"><span class='ocrx_word' id='word_1_407' title='bbox 823 1269 890 1296; x_wconf 84' lang='lat' dir='ltr'>tav.</span> <span class='ocrx_word' id='word_1_408' title='bbox 908 1265 1028 1297; x_wconf 88' lang='lat' dir='ltr'>Leidd.</span> <span class='ocrx_word' id='word_1_409' title='bbox 1046 1266 1170 1306; x_wconf 85' lang='lat' dir='ltr'>Scalig.</span> <span class='ocrx_word' id='word_1_410' title='bbox 1197 1271 1232 1298; x_wconf 90' lang='lat' dir='ltr'>et</span> <span class='ocrx_word' id='word_1_411' title='bbox 1249 1277 1377 1308; x_wconf 81' lang='lat' dir='ltr'>omneS,</span> <span class='ocrx_word' id='word_1_412' title='bbox 1400 1272 1527 1309; x_wconf 85' lang='lat' dir='ltr'>praeter</span> 
     </span>
     <span class='ocr_line' id='line_1_73' title="bbox 823 1315 1526 1357; baseline 0.009 -12"><span class='ocrx_word' id='word_1_413' title='bbox 823 1315 904 1346; x_wconf 91' lang='lat' dir='ltr'>Lov.</span> <span class='ocrx_word' id='word_1_414' title='bbox 922 1315 949 1346; x_wconf 92' lang='lat' dir='ltr'>si</span> <span class='ocrx_word' id='word_1_415' title='bbox 973 1316 1147 1357; x_wconf 89' lang='lat' dir='ltr'>excerptis</span> <span class='ocrx_word' id='word_1_416' title='bbox 1164 1317 1370 1349; x_wconf 82' lang='lat' dir='ltr'>credendum</span> <span class='ocrx_word' id='word_1_417' title='bbox 1386 1330 1393 1349; x_wconf 96' lang='lat'><strong>:</strong></span> <span class='ocrx_word' id='word_1_418' title='bbox 1425 1320 1474 1350; x_wconf 89' lang='lat' dir='ltr'>uti</span> <span class='ocrx_word' id='word_1_419' title='bbox 1491 1324 1526 1351; x_wconf 88' lang='lat' dir='ltr'>et</span> 
     </span>
     <span class='ocr_line' id='line_1_74' title="bbox 822 1366 1525 1410; baseline 0.007 -14"><span class='ocrx_word' id='word_1_420' title='bbox 822 1366 968 1398; x_wconf 77' lang='lat' dir='ltr'>Codices</span> <span class='ocrx_word' id='word_1_421' title='bbox 991 1377 1010 1397; x_wconf 88' lang='lat' dir='ltr'>a</span> <span class='ocrx_word' id='word_1_422' title='bbox 1032 1368 1229 1399; x_wconf 84' lang='lat' dir='ltr'>Vascosano</span> <span class='ocrx_word' id='word_1_423' title='bbox 1246 1369 1404 1410; x_wconf 84' lang='lat' dir='ltr'>inspecti.</span> <span class='ocrx_word' id='word_1_424' title='bbox 1451 1370 1525 1401; x_wconf 74' lang='lat' dir='ltr'>Nisi</span> 
     </span>
     <span class='ocr_line' id='line_1_75' title="bbox 821 1416 1525 1461; baseline 0.006 -14"><span class='ocrx_word' id='word_1_425' title='bbox 821 1416 977 1448; x_wconf 90' lang='lat' dir='ltr'>Glossam</span> <span class='ocrx_word' id='word_1_426' title='bbox 989 1417 1121 1457; x_wconf 83' lang='lat' dir='ltr'>credas,</span> <span class='ocrx_word' id='word_1_427' title='bbox 1135 1418 1225 1458; x_wconf 89' lang='lat' dir='ltr'>quod</span> <span class='ocrx_word' id='word_1_428' title='bbox 1237 1428 1299 1459; x_wconf 79' lang='lat' dir='ltr'>ego</span> <span class='ocrx_word' id='word_1_429' title='bbox 1312 1429 1525 1461; x_wconf 88' lang='lat' dir='ltr'>nequaquam</span> 
     </span>
     <span class='ocr_line' id='line_1_76' title="bbox 819 1467 1526 1510; baseline 0.004 -12"><span class='ocrx_word' id='word_1_430' title='bbox 819 1467 923 1498; x_wconf 85' lang='lat' dir='ltr'>ausim</span> <span class='ocrx_word' id='word_1_431' title='bbox 941 1478 1003 1508; x_wconf 85' lang='lat' dir='ltr'>pro</span> <span class='ocrx_word' id='word_1_432' title='bbox 1027 1473 1122 1499; x_wconf 85' lang='lat' dir='ltr'>certo</span> <span class='ocrx_word' id='word_1_433' title='bbox 1139 1473 1304 1508; x_wconf 86' lang='lat' dir='ltr'>statuere,</span> <span class='ocrx_word' id='word_1_434' title='bbox 1330 1469 1443 1500; x_wconf 82' lang='lat' dir='ltr'>malim</span> <span class='ocrx_word' id='word_1_435' title='bbox 1468 1480 1526 1510; x_wconf 90' lang='lat' dir='ltr'>po-</span> 
     </span>
     <span class='ocr_line' id='line_1_77' title="bbox 820 1517 1525 1560; baseline 0.006 -13"><span class='ocrx_word' id='word_1_436' title='bbox 820 1517 886 1548; x_wconf 89' lang='lat' dir='ltr'>tius</span> <span class='ocrx_word' id='word_1_437' title='bbox 919 1518 1101 1550; x_wconf 86' lang='lat' dir='ltr'>emendare</span> <span class='ocrx_word' id='word_1_438' title='bbox 1131 1520 1362 1560; x_wconf 78' lang='lat' dir='ltr'>constantiaque</span> <span class='ocrx_word' id='word_1_439' title='bbox 1398 1520 1525 1560; x_wconf 83' lang='lat' dir='ltr'>virium,</span> 
     </span>
     <span class='ocr_line' id='line_1_78' title="bbox 819 1569 1526 1609; baseline 0.006 -11"><span class='ocrx_word' id='word_1_440' title='bbox 819 1578 1019 1609; x_wconf 83' lang='lat' dir='ltr'>quamquam</span> <span class='ocrx_word' id='word_1_441' title='bbox 1050 1569 1183 1600; x_wconf 78' lang='lat' dir='ltr'>militum</span> <span class='ocrx_word' id='word_1_442' title='bbox 1215 1570 1259 1601; x_wconf 89' lang='lat' dir='ltr'>sit</span> <span class='ocrx_word' id='word_1_443' title='bbox 1295 1571 1328 1601; x_wconf 89' lang='lat' dir='ltr'>iu</span> <span class='ocrx_word' id='word_1_444' title='bbox 1350 1571 1526 1602; x_wconf 88' lang='lat' dir='ltr'>Ciacconii</span> 
     </span>
     <span class='ocr_line' id='line_1_79' title="bbox 819 1619 886 1649; baseline 0 0"><span class='ocrx_word' id='word_1_445' title='bbox 819 1619 886 1649; x_wconf 89' lang='lat' dir='ltr'>Ms.</span> 
     </span>
    </p>

    <p class='ocr_par' dir='ltr' id='par_1_7' title="bbox 816 1669 1525 2368">
     <span class='ocr_line' id='line_1_80' title="bbox 862 1669 1525 1713; baseline 0.008 -14"><span class='ocrx_word' id='word_1_446' title='bbox 862 1671 902 1699; x_wconf 88' lang='grc'>18</span> <span class='ocrx_word' id='word_1_447' title='bbox 926 1669 1105 1709; x_wconf 75' lang='lat' dir='ltr'>Interfecit]</span> <span class='ocrx_word' id='word_1_448' title='bbox 1133 1670 1190 1701; x_wconf 85' lang='lat' dir='ltr'>Ita</span> <span class='ocrx_word' id='word_1_449' title='bbox 1214 1681 1257 1702; x_wconf 85' lang='lat' dir='ltr'>ex</span> <span class='ocrx_word' id='word_1_450' title='bbox 1280 1672 1365 1702; x_wconf 85' lang='lat' dir='ltr'>Mss.</span> <span class='ocrx_word' id='word_1_451' title='bbox 1385 1673 1470 1713; x_wconf 86' lang='lat' dir='ltr'>Reg.</span> <span class='ocrx_word' id='word_1_452' title='bbox 1488 1676 1525 1704; x_wconf 88' lang='lat' dir='ltr'>et</span> 
     </span>
     <span class='ocr_line' id='line_1_81' title="bbox 822 1719 1525 1763; baseline 0.006 -14"><span class='ocrx_word' id='word_1_453' title='bbox 822 1719 948 1750; x_wconf 89' lang='lat' dir='ltr'>Eliens.</span> <span class='ocrx_word' id='word_1_454' title='bbox 968 1724 1003 1750; x_wconf 88' lang='lat' dir='ltr'>et</span> <span class='ocrx_word' id='word_1_455' title='bbox 1030 1719 1122 1752; x_wconf 90' lang='lat' dir='ltr'>Edit.</span> <span class='ocrx_word' id='word_1_456' title='bbox 1145 1721 1244 1751; x_wconf 90' lang='lat' dir='ltr'>Rom.</span> <span class='ocrx_word' id='word_1_457' title='bbox 1278 1722 1426 1761; x_wconf 87' lang='lat' dir='ltr'>restitui,</span> <span class='ocrx_word' id='word_1_458' title='bbox 1450 1732 1525 1763; x_wconf 83' lang='lat' dir='ltr'>pos-</span> 
     </span>
     <span class='ocr_line' id='line_1_82' title="bbox 820 1771 1524 1810; baseline 0.004 -10"><span class='ocrx_word' id='word_1_459' title='bbox 820 1771 951 1801; x_wconf 86' lang='lat' dir='ltr'>tulante</span> <span class='ocrx_word' id='word_1_460' title='bbox 981 1771 1190 1810; x_wconf 87' lang='lat' dir='ltr'>Temporum</span> <span class='ocrx_word' id='word_1_461' title='bbox 1218 1772 1362 1803; x_wconf 85' lang='lat' dir='ltr'>ratione.</span> <span class='ocrx_word' id='word_1_462' title='bbox 1394 1772 1448 1804; x_wconf 88' lang='lat' dir='ltr'>Al.</span> <span class='ocrx_word' id='word_1_463' title='bbox 1465 1773 1524 1803; x_wconf 90' lang='lat' dir='ltr'>mi-</span> 
     </span>
     <span class='ocr_line' id='line_1_83' title="bbox 819 1822 1524 1863; baseline 0.006 -12"><span class='ocrx_word' id='word_1_464' title='bbox 819 1830 882 1852; x_wconf 90' lang='lat' dir='ltr'>nus</span> <span class='ocrx_word' id='word_1_465' title='bbox 924 1826 1019 1852; x_wconf 85' lang='lat' dir='ltr'>recte</span> <span class='ocrx_word' id='word_1_466' title='bbox 1049 1822 1212 1863; x_wconf 74' lang='lat' dir='ltr'>interficit.</span> <span class='ocrx_word' id='word_1_467' title='bbox 1275 1824 1380 1854; x_wconf 81' lang='lat' dir='ltr'>Clark.</span> <span class='ocrx_word' id='word_1_468' title='bbox 1460 1824 1524 1855; x_wconf 90' lang='lat' dir='ltr'>Le-</span> 
     </span>
     <span class='ocr_line' id='line_1_84' title="bbox 818 1871 1525 1911; baseline 0.006 -10"><span class='ocrx_word' id='word_1_469' title='bbox 818 1871 964 1910; x_wconf 75' lang='lat' dir='ltr'>gendum</span> <span class='ocrx_word' id='word_1_470' title='bbox 980 1872 1152 1911; x_wconf 83' lang='lat' dir='ltr'>interfecit,</span> <span class='ocrx_word' id='word_1_471' title='bbox 1175 1877 1212 1904; x_wconf 89' lang='lat' dir='ltr'>ut</span> <span class='ocrx_word' id='word_1_472' title='bbox 1236 1883 1279 1904; x_wconf 86' lang='lat' dir='ltr'>ex</span> <span class='ocrx_word' id='word_1_473' title='bbox 1305 1875 1373 1905; x_wconf 90' lang='lat' dir='ltr'>suis</span> <span class='ocrx_word' id='word_1_474' title='bbox 1390 1874 1525 1905; x_wconf 91' lang='lat' dir='ltr'>Codici-</span> 
     </span>
     <span class='ocr_line' id='line_1_85' title="bbox 820 1922 1522 1963; baseline 0.003 -11"><span class='ocrx_word' id='word_1_475' title='bbox 820 1922 880 1953; x_wconf 91' lang='lat' dir='ltr'>bus</span> <span class='ocrx_word' id='word_1_476' title='bbox 897 1923 1027 1953; x_wconf 87' lang='lat' dir='ltr'>monuit</span> <span class='ocrx_word' id='word_1_477' title='bbox 1044 1922 1215 1963; x_wconf 86' lang='lat' dir='ltr'>Clarkius,</span> <span class='ocrx_word' id='word_1_478' title='bbox 1238 1933 1303 1955; x_wconf 83' lang='lat' dir='ltr'>nec</span> <span class='ocrx_word' id='word_1_479' title='bbox 1328 1925 1427 1956; x_wconf 84' lang='lat' dir='ltr'>aliter</span> <span class='ocrx_word' id='word_1_480' title='bbox 1443 1925 1522 1956; x_wconf 85' lang='lat' dir='ltr'>olim</span> 
     </span>
     <span class='ocr_line' id='line_1_86' title="bbox 819 1972 1523 2013; baseline 0.007 -11"><span class='ocrx_word' id='word_1_481' title='bbox 819 1972 995 2013; x_wconf 77' lang='lat' dir='ltr'>Gryphius</span> <span class='ocrx_word' id='word_1_482' title='bbox 1026 1973 1194 2004; x_wconf 84' lang='lat' dir='ltr'>ediderat.</span> <span class='ocrx_word' id='word_1_483' title='bbox 1256 1974 1347 2006; x_wconf 84' lang='lat' dir='ltr'>Quin</span> <span class='ocrx_word' id='word_1_484' title='bbox 1375 1979 1411 2005; x_wconf 85' lang='lat' dir='ltr'>et</span> <span class='ocrx_word' id='word_1_485' title='bbox 1442 1975 1523 2007; x_wconf 86' lang='lat' dir='ltr'>Pet.</span> 
     </span>
     <span class='ocr_line' id='line_1_87' title="bbox 818 2023 1522 2064; baseline 0.004 -12"><span class='ocrx_word' id='word_1_486' title='bbox 818 2032 857 2054; x_wconf 86' lang='lat' dir='ltr'>ac</span> <span class='ocrx_word' id='word_1_487' title='bbox 885 2023 1050 2063; x_wconf 86' lang='lat' dir='ltr'>Bongars.</span> <span class='ocrx_word' id='word_1_488' title='bbox 1076 2027 1156 2054; x_wconf 87' lang='lat' dir='ltr'>tert.</span> <span class='ocrx_word' id='word_1_489' title='bbox 1187 2024 1236 2054; x_wconf 74' lang='lat' dir='ltr'>ita</span> <span class='ocrx_word' id='word_1_490' title='bbox 1263 2029 1522 2064; x_wconf 80' lang='lat' dir='ltr'>repraesentant.</span> 
     </span>
     <span class='ocr_line' id='line_1_88' title="bbox 817 2074 1523 2106; baseline 0.003 -2"><span class='ocrx_word' id='word_1_491' title='bbox 817 2074 927 2105; x_wconf 84' lang='lat' dir='ltr'>Davis.</span> <span class='ocrx_word' id='word_1_492' title='bbox 953 2084 1023 2105; x_wconf 88' lang='lat' dir='ltr'>cur.</span> <span class='ocrx_word' id='word_1_493' title='bbox 1040 2084 1108 2105; x_wconf 86' lang='lat' dir='ltr'>sec.</span> <span class='ocrx_word' id='word_1_494' title='bbox 1147 2075 1317 2106; x_wconf 87' lang='lat' dir='ltr'>Mstorum</span> <span class='ocrx_word' id='word_1_495' title='bbox 1334 2075 1523 2106; x_wconf 84' lang='lat' dir='ltr'>auctoritas</span> 
     </span>
     <span class='ocr_line' id='line_1_89' title="bbox 817 2125 1523 2166; baseline 0.001 -11"><span class='ocrx_word' id='word_1_496' title='bbox 817 2125 924 2166; x_wconf 72' lang='lat' dir='ltr'>inagis</span> <span class='ocrx_word' id='word_1_497' title='bbox 942 2135 995 2156; x_wconf 87' lang='lat' dir='ltr'>me</span> <span class='ocrx_word' id='word_1_498' title='bbox 1013 2125 1131 2164; x_wconf 85' lang='lat' dir='ltr'>movit,</span> <span class='ocrx_word' id='word_1_499' title='bbox 1151 2130 1188 2156; x_wconf 81' lang='lat' dir='ltr'>ut</span> <span class='ocrx_word' id='word_1_500' title='bbox 1204 2125 1361 2163; x_wconf 61' lang='lat' dir='ltr'>inteyfecz&#39;t</span> <span class='ocrx_word' id='word_1_501' title='bbox 1378 2126 1523 2166; x_wconf 87' lang='lat' dir='ltr'>rescrip-</span> 
     </span>
     <span class='ocr_line' id='line_1_90' title="bbox 816 2175 1521 2217; baseline 0.001 -11"><span class='ocrx_word' id='word_1_502' title='bbox 816 2175 930 2214; x_wconf 87' lang='lat' dir='ltr'>serim,</span> <span class='ocrx_word' id='word_1_503' title='bbox 963 2186 1063 2217; x_wconf 86' lang='lat' dir='ltr'>quam</span> <span class='ocrx_word' id='word_1_504' title='bbox 1101 2181 1293 2216; x_wconf 85' lang='lat' dir='ltr'>temporum</span> <span class='ocrx_word' id='word_1_505' title='bbox 1325 2177 1439 2214; x_wconf 85' lang='lat' dir='ltr'>ratio;</span> <span class='ocrx_word' id='word_1_506' title='bbox 1478 2177 1521 2207; x_wconf 92' lang='lat' dir='ltr'>de</span> 
     </span>
     <span class='ocr_line' id='line_1_91' title="bbox 818 2227 1521 2267; baseline 0.003 -10"><span class='ocrx_word' id='word_1_507' title='bbox 818 2237 884 2267; x_wconf 85' lang='lat' dir='ltr'>qua</span> <span class='ocrx_word' id='word_1_508' title='bbox 910 2237 1012 2267; x_wconf 90' lang='lat' dir='ltr'>supra</span> <span class='ocrx_word' id='word_1_509' title='bbox 1040 2227 1162 2267; x_wconf 75' lang='lat' dir='ltr'>saepius</span> <span class='ocrx_word' id='word_1_510' title='bbox 1186 2229 1309 2259; x_wconf 88' lang='lat' dir='ltr'>monui.</span> <span class='ocrx_word' id='word_1_511' title='bbox 1355 2228 1521 2266; x_wconf 68' lang='lat' dir='ltr'>Interfecit</span> 
     </span>
     <span class='ocr_line' id='line_1_92' title="bbox 816 2277 1521 2318; baseline 0.003 -10"><span class='ocrx_word' id='word_1_512' title='bbox 816 2278 919 2308; x_wconf 86' lang='lat' dir='ltr'>etiam</span> <span class='ocrx_word' id='word_1_513' title='bbox 947 2277 1031 2308; x_wconf 83' lang='lat' dir='ltr'>dant</span> <span class='ocrx_word' id='word_1_514' title='bbox 1070 2278 1159 2308; x_wconf 89' lang='lat' dir='ltr'>Scal.</span> <span class='ocrx_word' id='word_1_515' title='bbox 1200 2279 1398 2318; x_wconf 87' lang='lat' dir='ltr'>Leidenses,</span> <span class='ocrx_word' id='word_1_516' title='bbox 1434 2278 1521 2311; x_wconf 86' lang='lat' dir='ltr'>Edd.</span> 
     </span>
     <span class='ocr_line' id='line_1_93' title="bbox 817 2327 1338 2368; baseline 0.002 -10"><span class='ocrx_word' id='word_1_517' title='bbox 817 2327 934 2367; x_wconf 88' lang='lat' dir='ltr'>primae</span> <span class='ocrx_word' id='word_1_518' title='bbox 948 2328 1051 2358; x_wconf 77' lang='lat' dir='ltr'>Vasc.</span> <span class='ocrx_word' id='word_1_519' title='bbox 1067 2328 1185 2368; x_wconf 82' lang='lat' dir='ltr'>Steph.</span> <span class='ocrx_word' id='word_1_520' title='bbox 1201 2334 1235 2358; x_wconf 73' lang='lat' dir='ltr'>et</span> <span class='ocrx_word' id='word_1_521' title='bbox 1252 2328 1338 2360; x_wconf 85' lang='lat' dir='ltr'>aliae.</span> 
     </span>
    </p>

    <p class='ocr_par' dir='ltr' id='par_1_8' title="bbox 814 2378 1521 2819">
     <span class='ocr_line' id='line_1_94' title="bbox 860 2378 1518 2418; baseline 0.002 -10"><span class='ocrx_word' id='word_1_522' title='bbox 860 2386 994 2408; x_wconf 78' lang='lat' dir='ltr'>xxvnl.</span> <span class='ocrx_word' id='word_1_523' title='bbox 1020 2382 1037 2408; x_wconf 85' lang='lat'>5</span> <span class='ocrx_word' id='word_1_524' title='bbox 1064 2378 1103 2408; x_wconf 86' lang='lat' dir='ltr'>In</span> <span class='ocrx_word' id='word_1_525' title='bbox 1127 2388 1185 2418; x_wconf 83' lang='lat' dir='ltr'>qua</span> <span class='ocrx_word' id='word_1_526' title='bbox 1204 2388 1348 2417; x_wconf 82' lang='lat' dir='ltr'>magnam</span> <span class='ocrx_word' id='word_1_527' title='bbox 1375 2381 1406 2408; x_wconf 87' lang='lat' dir='ltr'>et</span> <span class='ocrx_word' id='word_1_528' title='bbox 1426 2388 1518 2418; x_wconf 82' lang='lat' dir='ltr'>para-</span> 
     </span>
     <span class='ocr_line' id='line_1_95' title="bbox 818 2427 1521 2470; baseline 0.001 -12"><span class='ocrx_word' id='word_1_529' title='bbox 818 2428 897 2467; x_wconf 88' lang='lat' dir='ltr'>tam]</span> <span class='ocrx_word' id='word_1_530' title='bbox 921 2428 977 2458; x_wconf 63' lang='lat' dir='ltr'>bic</span> <span class='ocrx_word' id='word_1_531' title='bbox 1003 2427 1112 2458; x_wconf 85' lang='lat' dir='ltr'>edidit</span> <span class='ocrx_word' id='word_1_532' title='bbox 1139 2428 1210 2459; x_wconf 85' lang='lat' dir='ltr'>Jos.</span> <span class='ocrx_word' id='word_1_533' title='bbox 1234 2428 1398 2469; x_wconf 82' lang='lat' dir='ltr'>Scaliger,</span> <span class='ocrx_word' id='word_1_534' title='bbox 1421 2438 1521 2470; x_wconf 85' lang='lat' dir='ltr'>quem</span> 
     </span>
     <span class='ocr_line' id='line_1_96' title="bbox 816 2478 1520 2517; baseline 0.006 -10"><span class='ocrx_word' id='word_1_535' title='bbox 816 2478 925 2509; x_wconf 87' lang='lat' dir='ltr'>secuti</span> <span class='ocrx_word' id='word_1_536' title='bbox 954 2483 1033 2509; x_wconf 89' lang='lat' dir='ltr'>sunt</span> <span class='ocrx_word' id='word_1_537' title='bbox 1060 2479 1283 2517; x_wconf 82' lang='lat' dir='ltr'>recentiores,</span> <span class='ocrx_word' id='word_1_538' title='bbox 1305 2489 1344 2510; x_wconf 87' lang='lat' dir='ltr'>ac</span> <span class='ocrx_word' id='word_1_539' title='bbox 1370 2480 1418 2511; x_wconf 88' lang='lat' dir='ltr'>ita</span> <span class='ocrx_word' id='word_1_540' title='bbox 1441 2490 1520 2512; x_wconf 88' lang='lat' dir='ltr'>saue</span> 
     </span>
     <span class='ocr_line' id='line_1_97' title="bbox 816 2528 1520 2562; baseline 0.003 -3"><span class='ocrx_word' id='word_1_541' title='bbox 816 2528 980 2559; x_wconf 83' lang='lat' dir='ltr'>exhibent</span> <span class='ocrx_word' id='word_1_542' title='bbox 998 2528 1096 2560; x_wconf 85' lang='lat' dir='ltr'>editt.</span> <span class='ocrx_word' id='word_1_543' title='bbox 1117 2530 1215 2560; x_wconf 84' lang='lat' dir='ltr'>Rom.</span> <span class='ocrx_word' id='word_1_544' title='bbox 1226 2531 1349 2561; x_wconf 85' lang='lat' dir='ltr'>Venet.</span> <span class='ocrx_word' id='word_1_545' title='bbox 1360 2531 1520 2562; x_wconf 88' lang='lat' dir='ltr'>Beroald.</span> 
     </span>
     <span class='ocr_line' id='line_1_98' title="bbox 814 2578 1517 2621; baseline 0.003 -13"><span class='ocrx_word' id='word_1_546' title='bbox 814 2578 863 2609; x_wconf 83' lang='lat' dir='ltr'>At</span> <span class='ocrx_word' id='word_1_547' title='bbox 884 2579 950 2609; x_wconf 91' lang='lat' dir='ltr'>Ms.</span> <span class='ocrx_word' id='word_1_548' title='bbox 982 2579 1120 2610; x_wconf 77' lang='lat' dir='ltr'>Norvic.</span> <span class='ocrx_word' id='word_1_549' title='bbox 1151 2584 1185 2610; x_wconf 87' lang='lat' dir='ltr'>et</span> <span class='ocrx_word' id='word_1_550' title='bbox 1210 2580 1311 2611; x_wconf 87' lang='lat' dir='ltr'>editt.</span> <span class='ocrx_word' id='word_1_551' title='bbox 1342 2581 1459 2621; x_wconf 89' lang='lat' dir='ltr'>Steph.</span> <span class='ocrx_word' id='word_1_552' title='bbox 1483 2581 1517 2610; x_wconf 84' lang='lat' dir='ltr'>in</span> 
     </span>
     <span class='ocr_line' id='line_1_99' title="bbox 816 2631 1519 2672; baseline 0.001 -12"><span class='ocrx_word' id='word_1_553' title='bbox 816 2639 880 2671; x_wconf 82' lang='lat' dir='ltr'>quo</span> <span class='ocrx_word' id='word_1_554' title='bbox 904 2641 1048 2669; x_wconf 79' lang='lat' dir='ltr'>magnam</span> <span class='ocrx_word' id='word_1_555' title='bbox 1074 2635 1105 2661; x_wconf 80' lang='lat' dir='ltr'>et</span> <span class='ocrx_word' id='word_1_556' title='bbox 1127 2634 1284 2671; x_wconf 85' lang='lat' dir='ltr'>paratam.</span> <span class='ocrx_word' id='word_1_557' title='bbox 1328 2631 1445 2672; x_wconf 86' lang='lat' dir='ltr'>Atque</span> <span class='ocrx_word' id='word_1_558' title='bbox 1470 2631 1519 2662; x_wconf 90' lang='lat' dir='ltr'>ita</span> 
     </span>
     <span class='ocr_line' id='line_1_100' title="bbox 816 2680 1516 2721; baseline 0 -11"><span class='ocrx_word' id='word_1_559' title='bbox 816 2680 887 2711; x_wconf 86' lang='lat' dir='ltr'>sine</span> <span class='ocrx_word' id='word_1_560' title='bbox 898 2680 1000 2711; x_wconf 85' lang='lat' dir='ltr'>dubio</span> <span class='ocrx_word' id='word_1_561' title='bbox 1010 2681 1189 2721; x_wconf 77' lang='lat' dir='ltr'>legendum</span> <span class='ocrx_word' id='word_1_562' title='bbox 1205 2693 1211 2711; x_wconf 75' lang='grc' dir='ltr'><strong><em>ε</em></strong></span> <span class='ocrx_word' id='word_1_563' title='bbox 1230 2690 1413 2720; x_wconf 88' lang='lat' dir='ltr'>pronomen</span> <span class='ocrx_word' id='word_1_564' title='bbox 1427 2681 1516 2710; x_wconf 87' lang='lat' dir='ltr'>enim</span> 
     </span>
     <span class='ocr_line' id='line_1_101' title="bbox 815 2728 1517 2770; baseline 0.001 -10"><span class='ocrx_word' id='word_1_565' title='bbox 815 2730 857 2760; x_wconf 89' lang='lat' dir='ltr'>ad</span> <span class='ocrx_word' id='word_1_566' title='bbox 872 2730 1122 2770; x_wconf 82' lang='lat' dir='ltr'>vocesflumz&#39;nis</span> <span class='ocrx_word' id='word_1_567' title='bbox 1136 2730 1205 2761; x_wconf 79' lang='lat' dir='ltr'>Nili</span> <span class='ocrx_word' id='word_1_568' title='bbox 1217 2735 1270 2760; x_wconf 89' lang='lat' dir='ltr'>est</span> <span class='ocrx_word' id='word_1_569' title='bbox 1286 2728 1517 2761; x_wconf 89' lang='lat' dir='ltr'>referendum.</span> 
     </span>
     <span class='ocr_line' id='line_1_102' title="bbox 816 2779 1516 2819; baseline 0.003 -10"><span class='ocrx_word' id='word_1_570' title='bbox 816 2780 926 2811; x_wconf 78' lang='lat' dir='ltr'>Daris.</span> <span class='ocrx_word' id='word_1_571' title='bbox 952 2781 992 2810; x_wconf 84' lang='lat' dir='ltr'>In</span> <span class='ocrx_word' id='word_1_572' title='bbox 1015 2790 1084 2819; x_wconf 81' lang='lat' dir='ltr'>qao.</span> <span class='ocrx_word' id='word_1_573' title='bbox 1117 2780 1172 2811; x_wconf 90' lang='lat' dir='ltr'>Sic</span> <span class='ocrx_word' id='word_1_574' title='bbox 1199 2779 1445 2811; x_wconf 87' lang='lat' dir='ltr'>restituendum</span> <span class='ocrx_word' id='word_1_575' title='bbox 1469 2780 1516 2811; x_wconf 80' lang='lat' dir='ltr'>vi·</span> 
     </span>
    </p>
   </div>
  </div>
 </body>
</html>
