1850 3109
485 203 590 232 CAr.
623 191 692 231 17.
727 200 822 229 ΜΒ.
858 200 920 229 DE
955 199 1110 228 Βειιο
1144 201 1294 229 ΑιΕΧ.

143 299 220 330 alibi
234 310 240 330 :
260 298 344 339 flexi
357 299 397 328 ad
412 298 558 328 virtutem
574 299 689 336 posset
704 294 842 334 exponi,

142 349 261 380 induces·
283 350 324 379 ad
346 348 492 378 virtutem
511 345 756 376 ostendendam
779 345 843 376 sci-

144 399 225 430 licet
248 403 283 429 et
299 395 531 429 exserendam.
581 395 725 426 Hostium
749 405 841 434 vero,

141 449 231 490 quod
255 457 330 481 cum
355 447 496 479 Davisio
518 445 649 477 addidit
677 445 842 484 Clarkius‚

144 499 254 540 reperi
281 497 416 538 quidem
449 497 482 528 iu
510 497 605 528 Leid.
631 507 699 528 sec.
732 497 840 537 Bong.

142 549 231 583 Edu.
256 549 351 580 Rom.
381 548 467 578 Ven.
492 547 587 578 Med.
619 547 778 578 Beroaldi
807 552 843 578 et

141 600 229 638 aliis,
245 598 303 629 ned
318 599 390 629 sine
408 598 512 629 dubio
529 604 643 628 natum
660 608 679 628 e
708 597 842 634 Glossa,

140 659 215 680 nam
232 654 267 680 et
286 648 519 689 pr‘aecedcntia
543 649 646 679 etiam
673 648 715 678 ad
743 647 843 678 hostes

141 700 327 740 pertinent,
350 704 385 730 et
401 699 607 738 intelligitur
624 698 705 729 satis
724 707 767 727 ex
784 707 841 737 op-

141 750 311 790 positione
328 754 531 781 nostrorum.
576 749 630 780 Sic
643 749 758 780 statim
769 759 844 790 quas

138 804 343 840 protexerunt
381 801 488 839 Bong.
524 799 620 831 addit
647 809 696 839 pr.
732 799 841 829 hostes.

141 852 219 883 Non
236 851 333 892 capio
351 855 464 881 autem
489 849 569 891 quid
595 850 679 880 velit
704 850 844 888 Brutus,

140 901 380 942 legendoflecli
407 901 447 931 ud
475 911 504 932 υ.
529 904 618 930 tanta
642 910 683 930 m.
711 900 844 930 hostium

139 951 233 990 vires,
263 951 413 982 virtutem
458 955 555 982 nostr.
595 961 628 991 p.
669 952 842 991 adaequare.

146 1001 216 1032 Viri
231 1001 328 1032 abest
344 1011 364 1032 a
390 1002 498 1041 Bong.
512 1007 548 1033 et
564 1001 659 1033 Leid.
675 1010 744 1032 sec.
763 1011 843 1042 qno-

141 1061 215 1083 rum
247 1052 372 1092 primus
404 1053 548 1091 tirtutes,
572 1053 660 1083 alter
685 1056 718 1083 ut
749 1062 845 1092 neque

139 1103 272 1133 tir-tutin
308 1103 433 1134 babet:
477 1104 609 1134 cir-tutes
636 1104 739 1134 etiam
779 1103 843 1134 Ed.

141 1152 230 1183 Flor.
247 1158 282 1183 et
305 1154 470 1193 udaequare
486 1162 562 1183 cum
579 1153 679 1182 Voss.
696 1158 733 1182 et
747 1153 845 1183 Leid.

140 1211 210 1233 sec.
247 1203 443 1242 adamarent
481 1201 606 1242 Scalig.
669 1201 845 1241 Adaequure

140 1253 346 1284 neutraliter
373 1263 449 1284 curn
469 1252 584 1283 dativo
599 1252 678 1282 alibi
694 1253 846 1284 occurrit

142 1312 289 1344 quoque,
306 1308 342 1334 et
365 1304 456 1345 apud
483 1304 593 1344 ipsum
621 1303 715 1334 Hirt.
741 1304 783 1334 B.
799 1303 843 1335 G.

140 1362 221 1385 vul.
238 1356 292 1386 41.
317 1357 325 1372 ‘
342 1354 467 1393 Turris,
483 1364 558 1395 quae
575 1354 740 1384 moenibus
758 1354 846 1385 adae·

136 1405 298 1446 quaret;’
322 1405 349 1436 si
370 1406 452 1436 Mss.
476 1404 659 1435 fidendum.

184 1457 226 1486 22
252 1455 463 1496 Propinquam
487 1454 604 1494 sugam
633 1455 672 1485 ad
700 1454 845 1494 oppidum

140 1505 299 1546 ceper-aut]
339 1505 393 1537 Ad
425 1505 585 1546 oppidum
617 1505 845 1545 propinquum

140 1554 316 1596 fugerunt.
364 1556 479 1587 Livius
512 1564 592 1587 xxx.
625 1559 653 1587 l.
691 1555 845 1595 ‘Fugam

140 1605 281 1646 reliquae
298 1606 486 1647 ceperunt.’
529 1606 655 1646 Dictys
671 1606 846 1638 Cretensis

140 1665 181 1688 u.
197 1658 250 1687 39.
272 1657 418 1698 ‘Neque
441 1657 570 1688 diutius
595 1657 763 1686 sustinere
787 1665 845 1689 au-

142 1715 197 1737 sus
229 1705 436 1744 Alexander,
468 1706 580 1746 fugam
612 1705 729 1746 capit!
788 1706 844 1737 Sic

141 1757 275 1788 locutus
292 1762 345 1788 est
362 1763 396 1789 ct
420 1758 553 1788 Hirtius
578 1757 618 1788 B.
636 1757 679 1788 G.
697 1766 775 1788 vm.
792 1760 845 1789 26.

143 1806 260 1838 Dacis.
330 1808 448 1847 Capera
484 1807 600 1846 sugam
639 1807 739 1848 vulgo
772 1813 846 1839 erat

143 1867 280 1898 quoque
306 1858 398 1899 apud
429 1858 532 1889 Ovid.
566 1858 654 1888 Fast.
684 1867 739 1890 111.
770 1861 844 1889 867.

143 1908 203 1942 sed
229 1909 418 1949 elegantius
443 1908 492 1940 ibi
525 1908 577 1940 Cl.
604 1909 722 1939 Burm.
748 1908 846 1940 resti-

141 1958 222 1999 tuit,
243 1961 252 1975 ⁴
271 1959 385 2000 thue
406 1958 521 2000 fugam
544 1958 700 2000 rapiant.'
747 1959 847 1990 Cete-

143 2017 218 2039 rum
249 2009 369 2040 melius
400 2009 538 2040 videtur
570 2010 730 2041 Goduino
761 2011 845 2041 Mss.

142 2058 273 2090 Victor.
298 2065 333 2091 et
350 2060 478 2091 Thuan.
504 2060 608 2091 lectio
627 2060 843 2100 propinquum.

144 2109 189 2142 Et
205 2119 284 2141 sane
300 2110 350 2141 ita
364 2120 406 2140 ex
422 2111 503 2141 ineis
524 2120 658 2152 quoque
683 2111 845 2141 exhibent

144 2159 218 2190 Pal.
243 2161 352 2201 Bong.
377 2161 473 2193 Voss.
498 2161 596 2192 Leid.
622 2170 689 2192 sec.
717 2161 752 2192 in
778 2171 844 2202 quo

135 2211 232 2251 suga.

188 2271 280 2294 xvn.
295 2266 316 2295 4
340 2263 380 2294 In
396 2263 506 2304 oppido
521 2267 550 2294 et
574 2263 658 2294 illam
674 2266 705 2294 et
726 2263 846 2303 urbem]

143 2313 271 2345 Sensus
286 2311 384 2354 hujus
401 2313 467 2344 loci
484 2313 565 2344 satis
582 2313 705 2353 clarus,
723 2313 750 2343 si
768 2323 847 2344 con-

143 2368 265 2403 staret,
301 2363 351 2394 ita
381 2363 534 2395 Hirtium
566 2365 718 2395 locutum
749 2373 846 2402 esse;

144 2414 205 2446 sed
225 2424 389 2455 nusquam
413 2415 535 2455 liquet,
561 2415 730 2446 Caesarem
756 2415 848 2445 volu-

144 2463 209 2496 isse
233 2473 298 2495 uno
324 2469 476 2505 tempore
499 2464 641 2496 insulam
668 2470 702 2495 et
728 2465 847 2496 urbem

145 2520 290 2554 tentare,
307 2521 342 2546 et
357 2516 578 2546 veliementer
599 2516 738 2548 turbant
760 2517 846 2548 Mss-

145 2569 181 2595 et
196 2564 285 2595 Edd.
302 2565 397 2596 vett.
421 2565 495 2596 Pal.
520 2566 627 2606 Bong.
652 2566 750 2598 Leid.
777 2577 847 2599 sec.

146 2612 274 2645 habent
288 2618 318 2645 et
334 2615 478 2655 oppidum
494 2619 523 2646 et
540 2616 662 2647 urbem.-
691 2622 726 2649 at
750 2617 846 2649 Carr.

148 2661 238 2694 Edd.
254 2664 384 2703 primm,
398 2665 479 2696 item
494 2666 596 2697 Vasc.
620 2667 740 2708 steph.
758 2669 849 2699 aliae-

149 2721 215 2752 que
244 2716 275 2743 et
303 2715 446 2754 oppidum
476 2719 507 2746 et
539 2717 625 2748 illam
661 2721 692 2749 et
729 2718 847 2750 urbem.

151 2762 294 2804 Inepte:
326 2766 408 2797 Mss.
442 2767 519 2799 Urs.
546 2768 668 2801 Petav.
693 2771 791 2802 Voss.
815 2771 849 2802 in

1480 191 1592 233 1541

892 293 1000 334 oppido
1030 297 1058 324 et
1090 294 1175 324 tuam
1203 294 1236 324 in
1265 293 1351 325 urbe.
1397 295 1474 335 Cuj.
1502 296 1593 329 Scal.

894 344 991 375 Leid.
1016 353 1066 384 pr.
1098 344 1135 375 In
1160 344 1270 385 oppido
1294 349 1323 375 et
1347 345 1401 375 illa
1422 345 1453 375 in
1476 346 1592 379 urbem.

892 393 946 425 An
974 395 1058 425 illum
1083 404 1130 426 sc.
1159 394 1314 434 insulam,
1343 400 1378 426 et
1407 400 1525 427 currem
1548 408 1594 428 sc.

892 445 1027 484 molem,
1064 445 1097 476 in
1130 455 1196 486 qua
1226 450 1301 476 erat
1333 446 1447 485 turris,
1479 446 1594 478 dixit?

895 495 972 526 Nou
990 495 1110 536 liquet,
1127 504 1232 536 quare
1250 493 1365 534 ἐπέχω.

935 549 955 577 8
978 547 1121 577 Alleram
1143 547 1253 577 insulae
1273 546 1410 587 purtem]
1441 547 1509 578 Ma.
1528 547 1598 578 Eli-

893 596 993 635 ensis,
1009 596 1086 627 inde
1102 598 1245 635 alteram,
1261 600 1312 636 (Tc.
1338 598 1422 628 Mss.
1448 598 1534 638 Reg.
1561 603 1597 630 et

893 646 990 676 Voss.
1015 651 1050 677 et
1074 647 1166 678 Edit.
1195 648 1291 679 Rom.
1318 658 1428 689 neque
1453 649 1597 688 alteram,

892 698 946 736 esc.
992 697 1040 728 Ut
1077 696 1167 728 forte
1203 698 1266 736 legi
1291 698 1416 729 debeat
1440 702 1531 739 atque
1555 700 1599 730 ul-

893 749 1071 787 terumdyc.
1118 748 1226 779 Porro
1253 749 1312 779 has
1340 759 1439 779 voces
1467 750 1598 780 alterum

892 800 1004 830 insula·
1018 802 1138 839 partem
1156 799 1204 830 ita
1220 800 1349 840 accipit
1371 800 1599 840 Rheuicanus,

894 854 931 880 ut
947 849 1139 890 significent
1154 859 1222 880 eam
1237 850 1346 880 insulae
1362 853 1495 890 partem,
1507 860 1599 890 quam

892 900 990 931 adhuc
1006 899 1149 930 tenebant
1166 900 1397 936 Alexandr-in&
1421 910 1496 941 quae
1519 910 1597 941 pars

894 956 1087 991 opponatur
1104 951 1146 986 ei,
1172 960 1271 992 quam
1287 962 1305 982 ιι
1321 961 1352 982 se
1372 953 1551 991 occupatam
1567 954 1598 981 et

892 1002 1040 1041 proesidio
1056 1002 1219 1040 munitam,
1240 1011 1342 1042 supra
1365 1001 1502 1031 dixerat
1526 1002 1599 1031 (2ae-

896 1061 950 1082 sar
972 1052 1004 1081 in
1023 1051 1114 1082 calce
1134 1052 1210 1082 libri
1229 1051 1466 1091 praecedentis.
1513 1051 1599 1082 Mihi

896 1111 976 1133 vero
993 1102 1057 1132 hoc
1081 1102 1129 1132 ita
1153 1102 1266 1142 potius
1290 1101 1528 1141 accipiendum
1553 1101 1600 1132 vi-

895 1151 1008 1189 detur,
1045 1158 1084 1182 ut
1122 1152 1216 1182 dicat
1253 1152 1385 1183 Hirtius
1416 1152 1598 1190 Caesarem,

894 1202 958 1240 ejus
972 1202 1042 1241 loci,
1067 1212 1165 1242 quem
1184 1202 1346 1232 tenebant
1365 1202 1598 1240 Alexandrini,

895 1253 1024 1283 alteram
1046 1254 1168 1292 partem
1195 1252 1226 1281 in
1253 1252 1436 1282 constratis
1458 1251 1600 1282 navibus

895 1310 1104 1343 aggressum.
1152 1302 1289 1333 Etenim
1319 1311 1426 1332 mnus
1450 1302 1599 1333 hostium

895 1353 1081 1384 distinendae
1115 1362 1218 1383 causa
1253 1352 1316 1383 hoc
1358 1351 1500 1390 factum,
1521 1361 1600 1382 nar-

896 1408 959 1434 rat.
994 1403 1101 1434 Clark.
1146 1402 1184 1433 In
1210 1403 1342 1433 alteram
1367 1402 1495 1433 habent
1519 1412 1600 1444 quo·

895 1462 960 1494 que
987 1454 1069 1484 Lov.
1096 1457 1132 1483 et
1158 1452 1253 1483 Leid.
1284 1462 1335 1493 pr.
1382 1453 1478 1492 Inque
1502 1453 1599 1485 Leid.

896 1514 964 1536 sec.
982 1505 1093 1535 Palat.
1110 1504 1274 1543 Bongars.
1299 1508 1335 1534 et
1359 1503 1446 1534 Edd.
1470 1504 1600 1543 primae,

894 1556 1086 1595 alteramque
1101 1554 1191 1585 Edu.
1208 1555 1347 1585 Vascos.
1361 1554 1492 1594 Gryph.
1511 1559 1600 1594 post.

895 1606 1013 1647 steph.
1039 1611 1075 1636 et
1099 1605 1172 1636 aliae
1190 1616 1198 1636 ι
1219 1608 1311 1645 atque
1332 1605 1365 1635 in
1386 1605 1516 1636 alterum
1532 1605 1599 1637 Ed.

896 1657 989 1688 Flor.
1033 1656 1100 1688 Sed
1119 1656 1292 1687 verissime
1317 1656 1395 1687 Pet.
1424 1656 1502 1686 Inde
1523 1657 1601 1687 ulte-

896 1717 983 1738 rum:
1007 1706 1097 1747 quod
1116 1711 1150 1737 et
1168 1707 1297 1747 placuit
1313 1706 1474 1738 Grutero.
1507 1706 1602 1738 Dein

896 1768 962 1788 cum
994 1757 1080 1798 ejeci
1111 1757 1317 1788 auctoritate
1348 1757 1431 1788 Mss.
1455 1757 1535 1787 Urs.
1563 1761 1601 1788 et

896 1818 1049 1838 meorum
1065 1807 1107 1838 ad
1133 1817 1234 1838 uuum
1256 1807 1412 1838 omnium.
1459 1805 1600 1838 Naribus

895 1859 1050 1889 additum
1080 1858 1221 1898 conjicit
1253 1867 1387 1898 quoque
1417 1857 1599 1895 Gruterus,

897 1909 978 1950 quia
992 1909 1025 1939 in
1040 1909 1151 1948 Bong.
1172 1914 1225 1939 est
1242 1908 1385 1946 navigiis
1405 1917 1435 1938 c.
1457 1911 1508 1939 19.
1532 1910 1540 1924 ‘
1556 1907 1600 1938 ad

896 1960 1056 1991 incendia
1070 1958 1326 1991 onerariarum!

940 2014 980 2041 10
1003 2012 1050 2041 Ac
1066 2009 1182 2050 primo]
1207 2009 1262 2040 Ita
1276 2019 1319 2040 ex
1337 2009 1420 2039 Mss.
1438 2013 1473 2040 et
1491 2009 1601 2041 Editt.

897 2061 994 2092 Vett.
1019 2061 1164 2100 restitui,
1191 2060 1361 2091 sententia
1384 2060 1457 2100 ipsa
1485 2065 1601 2100 postu-

896 2113 1002 2143 lante.
1048 2112 1140 2143 Hinc
1165 2111 1253 2142 enim
1281 2121 1360 2142 mox
1389 2120 1431 2141 ex
1457 2111 1600 2142 adverso

897 2162 1095 2203 respondet,
1120 2162 1180 2193 sed
1202 2161 1267 2201 ubi,
1291 2163 1343 2201 ᾁτ.
1388 2162 1543 2201 Scaliger
1565 2166 1603 2192 et

895 2213 1103 2244 recentiores
1113 2211 1305 2251 ediderant,
1314 2211 1480 2252 Atprimo.
1499 2211 1601 2244 Quod

898 2263 1100 2293 sententiam
1139 2271 1277 2302 prorsus
1316 2261 1443 2292 turbat.
1490 2262 1600 2293 Clark.

899 2313 1125 2344 Consentiunt
1142 2313 1257 2343 cuncti
1282 2313 1367 2342 Mss.
1392 2311 1478 2342 Edd.
1506 2312 1601 2343 Vett.

899 2363 935 2394 in
950 2364 994 2402 τῷ
1008 2373 1056 2402 uc,
1073 2368 1111 2394 ut
1127 2368 1162 2394 et
1178 2363 1242 2394 Ed.
1259 2363 1329 2394 Elz.
1346 2362 1387 2393 A.
1406 2365 1500 2393 1675.

942 2418 982 2446 16
998 2414 1208 2454 Pertentatis]
1231 2414 1253 2444 i.
1268 2424 1297 2444 e.
1315 2414 1410 2445 Bene
1431 2419 1466 2444 et
1481 2418 1602 2445 exacte

900 2465 1053 2504 tentatis,
1075 2470 1113 2495 ut
1130 2465 1211 2495 alibi
1228 2464 1319 2505 apud
1343 2470 1499 2495 auctores
1516 2464 1603 2505 opti-

898 2526 982 2547 mos.
1021 2517 1055 2547 Si
1075 2521 1189 2546 tamen
1205 2517 1287 2547 Mss.
1306 2515 1520 2553 addicerent,
1536 2524 1602 2545 non

898 2566 1099 2607 displiceret
1131 2566 1341 2606 proetcntatis,
1373 2565 1462 2605 quod
1491 2569 1603 2595 exstat

897 2616 932 2647 in
954 2616 1044 2647 Edd.
1068 2617 1171 2647 Yasc.
1197 2616 1315 2655 Steph.
1347 2614 1480 2654 Gryph.
1511 2618 1602 2653 post.

899 2672 935 2697 et
964 2666 1110 2698 Stradae.
1170 2665 1238 2696 Adi
1268 2665 1310 2694 ad
1338 2674 1368 2694 v.
1412 2667 1462 2694 15.
1508 2663 1601 2694 Cave

898 2726 980 2748 vero
997 2726 1072 2748 cum
1095 2715 1215 2746 iisdem
1239 2714 1350 2745 Editis
1373 2714 1466 2753 legas
1489 2712 1603 2749 conscie

898 2771 1002 2799 terant
1028 2777 1090 2808 pro
1116 2766 1318 2797 institerant.-
1345 2764 1426 2795 licet
1449 2763 1601 2806 adstipu-
