1850 3109
253 163 366 206 1756
678 173 716 203 J.
748 172 885 203 cnnsl
918 170 1268 202 corinnernri

256 272 365 310 hoste
384 271 533 322 perfido
552 283 597 309 ac
611 278 774 315 versum,
793 271 857 308 sed
881 284 901 307 a
923 270 1109 319 prudente
1128 278 1165 308 et
1179 270 1258 307 fido
1273 270 1398 307 amico
1411 269 1541 321 aliquo
1561 271 1696 310 datum

253 341 364 374 essct.
422 335 552 373 Securi
572 343 697 372 autem
720 335 881 371 Sabinus
901 341 937 370 et
959 334 1023 383 qui
1045 348 1122 370 suae
1144 335 1341 371 sententia*
1362 335 1525 372 fuerant.
1581 336 1709 373 Cotta

253 404 379 436 autem
399 405 436 436 et
458 399 520 448 qui
543 412 672 435 secum
696 405 887 434 senserant
911 397 1055 433 fraudis
1091 398 1226 434 ¹⁷aliud
1254 399 1408 435 subesse
1429 399 1534 436 taciti
1553 399 1709 447 cogita·⁴

255 462 371 499 bant:
403 462 522 499 hostis
544 462 728 510 proditor,
752 462 815 509 qui
850 461 1043 497 nocturnis
1077 461 1225 511 vigiliis,
1248 469 1285 498 et
1306 462 1465 498 confuso
1486 469 1699 499 castrorum

254 538 447 562 murmure
468 525 587 561 ituros
608 537 717 561 mane
739 525 998 574 przesagiebat‚
1020 538 1089 562 nec
1112 525 1217 575 quod
1239 525 1326 562 ituri
1346 533 1473 562 essent
1492 525 1699 561 dubitabat

254 587 301 624 ad
323 588 536 637 proximam
558 588 703 624 scilicet
737 588 935 637 legionem,
958 595 1153 637 oportuno
1178 601 1242 625 eos
1275 588 1313 624 iu
1343 589 1430 624 loco
1450 588 1696 637 expectabat.

254 651 345 687 Erat
363 651 431 687 viae
454 651 581 687 medio
602 651 735 700 procul
755 664 775 687 a
797 652 927 688 rustris
948 651 995 687 ad
1018 651 1040 687 d
1050 664 1096 688 uo
1118 651 1217 687 milia
1238 664 1420 701 passuum
1443 651 1550 687 vallis
1569 664 1700 688 nemo·

253 726 338 751 rosa
358 726 402 751 ac
425 714 605 752 difficilis:
637 715 711 751 illic
733 715 876 752 locarat
898 716 1071 752 insidias:
1101 729 1188 752 cum
1210 715 1245 751 in
1266 728 1349 752 eam
1371 715 1504 752 vallem
1528 716 1699 752 Romana

253 777 353 815 acies
373 777 646 821 descendisset,
675 779 799 830 hostes
830 786 916 816 ante
951 786 1127 828 retroque
1159 793 1204 816 ex
1238 779 1383 816 insidiis
1414 784 1636 828 erumpunt,
1658 783 1701 814 ut

254 853 325 878 nec
365 842 491 891 primis
539 842 736 885 excedere,
784 855 853 879 uec
903 842 1043 879 ultimis
1087 842 1321 879 retrocedere
1369 843 1515 879 licitum
1566 843 1699 879 ¹23esse:

252 905 498 955 iniquissimis
543 919 670 955 pugna
708 907 803 943 locis
840 906 1067 943 instituitur:
1112 912 1150 942 et
1193 906 1375 955 quoniam
1418 912 1552 943 natura
1598 917 1702 943 com·

252 974 428 1017 paratum
461 976 518 1005 est
550 970 752 1019 improvisa
782 970 950 1019 pericula
981 970 1099 1019 magis
1130 970 1276 1007 animos
1302 969 1483 1019 dejicere,
1517 969 1700 1014 Titurius,

253 1032 319 1080 qui
366 1045 496 1069 secura
543 1033 612 1069 sibi
667 1034 791 1070 onmia
838 1034 1012 1078 finxerat,
1070 1046 1207 1083 pavere
1252 1034 1381 1083 ccepir,
1435 1040 1550 1083 atque
1597 1032 1701 1070 omni

254 1095 394 1133 bellica
414 1102 494 1133 arte
514 1096 681 1133 destitui.
739 1098 882 1134 Contra
902 1104 1027 1134 autem
1050 1097 1196 1145 collega
1217 1097 1313 1145 ejus.
1346 1097 1410 1144 qui
1444 1096 1517 1133 hoc
1548 1102 1704 1134 eventu-

253 1171 336 1196 rum
358 1159 601 1209 praeviderat,
636 1167 753 1210 atque
786 1160 873 1197 ideo
908 1160 978 1196 iter
1011 1160 1104 1196 illud
1136 1159 1379 1203 dissuaserat,
1402 1159 1575 1208 quolibet
1611 1159 1702 1196 boni

255 1222 366 1259 simul
386 1229 423 1259 ct
446 1223 607 1260 ¹9multis
627 1231 661 1260 et
683 1224 795 1261 ducis
817 1224 942 1261 officio
962 1224 1125 1267 functus,
1160 1223 1369 1273 pugnando
1397 1223 1538 1272 pariter
1557 1230 1592 1260 et
1614 1223 1700 1260 hor-

252 1285 374 1323 tando
394 1286 486 1322 nihil
506 1287 676 1323 oninium
712 1288 965 1337 praetermisit,
989 1301 1077 1337 quae
1106 1288 1152 1324 ad
1183 1287 1341 1324 salutem
1365 1299 1518 1324 suorum
1540 1286 1700 1323 militum

252 1348 507 1398 pertinerent:
539 1350 658 1387 hostis
682 1351 748 1401 qui
768 1359 948 1401 expertus
969 1358 1208 1401 agnosceret,
1232 1365 1318 1388 suos
1342 1351 1523 1388 Romanis
1544 1350 1579 1386 in
1602 1351 1709 1387 ΖΟειιι-Δ

251 1418 365 1462 gusto
385 1413 558 1462 impares,
581 1413 699 1450 edicit
731 1421 771 1452 ut
806 1415 890 1452 telis
921 1416 1067 1453 eminus
1102 1416 1247 1452 hostem
1280 1422 1426 1464 petant,
1448 1414 1606 1464 propius
1627 1425 1702 1450 non

251 1476 441 1513 accedant
461 1490 583 1526 neque
604 1490 755 1515 manum
778 1485 993 1525 conserant,
1014 1478 1077 1516 sed
1099 1478 1328 1515 instantibus
1349 1491 1484 1527 parum
1507 1477 1701 1522 recedant,

251 1540 472 1588 instentque
492 1540 730 1578 cedentibus.
789 1543 838 1579 Et
858 1543 966 1579 locus
987 1543 1067 1592 ipse
1099 1543 1209 1580 (lucis
1237 1542 1438 1579 consilium
1470 1540 1701 1589 adjuvabat:

251 1610 463 1653 pugnatum
486 1611 545 1641 cst
564 1617 585 1641 a
606 1605 730 1653 primo
753 1618 861 1642 mane
881 1606 926 1642 ad
951 1607 1081 1643 horam
1100 1606 1174 1643 diei
1197 1612 1395 1642 octavam:
1428 1617 1515 1641 cum
1538 1603 1704 1641 Romani

251 1667 388 1704 milites
411 1667 538 1704 multis
559 1668 652 1705 licet
673 1668 889 1706 vulneribus
910 1669 1054 1715 affecti,
1088 1676 1126 1707 et
1160 1682 1181 1706 a
1217 1669 1369 1706 fortuna
1397 1674 1437 1705 et
1470 1667 1519 1704 ab
1552 1667 1705 1705 alterius

252 1729 361 1768 ducis
394 1731 534 1768 auxilio
572 1731 764 1769 ²¹dcstitui
803 1732 942 1770 acriter
979 1739 1104 1770 tamen
1138 1732 1266 1769 adhuc
1305 1731 1390 1768 ²²ad
1431 1744 1513 1776 sun,
1548 1731 1621 1768 lioc
1646 1736 1705 1769 est

249 1793 425 1832 Romano
457 1808 560 1832 more
587 1802 794 1833 certarent:
826 1802 909 1833 tuin
940 1795 1094 1833 demum
1130 1795 1340 1832 fortissimis
1373 1794 1460 1831 viris
1489 1807 1509 1831 e
1541 1794 1702 1844 legione,

249 1858 386 1907 partim
409 1859 556 1903 sauciis,
579 1859 721 1909 partim
743 1859 870 1905 caesis3
895 1872 982 1897 cum
1002 1866 1041 1898 et
1061 1860 1144 1910 ipse
1159 1860 1242 1909 jain
1261 1860 1404 1908 legatus
1424 1859 1550 1902 Cotta,
1567 1856 1605 1894 in
1626 1870 1703 1908 quo

252 1921 333 1970 spei
354 1934 501 1958 sumina
522 1929 614 1966 erat,
647 1923 733 1972 [93]
767 1924 871 1973 gravi
894 1924 973 1961 ictu
994 1923 1113 1961 funda
1138 1924 1236 1972 jacti
1266 1923 1400 1972 lapidis
1429 1936 1472 1959 os
1503 1928 1701 1965 contusus,

252 1983 374 2021 solitis
400 1985 620 2022 muneribus
641 1986 833 2023 obeundis
854 1986 1046 2024 invalidus
1075 1986 1318 2030 redderetur;
1349 1986 1531 2022 inclinare
1550 1998 1608 2021 res
1627 1997 1704 2022 coe-

251 2047 309 2098 pit
328 2060 372 2084 ac
394 2060 515 2086 ruere.
573 2048 751 2086 Titurius
781 2056 871 2087 tunc
894 2050 1058 2099 primurn
1080 2050 1286 2098 intelligere
1308 2049 1492 2098 incipiens
1513 2049 1569 2085 sui
1590 2047 1704 2097 perti·

251 2111 356 2148 nafis
377 2112 526 2148 consilii
549 2112 767 2157 vanitatem,
788 2113 889 2149 omni
910 2126 979 2162 spe
999 2112 1234 2150 defensionis
1268 2112 1424 2156 omissa,
1444 2112 1629 2148 Romanae
1648 2109 1705 2148 vir

250 2173 420 2212 fortassis
453 2175 619 2225 originis,
655 2189 730 2212 non
767 2177 950 2212 Romanae
983 2175 1142 2221 virtutis,
1175 2175 1434 2224 Ambiorigem
1467 2175 1516 2212 ab
1542 2174 1702 2212 adverso

252 2251 340 2275 suos
361 2238 602 2288 instigantem
619 2239 870 2289 prospiciens,
893 2239 1140 2289 interpretem
1163 2239 1355 2290 quendam
1374 2239 1420 2275 ad
1447 2238 1552 2274 illum
1574 2237 1702 2287 hospi-

251 2308 325 2338 tem
349 2316 457 2338 suum
482 2302 577 2338 misit
598 2309 746 2339 oratum
769 2309 806 2339 ut
843 2302 914 2339 sibi
948 2301 1101 2352 suisque
1122 2302 1306 2339 militibus
1326 2306 1565 2350 parceretur:
1595 2299 1700 2337 omni

250 2364 449 2414 indiguum
473 2366 548 2401 vita
578 2365 711 2409 virum,
734 2366 799 2414 qui
833 2365 1055 2414 suppliciter
1085 2364 1182 2401 adeo
1204 2365 1320 2401 vitam
1341 2369 1488 2413 poscat,
1511 2363 1630 2401 hostis
1649 2363 1699 2400 ab

251 2427 371 2472 hoste,
396 2429 591 2464 Romanus
619 2441 640 2464 a
662 2428 838 2465 barbaro.
895 2431 945 2465 At
967 2428 1028 2464 ille
1050 2428 1190 2477 hospes
1211 2427 1382 2477 egregius
1401 2439 1476 2463 non
1496 2432 1699 2464 contentus

252 2490 367 2529 fidem
390 2491 587 2541 publicam
610 2489 779 2540 fregisse,
799 2491 869 2527 nisi
891 2492 1084 2540 privatum
1113 2491 1179 2540 jus
1212 2491 1380 2539 hospitii,
1402 2491 1464 2527 illa
1485 2496 1600 2527 aetate
1617 2489 1701 2527 reli-

251 2555 515 2605 giosissimum,
538 2554 713 2597 violarem
745 2555 937 2604 respondit
959 2555 1168 2604 interpreti,
1190 2567 1304 2604 posse
1323 2554 1511 2592 Titurium
1533 2553 1563 2590 si
1581 2553 1699 2591 libeat

295 2663 334 2692 17
359 2661 472 2700 Forte,
488 2660 701 2701 aliquam—18
725 2661 827 2701 Lege,
849 2664 1024 2693 essen-19
1047 2662 1150 2704 Lege,
1165 2661 1372 2694 militis.—2o
1396 2661 1498 2702 Lege,
1515 2662 1698 2701 angusto.—

251 2716 290 2746 21
317 2713 428 2755 Forte,
443 2713 584 2746 destituti
597 2713 712 2747 acriter
726 2717 926 2748 tamem-22
948 2715 1051 2758 Lege,
1065 2726 1111 2749 ac.
