1850 3109
424 215 517 244 mn.
551 212 603 242 11.
636 211 742 241 cAP.
761 199 832 241 29.

124 309 191 341 Scd
207 313 297 351 atque
313 318 373 350 pro
387 312 433 348 at,
447 317 516 338 cero
531 310 648 338 nostro
663 304 819 347 frequens

125 366 189 392 est.
235 360 301 391 Adi
316 359 357 390 ad
372 360 411 390 B.
428 359 472 389 G.
491 366 541 389 ιν.
555 360 607 389 25.

167 411 304 449 Mag-nus
316 408 451 439 omnium
468 407 591 438 incessit
617 407 709 437 timor
723 416 733 441 ;
748 415 818 436 nam

123 462 150 492 is
171 459 265 491 variis
292 458 445 489 hominum
465 457 652 489 sermonibus
672 455 818 495 augetur]

124 511 230 542 Locus
252 509 331 539 mihi
356 518 516 549 perquam
546 512 743 548 suspectus:
773 506 819 537 of-

123 558 230 591 fendit
247 563 317 589 tum
327 558 408 589 illud
426 558 547 589 incessit
562 558 655 588 timor
666 557 817 587 omnium:

123 615 194 641 tum
210 609 373 650 imprimis
386 608 424 639 τὸ
439 619 520 649 nam,
537 609 645 640 alieno
670 609 743 639 loco
762 617 819 647 po-

122 661 235 692 situm.
267 658 512 690 Absterserone
527 657 684 689 mendum
701 658 728 687 si
740 658 819 688 scri-

122 709 221 742 bam?
262 709 402 749 Magnus
428 709 562 740 omnium
578 708 702 739 incessit
725 708 819 738 timor

121 759 244 791 animis.
290 759 324 789 Is
356 759 462 798 variis,
491 760 543 798 ὅτ.
597 758 819 798 Negligentia

122 809 250 841 librarii
265 809 348 841 illud
363 809 390 840 is
406 809 559 840 omissum
572 813 659 847 erat,
674 812 711 838 ut
727 817 818 848 saepe

122 861 154 891 in
178 859 318 901 syllabis
333 859 490 900 repetitis
510 858 646 890 accidit.
691 858 746 889 Ita
769 867 819 888 re-

122 911 246 943 mansit
261 911 388 942 animis.-
402 910 478 942 hinc
489 911 597 951 primo
609 909 712 949 nimis,
729 913 819 948 post-

122 971 164 993 ea
200 971 271 993 nam
292 961 320 992 is
343 960 483 992 factum.
514 961 646 992 Vossius.
712 959 819 990 Cella-

122 1011 190 1043 rius
207 1012 470 1052 interpretatur;
486 1011 621 1041 omnium
638 1020 751 1047 rerum,
767 1009 820 1039 vel

122 1072 257 1100 casuum,
281 1062 391 1094 timor:
429 1062 488 1093 sed
516 1062 549 1092 id
579 1061 665 1092 ratio
696 1061 819 1100 linguae

123 1113 255 1144 Latinae
283 1112 339 1142 vix
361 1113 502 1152 patitur.
548 1113 594 1142 D.
612 1111 760 1147 Vossius,
777 1120 820 1140 ex

122 1162 320 1203 conjectura
335 1162 511 1199 emendat;
535 1171 665 1201 magnus
684 1161 818 1191 omnium

122 1212 246 1244 incessit
261 1214 355 1244 timor
368 1212 503 1250 animis;
526 1212 564 1252 is,
588 1213 640 1251 ἑςο.
677 1211 746 1242 Sed
762 1210 820 1241 mi-

123 1271 184 1293 nus
200 1262 337 1303 elegans
352 1261 487 1293 videtur
503 1271 543 1293 ea
560 1261 738 1292 verborum
755 1260 821 1291 dis-

123 1313 258 1354 positio.
319 1313 392 1353 Ego
426 1313 598 1353 vulgatam
627 1312 821 1351 lectionem,

123 1363 205 1394 licet
219 1363 343 1395 locutio
356 1364 398 1394 sit
412 1364 525 1403 paullo
549 1363 753 1401 inusitatior,
771 1372 822 1393 re-

123 1414 294 1445 tinendam
330 1414 503 1445 existimo:
545 1414 683 1453 filagrius
719 1413 820 1454 (rnili-

122 1464 209 1505 tum)
225 1466 356 1497 omnium
371 1467 474 1504 timor,
492 1466 615 1496 incessit
640 1465 674 1495 iu
699 1465 820 1496 castris

124 1516 289 1548 Curionis.
316 1517 422 1548 Clark.
468 1518 513 1548 D.
530 1516 669 1547 Vossius
684 1526 726 1547 ex
743 1525 820 1547 con-

117 1567 258 1608 jectura
274 1567 442 1605 rescribit,
466 1577 595 1606 magnus
618 1567 750 1598 omnium
773 1567 821 1597 in-

121 1617 213 1648 cessit
226 1617 319 1648 timor
334 1618 468 1648 animis:
485 1618 514 1648 is
528 1618 635 1656 variis,
649 1619 700 1657 55⁶.
728 1617 820 1649 Clar-

123 1667 200 1698 kius
218 1673 330 1698 autem
347 1668 516 1707 vulgatam
538 1668 718 1699 lectionem
742 1667 821 1697 reti-

122 1717 268 1748 nendam
284 1717 468 1757 existimat,
479 1718 525 1748 ita
536 1719 637 1748 etiam
645 1717 822 1755 Cellarius,

124 1767 229 1799 ethic
253 1777 354 1798 rernm
378 1768 431 1798 vel
447 1778 579 1808 casuum,
602 1769 658 1799 ille
686 1769 821 1799 militum

125 1817 394 1848 subaudiendum
410 1823 537 1849 censet.
582 1817 631 1848 At
645 1828 724 1849 vero
741 1827 820 1849 neu-

124 1873 211 1899 trum
229 1868 358 1908 patitur
374 1868 552 1900 Latinitas.
582 1869 671 1902 Quid
689 1868 820 1909 igitur?

123 1928 184 1959 pro
212 1923 329 1950 vetere
356 1919 462 1959 dicto,
486 1920 495 1937 ‘
512 1920 613 1952 Quod
657 1926 710 1951 est
740 1924 819 1950 ante

122 1969 237 2010 pedes,
253 1979 350 2002 nemo
367 1974 511 2010 spectat,
534 1971 609 2001 caeli
626 1974 820 2002 scrutantur

123 2020 261 2060 plagas!
322 2021 414 2052 Nihil
451 2021 540 2052 enim
565 2019 699 2052 facilius
722 2031 819 2062 quam

124 2070 266 2101 Caesaris
282 2080 414 2101 manum
431 2070 590 2112 adsequi;
604 2071 694 2112 quod
707 2076 821 2102 tamen

123 2120 213 2151 haud
236 2119 390 2153 fecerunt
414 2122 573 2153 editores.
617 2122 710 2162 Lege
736 2132 823 2161 mag·-

123 2179 181 2201 nus
195 2179 310 2201 omnes
324 2171 446 2203 incessit
461 2172 554 2203 timor
566 2182 577 2208 ;
588 2182 658 2203 nam
675 2173 702 2203 is
715 2172 823 2212 variis,

123 2222 175 2261 &a
219 2221 373 2254 Justinus
388 2232 481 2254 xxu.
498 2224 551 2255 6.ί
569 2228 688 2264 stupor
709 2224 824 2265 itaque

123 2281 237 2312 omnes,
253 2276 289 2304 et
303 2272 482 2304 admiratio
505 2274 664 2305 incessit.'
709 2274 824 2305 Livius

124 2329 214 2354 xxv.
227 2325 257 2353 1.
282 2322 291 2338 ‘
305 2322 415 2353 Tanta
432 2324 551 2363 religio
667 2324 825 2355 civitatem

123 2373 263 2404 incessit
277 2376 296 2404 :'
319 2378 354 2404 et
378 2382 511 2405 xxvnr.
533 2376 564 2405 3.
589 2374 598 2391 ‘
615 2375 729 2405 Timor
746 2373 824 2404 inde

122 2425 288 2464 oppidanos
310 2425 472 2456 incessit!
515 2425 678 2457 Absolute
690 2425 824 2467 quidem

124 2474 214 2505 dicas
230 2475 324 2514 licet,
352 2485 482 2515 magnus
503 2476 628 2508 incessit
654 2477 759 2516 timor,
785 2481 824 2508 ut

125 2533 168 2554 ex
184 2525 302 2556 Curtio
321 2526 461 2567 aliisque
477 2531 634 2566 constan
650 2527 708 2558 sed
725 2537 823 2558 nemo

125 2573 222 2614 dixit,
237 2585 364 2614 magnus
380 2576 527 2606 omnium
551 2576 691 2608 incessit
713 2577 823 2608 timor.

127 2623 239 2655 Daris.
266 2634 339 2656 cur.
378 2635 446 2657 sec.
492 2626 729 2667 Hotomannus
749 2628 824 2668 jam

127 2673 202 2704 olim
216 2675 361 2716 conjecit
376 2686 489 2717 omnes,
511 2678 565 2708 vel
587 2679 722 2709 omnium
743 2688 825 2709 men-

126 2726 184 2754 tes.
228 2724 349 2756 Posses
372 2731 407 2757 et
434 2726 600 2768 refingere
614 2729 747 2768 omnino,
769 2729 822 2759 vel

126 2772 233 2805 simile
255 2774 350 2829 quid.¹
387 2775 554 2810 Absolute
577 2778 731 2810 adhibuit
745 2788 824 2811 auc-

866 210 928 240 DE
962 209 1117 239 BELLo
1150 210 1319 239 elerl.
1452 199 1565 240 1429

868 308 923 335 tor
968 304 1008 334 B.
1045 303 1118 335 (Σίν.
1157 312 1210 334 111.
1238 306 1290 334 44.
1330 304 1338 320 ‘
1354 304 1565 345 Magnusque

868 355 1054 386 incesserat
1090 354 1190 385 timor
1227 354 1429 393 sagittarum
1444 354 1462 384 :'
1489 364 1566 395 cap.

870 408 940 436 101.
957 406 965 421 ‘
981 410 1163 446 tantusque
1187 414 1227 435 eo
1240 404 1330 435 facto
1347 405 1448 435 timor
1464 404 1569 435 inces-

869 455 940 486 sit:'
954 460 990 486 et
1010 455 1101 486 Hirt.
1116 456 1156 485 B.
1173 454 1270 486 Alex.
1289 464 1363 494 cap.
1377 457 1407 484 7.
1425 455 1434 470 ‘
1452 459 1565 485 tantus

869 506 1007 536 incessit
1036 505 1158 536 timor!
1218 506 1302 536 Cum
1334 504 1462 535 Dativo
1485 513 1566 535 vero

868 557 908 587 B.
922 558 959 588 C.
972 566 1028 587 111.
1042 558 1095 586 74.
1110 557 1119 573 ‘
1134 556 1308 586 Exercitui
1326 555 1413 586 omni
1427 554 1567 585 incessit

867 608 986 640 dolor.'
1042 607 1097 638 Sic
1122 608 1175 638 hie
1214 613 1331 648 posset
1361 607 1462 638 scribi
1486 606 1571 637 omni

868 659 975 690 militi.
1019 657 1086 690 Sed
1110 658 1160 688 nil
1185 663 1313 689 temere
1340 656 1567 688 innovandum

869 718 1002 740 censeo.
1039 717 1094 740 ιιι.
1119 708 1193 739 13.‘
1212 709 1338 738 Tantus
1356 712 1465 738 terror
1487 706 1569 737 inci-

869 759 920 790 dit
945 760 1017 800 ejus
1042 757 1235 797 exercitui‚’
1257 757 1289 788 in
1321 758 1404 788 Mss.
1431 756 1568 796 optimis

869 810 1034 840 exercitus.
1557 831 1559 833 ,

912 864 930 891 5
954 860 1044 891 Alius
1066 860 1122 891 alii
1145 858 1369 898 transdiderat]
1403 858 1442 888 In
1470 858 1568 889 Carr.

871 911 968 941 Leid.
983 920 1050 941 sec.
1066 910 1153 941 Edd.
1172 912 1269 941 Rom.
1280 914 1314 940 et
1332 908 1474 939 Mediol.
1488 907 1569 939 scri-

871 960 963 992 bitur
978 961 1026 991 illi
1048 960 1120 991 aliis
1145 961 1317 997 ediderant,
1340 960 1373 989 in
1396 959 1482 989 Ven.
1510 957 1572 988 illis

870 1012 1042 1042 ediderant.
1087 1011 1128 1042 In
1152 1011 1250 1041 Voss.
1274 1010 1336 1040 illis
1357 1008 1412 1039 alii
1435 1008 1573 1038 tradide-

869 1065 952 1093 rant.
998 1062 1121 1092 Forsan
1136 1061 1271 1101 scripsit
1290 1059 1500 1091 auctoratius
1515 1057 1572 1088 alii

869 1112 1076 1142 tradiderant.
1121 1111 1209 1142 Vide
1233 1110 1275 1141 ad
1305 1112 1346 1141 B.
1375 1111 1418 1141 G.
1446 1118 1486 1140 11.
1517 1111 1571 1140 24.

869 1163 877 1178 ‘
895 1161 992 1192 Alius
1010 1162 1066 1191 alii
1082 1160 1211 1192 ferrent
1225 1161 1406 1191 auxilium!

913 1215 933 1243 6
958 1213 1056 1243 Civile
1072 1211 1194 1251 bellum]
1224 1211 1327 1248 Ῥῆσις
1354 1215 1406 1242 est
1433 1217 1572 1250 corrup·

870 1263 1009 1303 tissima,
1021 1273 1122 1304 quam
1138 1262 1172 1294 J.
1185 1263 1220 1293 F.
1231 1261 1422 1293 Gronovius
1436 1261 1468 1290 in
1478 1265 1574 1290 notu·

869 1314 910 1345 lis
923 1315 1045 1345 Tacito
1073 1313 1172 1344 editt.
1198 1313 1353 1344 Blavian.
1379 1311 1574 1352 praemsssis,

868 1365 932 1395 hoc
944 1364 1043 1395 modo
1057 1364 1236 1394 restituere
1250 1367 1392 1394 conatus
1406 1366 1479 1393 est:
1495 1363 1503 1380 ‘
1518 1362 1575 1393 Ci-

873 1416 938 1446 vile
976 1415 1119 1446 bellum:
1157 1424 1260 1455 genus
1298 1413 1483 1452 hominum,
1518 1411 1574 1442 cui

871 1466 993 1497 liceret
1018 1465 1124 1496 libere
1151 1464 1266 1496 facere
1297 1469 1333 1495 et
1353 1463 1461 1503 sequi,
1483 1461 1574 1503 qnod

872 1518 1010 1557 vellent,
1023 1517 1173 1557 legiones
1190 1526 1252 1554 eae,
1272 1525 1347 1556 quae
1364 1515 1479 1555 paullo
1493 1518 1573 1544 ante

872 1567 962 1607 apud
979 1566 1189 1597 adversarios
1205 1566 1359 1603 t'ucrant;
1377 1574 1453 1596 nam
1469 1564 1574 1596 etiam

873 1617 1016 1649 Caesaris
1042 1617 1245 1648 beneficium
1275 1619 1469 1646 mutaverat
1495 1623 1574 1645 con,

872 1668 1039 1698 suetudo:
1064 1678 1139 1708 quae
1164 1666 1368 1698 offerrentur
1389 1664 1576 1705 municipia

871 1718 1012 1749 diversis
1044 1718 1198 1758 partibus
1223 1718 1407 1757 conjuncta
1421 1716 1575 1756 (utrique

872 1768 960 1799 enim
975 1777 1018 1798 ex
1034 1768 1158 1799 Marsis
1174 1766 1408 1808 Pelignisque)
1418 1765 1576 1804 videbat;

871 1822 906 1849 et
921 1818 978 1859 qui
992 1818 1165 1857 superiore
1181 1822 1282 1848 nocte
1294 1817 1328 1847 in
1344 1815 1575 1847 contuberniis

870 1867 1164 1908 papilionibus-que
1177 1868 1299 1906 (secum
1307 1866 1481 1905 fuisseut‚)
1496 1875 1577 1896 non-

871 1917 954 1949 nulli
967 1918 1143 1958 graviores
1158 1926 1329 1948 sermones
1345 1917 1489 1947 militum
1506 1917 1577 1947 vnl-

872 1969 904 2010 gi
935 1968 1050 1999 durius
1086 1966 1366 2008 accipiebantur?
1422 1967 1463 1997 In
1494 1967 1577 1997 locis

871 2026 942 2051 tam
964 2019 1135 2050 mendosis
1150 2018 1325 2057 latissima,
1340 2021 1378 2048 ut
1394 2016 1578 2057 conjicien-

873 2070 920 2109 di,
947 2070 995 2101 ita
1021 2074 1056 2100 et
1081 2068 1261 2100 aberrandi
1274 2072 1373 2108 patet
1389 2077 1491 2105 area;
1515 2077 1576 2098 nos

873 2127 986 2153 autern
1017 2131 1091 2162 quae
1130 2120 1373 2152 verisimillima
1401 2119 1574 2158 videntur,

873 2173 989 2214 paucis
1026 2181 1265 2213 proponemus.
1311 2170 1421 2202 Daris.
1478 2169 1577 2200 Civile

874 2225 1006 2261 bellum,-
1027 2243 1069 2247 -—
1081 2223 1296 2265 fingebantur.
1363 2221 1463 2260 Haec,
1501 2231 1576 2262 quae

875 2276 970 2306 uncis
982 2275 1116 2314 inclusi,
1128 2273 1382 2314 corruptissima
1398 2277 1476 2303 sunt
1490 2283 1497 2309 ;
1529 2277 1576 2311 et,

875 2326 902 2356 si
919 2325 1124 2366 conjecturis
1149 2325 1327 2356 emendata
1348 2324 1482 2364 possint
1509 2322 1577 2354 for-

875 2381 964 2407 tasse
991 2376 1126 2416 aliquam
1155 2375 1188 2405 in
1221 2374 1425 2406 sententiam
1457 2374 1579 2414 accipi,

875 2431 911 2458 at
941 2427 998 2457 vix
1024 2427 1057 2457 in
1085 2436 1152 2457 eam
1179 2423 1316 2466 (credo)
1346 2433 1445 2465 quam
1473 2423 1579 2454 voluit

875 2478 1000 2516 Caesar,
1031 2477 1095 2508 nisi
1120 2477 1276 2507 codicum
1306 2475 1482 2506 meliorum
1511 2483 1576 2515 ope

875 2529 969 2568 prius
987 2529 1020 2559 in
1044 2528 1214 2568 integrum
1243 2526 1424 2568 aliquando
1442 2525 1577 2556 restitu-

875 2583 920 2610 ta.
946 2579 1054 2609 Clark.

916 2633 934 2660 7
961 2630 1068 2661 Genus
1082 2628 1247 2667 nominum,
1259 2628 1338 2667 quod
1360 2627 1465 2657 liceret
1482 2625 1576 2655 libere

864 2679 985 2719 facere,
1007 2683 1038 2710 et
1062 2679 1145 2718 sequi
1169 2679 1247 2718 quod
1274 2675 1377 2714 vellet]
1412 2674 1577 2705 Mendum

873 2730 975 2761 latet:
1007 2730 1041 2760 in
1067 2729 1236 2768 prioribus
1265 2730 1339 2756 erat
1368 2724 1468 2756 editt.
1496 2726 1575 2764 quod

874 2780 996 2812 vellent.
1040 2778 1144 2810 Male.
1169 2777 1240 2816 Ego
1263 2774 1439 2806 rescribo:
1470 2774 1577 2806 Genus
