1850 3109
225 144 339 187 1736
654 158 691 188 J.
723 157 861 188 censi
895 159 1245 190 COMMENTARII

226 253 336 299 dens,
369 259 379 275 ‘
400 254 542 292 nullam
565 255 635 292 inis
656 268 767 305 posse
788 270 914 294 secum
937 271 1018 295 esse
1036 259 1256 296 aniicitiam'
1275 259 1338 304 ait,
1368 259 1462 297 ‘uisi
1484 262 1679 312 quampri-

226 330 329 353 mum
351 318 488 355 Gallia:
510 317 650 355 finibus
670 320 919 364 emigrarent:
950 334 1073 370 neque
1093 323 1183 359 satis
1204 336 1241 359 se
1269 323 1392 361 mirari
1413 337 1538 373 posse,
1576 339 1681 375 quae·

226 381 311 417 nam
333 389 431 418 esset
453 383 521 417 istu
544 390 652 425 ratio,
687 389 726 417 ut
747 382 811 430 qui
832 395 899 418 sua
918 375 1121 421 defendere
1149 398 1221 422 non
1245 386 1421 431 valerent,
1452 389 1679 427 invaderent

226 443 370 480 aliena:
403 445 512 493 quasi
533 445 579 481 ad
603 445 778 491 injuriam
802 445 1049 489 inferendam,
1073 461 1187 496 qnam
1217 450 1264 486 ad
1301 450 1578 489 defendendam
1594 453 1682 502 jus-

227 507 347 543 titiam
371 507 566 543 fortiores:
600 520 685 543 eum
721 507 942 546 fortioribus
976 510 1062 546 viris
1099 511 1192 548 vires
1213 512 1356 550 addere
1378 515 1497 551 soleat
1516 516 1681 553 animos-

228 583 303 618 que
336 569 508 606 defensio
541 577 718 619 suscepta
745 570 930 618 justitiam
963 586 1088 622 neque
1126 587 1216 611 vero
1253 588 1335 612 esse
1369 590 1478 625 agros
1516 579 1611 615 ulios
1641 579 1680 616 in

229 633 372 676 Gallia,
393 633 457 682 qui
480 640 592 670 tantae
615 634 807 671 homiuum
831 636 1065 673 multitudini
1086 638 1263 687 assignari
1283 639 1428 688 possint
1447 641 1524 677 sine
1544 642 1682 690 injuria

228 709 497 745 possessorum.
556 699 650 734 Esse
670 706 794 735 autem
817 700 916 748 apud
939 714 980 737 se
1000 702 1156 739 aliarum
1179 703 1346 751 gentium
1376 704 1534 754 legatos,
1570 705 1684 755 inpri-

229 760 302 797 mis
333 760 587 804 ⁷0Vibiorum‚
611 761 821 798 aitiicoruin
844 763 979 811 populi
999 765 1172 810 Romani,
1205 766 1253 803 de
1275 768 1482 805 saevorum
1504 769 1683 806 violentia

231 832 526 873 conquerentes,
559 838 752 874 opemque
783 835 1010 875 poscentes:
1043 841 1156 877 posse
1176 843 1241 866 eos
1270 844 1357 867 curn
1393 831 1463 868 illis
1497 833 1682 877 habitare,

231 889 354 927 donec
377 890 548 938 utrisque
570 891 786 926 consultum
805 891 850 927 sit
868 904 875 927 :
907 904 945 927 se
967 892 1099 929 Suevis
1114 893 1400 942 imperaturum,
1421 901 1463 932 ut
1482 896 1531 932 ab
1551 909 1685 933 eorum

230 953 502 990 offensionibus
536 953 776 989 abstineant?
833 955 964 1003 Legati
999 969 1037 992 se
1080 964 1167 1005 post
1202 957 1371 994 triduum
1401 958 1600 1003 redituros,
1629 971 1686 996 re-

232 1030 495 1066 sponsumque
517 1031 594 1053 suae
628 1018 752 1066 gentis
786 1019 970 1055 relaturos
1005 1032 1095 1056 curu
1127 1020 1322 1065 dixissent,
1345 1030 1616 1072 poposcerunt,
1638 1036 1683 1060 ne

231 1086 355 1117 eastra
376 1081 525 1117 iuterim
543 1088 808 1130 promoveret:
840 1082 954 1119 sensit
975 1082 1148 1121 fraudem
1177 1085 1327 1129 Caesar;
1361 1087 1565 1135 Equitatus
1584 1086 1684 1123 enim

231 1151 374 1193 partem
398 1158 571 1194 maguam
595 1152 696 1182 trans
716 1147 865 1182 Mosam
889 1160 1034 1184 amnem
1065 1148 1339 1186 frumentatum
1373 1150 1422 1185 ab
1457 1150 1499 1186 iis
1533 1151 1686 1186 missam

233 1215 409 1251 senserat,
427 1221 543 1257 quam
565 1209 637 1245 hoc
656 1210 777 1258 spatio
799 1211 979 1259 temporis
1000 1213 1271 1260 expectabant.
1309 1212 1395 1262 [67]
1427 1214 1560 1262 ltaque
1581 1213 1685 1262 quod

233 1278 407 1321 peterent
429 1286 467 1308 se
489 1272 678 1309 sucturum
702 1274 867 1322 negavit,
890 1276 1170 1325 processitque,
1194 1283 1232 1314 et
1253 1290 1340 1313 cum
1370 1276 1453 1324 jam
1489 1277 1560 1313 nisi
1593 1276 1689 1314 duo-

233 1335 358 1373 decim
382 1335 481 1372 milia
503 1349 686 1385 passuum
707 1336 866 1374 distaret
885 1350 906 1373 a
930 1338 1113 1382 barbaris,
1132 1339 1244 1388 legati
1276 1339 1358 1375 ⁷¹ad
1380 1340 1502 1388 ipsum
1526 1352 1687 1389 poscen-

233 1407 288 1437 tes
309 1399 504 1436 iustautius
534 1407 794 1444 occurrerunt,
831 1400 947 1449 idque
980 1414 1067 1438 cum
1101 1403 1234 1439 iterum
1269 1408 1466 1451 negasset;
1498 1403 1689 1452 petierunt

235 1470 277 1501 ut
295 1464 343 1500 ad
366 1477 451 1500 suos
473 1464 634 1513 equites,
655 1465 721 1514 qui
741 1464 942 1513 praeibant,
965 1465 1158 1502 mandaret
1179 1466 1314 1515 proelio
1338 1467 1540 1510 abstinere,
1563 1466 1687 1503 donec

234 1528 301 1576 ipsi
322 1528 467 1577 legatos
501 1527 548 1564 ad
582 1541 662 1572 eos,
700 1541 797 1577 quos
832 1528 868 1564 in
903 1528 1039 1565 eadem
1074 1529 1295 1566 conditione
1329 1542 1414 1566 cum
1449 1528 1579 1566 Suevis
1607 1542 1689 1566 esse

234 1592 449 1635 ⁷²deberet,
470 1593 718 1635 destinarent,
757 1600 797 1628 ut
833 1592 972 1630 foedere
993 1607 1078 1630 eum
1100 1593 1243 1630 eisdem
1266 1593 1357 1637 icto,
1390 1592 1500 1630 simul
1529 1593 1689 1630 Caesaris

233 1656 394 1693 consilio
415 1663 631 1693 uterentur:
666 1655 813 1692 Adhaec
834 1655 1068 1705 exploranda
1086 1663 1126 1694 et
1146 1655 1333 1694 firmanda
1364 1669 1452 1693 cum
1472 1656 1595 1693 Vibiis
1628 1656 1692 1693 tri-

235 1720 313 1756 duo
333 1720 446 1757 etiam
481 1733 580 1769 opus
614 1732 709 1756 esse.
767 1719 958 1756 Intellexit
991 1732 1148 1769 quoque
1183 1720 1313 1757 Caesar
1344 1720 1444 1757 hanc
1466 1718 1688 1770 petitionem

235 1784 368 1821 eodem
390 1792 578 1834 spectare,
601 1796 679 1832 quo
699 1783 874 1832 primam.
932 1784 1148 1832 Respondit
1169 1778 1295 1821 tamen
1325 1797 1374 1827 se,
1406 1784 1498 1821 7³de
1529 1783 1594 1821 iilo
1615 1797 1688 1821 non

235 1849 401 1897 amplius
440 1862 555 1898 quam
589 1854 756 1897 quatuor
795 1847 894 1885 milia
933 1860 1114 1897 passuum
1147 1861 1450 1898 progressurum.
1506 1847 1588 1885 Illic
1628 1847 1690 1885 die

235 1912 411 1962 proximo
448 1912 638 1957 adessent,
677 1926 765 1949 cum
804 1912 946 1961 quibus
982 1912 1031 1950 de
1068 1913 1220 1949 illorum
1258 1912 1441 1961 petitione
1479 1911 1692 1956 dissereret,

236 1976 431 2025 equitibus
451 1975 695 2013 nihilomiuus
723 1977 807 2023 jam
838 1977 1051 2026 progressis
1085 1975 1280 2012 mandavit
1305 1988 1351 2012 ue
1382 1975 1507 2011 hostes
1538 1974 1693 2011 invade-

237 2046 332 2077 rent.
392 2039 509 2082 Quod
532 2039 562 2076 si
595 2040 644 2076 ab
675 2039 745 2075 illis
777 2039 1060 2083 invaderentur,
1098 2051 1217 2088 usque
1251 2038 1298 2076 ad
1338 2037 1454 2087 ipsius
1485 2037 1692 2075 adventum

239 2103 363 2153 ⁷⁴ipse
383 2109 509 2141 tamen
532 2103 776 2142 sustinerent.
831 2103 990 2152 Equites
1017 2103 1126 2151 jussu
1158 2101 1267 2139 ducis
1297 2108 1485 2150 accepto:
1517 2107 1556 2138 et
1587 2100 1695 2150 ⁷⁵qui

240 2167 343 2217 apud
366 2168 512 2217 legatos
534 2167 702 2204 hostium
724 2167 932 2211 vadissent,
953 2172 1136 2216 tanquam
1166 2166 1202 2202 iu
1236 2179 1330 2215 paee
1364 2165 1488 2203 securi
1518 2165 1627 2202 ibant
1657 2172 1697 2202 et

239 2231 402 2268 incauti:
433 2230 525 2268 fidei
545 2231 696 2281 signum
717 2244 792 2268 non
812 2229 1042 2280 prudentiae.
1100 2229 1144 2267 ld
1166 2243 1255 2267 cunl
1284 2230 1409 2266 hostes
1438 2228 1694 2266 advertissent

240 2293 397 2344 76quani
419 2308 576 2331 numero
596 2295 708 2344 longe
737 2295 901 2344 impares
934 2293 1135 2343 repentino
1169 2293 1313 2341 impetu
1341 2291 1478 2329 invecti
1513 2291 1695 2340 quadrin—

241 2364 376 2407 gentos
397 2357 638 2407 septuaginta
670 2371 717 2394 ex
750 2358 803 2394 eis
839 2356 1087 2394 occiderunt:
1118 2355 1286 2404 reliquos
1325 2355 1362 2391 in
1401 2354 1529 2404 fugam
1568 2367 1692 2392 versos

241 2420 391 2471 insequi
412 2434 484 2458 nou
506 2421 609 2470 prius
630 2421 824 2458 desierunt
845 2432 961 2470 quam
980 2420 1026 2457 ad
1048 2425 1294 2468 conspectum
1328 2418 1493 2455 Caesaris
1523 2425 1578 2456 est
1612 2431 1696 2468 per·

285 2583 326 2612 70
351 2582 454 2621 Lege,
471 2579 630 2619 Ubiorum,
645 2586 679 2612 et
693 2580 740 2611 sic
754 2578 894 2611 inferius
911 2580 1002 2611 Ubiis
1014 2590 1072 2620 pro
1093 2579 1288 2611 t'ibiis.—71
1320 2580 1422 2617 Lege,
1436 2578 1564 2608 i‹1.-—72
1589 2577 1695 2617 Lege,

241 2634 452 2665 diceret.--73
479 2635 582 2676 Lege,
596 2635 741 2666 ‹lieu—74
766 2636 870 2674 Lege,
885 2634 1040 2674 ipsi.--75
1068 2635 1183 2674 Forte,
1198 2632 1292 2673 etqui
1313 2632 1395 2672 apud
1410 2634 1565 2662 (la-sarem
1579 2630 1696 2670 legatos

241 2687 374 2718 hostium
390 2688 634 2719 vimnau—76
656 2687 760 2728 Lege,
774 2697 968 2728 quamquam.
