1850 3109
404 202 508 231 car.
537 190 606 231 94.
642 201 736 230 mu.
772 201 833 229 nn
867 201 1023 230 nmmo
1057 202 1219 234 Arme.

85 293 126 324 ad
144 294 274 335 Virgilii
297 295 368 326 lEn.
394 304 418 325 1.
442 296 513 325 1¹23.
539 295 548 311 ‘
567 294 659 325 Gaza
677 293 787 324 Persi-

85 355 143 375 cus
160 354 267 376 sermo
291 350 354 383 cst,
380 349 414 374 et
438 343 606 384 siguificat
625 344 785 375 divitias!

86 394 137 426 Ac
167 395 210 425 ad
237 395 309 425 lEn.
337 403 376 424 ιι.
407 396 481 424 703.
519 394 528 410 ‘
546 394 639 424 Gaza
665 404 786 424 census

88 445 262 475 Persarum
279 445 402 483 lingua,
416 449 448 474 et
468 449 519 474 est
534 445 663 475 numeri
677 445 785 483 singn-

84 495 161 525 laris
188 498 317 525 tanturn
333 494 353 524 ε’
377 504 443 535 qua
464 495 496 525 in
521 505 555 525 rc
582 495 710 526 fallitur
738 497 787 526 vir

82 544 341 582 eruditissimus,
367 554 442 575 nam
468 546 646 576 Lucretius
671 547 727 576 lib.
749 555 787 577 ιι.

83 604 115 634 1).
134 598 205 626 155.
230 594 312 626 edit.
338 596 486 626 Wechel.
513 596 562 627 sic
589 596 659 627 ait:
685 597 693 612 ‘
711 598 788 628 Qua

81 649 221 685 propter
233 646 389 686 quoniam
407 646 451 676 nil
467 651 581 677 nostro
598 647 629 676 in
647 656 787 686 corpore

76 703 166 732 gazoe
189 694 400 725 Proficiunt.'
447 697 491 726 lit
522 695 682 726 Horatius
715 695 783 725 Od.

81 752 105 775 ¹.
121 746 174 774 29.
200 745 209 761 ‘
226 745 309 784 leci,
329 745 436 776 beatis
464 755 550 776 nunc
569 745 720 776 Arabum
739 746 786 776 in—

80 794 174 824 vides
193 795 313 825 Gazis.'
339 795 390 826 Ex
407 796 469 826 liae
487 805 570 826 voce
589 795 682 826 Gaza
708 795 787 826 urbs

80 844 264 875 Palestinae
302 855 426 877 nornen
463 846 594 885 sumsit,
630 846 656 875 si
704 844 787 876 fides

78 893 198 934 Pomp.
218 895 320 926 Melas.
345 906 369 927 1.
396 899 445 927 11.
471 897 582 927 Daris.
619 896 787 926 Memoria

75 942 201 975 fefellit
215 954 373 985 magnum
391 947 546 977 Vossium
571 956 715 987 quoque,
732 956 788 977 ne-

76 998 213 1031 gamem
241 997 333 1027 aurei
362 997 423 1027 aevi
449 997 671 1036 scriptoribus
691 1007 788 1035 gazas

75 1045 199 1083 plurali
218 1056 357 1077 numero
376 1048 408 1077 in
428 1058 486 1078 usu
504 1047 608 1078 t'uisse
625 1049 667 1079 de
687 1048 785 1079 Anal.

74 1103 98 1124 1.
126 1098 179 1126 40.
233 1097 346 1128 Quare
377 1099 420 1128 ad
451 1108 527 1128 eum
560 1099 785 1129 refellendum

70 1144 142 1184 jam
177 1145 393 1187 add‘uxerunt
424 1147 489 1177 viri
532 1147 623 1179 docti
660 1149 783 1179 Horat.

74 1193 142 1225 011.
161 1198 211 1226 16.
235 1195 256 1227 l.
274 1205 314 1226 11.
339 1197 347 1212 ‘
367 1197 444 1228 Non
469 1206 559 1237 gaz-at
583 1197 785 1228 submovent

73 1245 238 1276 tumultus
251 1245 395 1277 mentis!

118 1303 206 1326 xcu.
229 1299 249 1326 4
283 1296 353 1326 Sibi
383 1298 484 1337 quoad
507 1298 573 1328 vita
598 1301 784 1337 suppeteret,

73 1345 215 1385 oppidum
229 1356 320 1386 seque
345 1347 372 1377 ei
399 1348 571 1388 reservare]
600 1348 655 1378 lta
679 1348 784 1378 inter-

72 1395 290 1435 pungendum
316 1406 431 1427 sensus
453 1396 635 1428 manifesto
667 1402 782 1438 postu-

74 1445 134 1476 lat.
182 1445 289 1483 Editi,
307 1446 367 1477 sibi
388 1448 487 1487 quoad
510 1447 577 1478 vita
597 1451 784 1488 suppeteret,

70 1495 225 1536 oppidum,
239 1497 296 1535 &a
343 1498 430 1530 Quae
455 1498 687 1538 interpunctio
710 1507 783 1529 sen-

74 1547 215 1577 tentiam
233 1548 417 1588 perturbat
433 1549 582 1588 penitus.
607 1549 716 1579 Clark.

119 1605 220 1629 xcm.
245 1602 264 1629 9
297 1599 432 1640 Suo-sque
452 1601 632 1639 interfectos
656 1604 711 1631 aut
729 1600 783 1638 su-

72 1648 179 1688 gatos]
213 1649 253 1679 In
269 1649 357 1680 Edd.
373 1650 472 1681 Rom.
490 1650 632 1681 Mediol.
651 1656 685 1681 et
697 1652 784 1681 X'cn.

74 1700 282 1730 solummodo
309 1704 361 1731 est
387 1710 457 1731 suos
476 1703 577 1731 autem
594 1700 785 1741 interjectos,

73 1752 201 1782 omissis
217 1753 354 1784 ceteris.
401 1754 496 1784 Bene
524 1754 672 1784 Dorvill.
702 1764 785 1784 suos-

74 1811 130 1842 que
145 1805 199 1833 aut
212 1802 321 1840 interf.
348 1807 403 1834 ant
420 1803 564 1843 fugatos,
581 1804 669 1844 quod
687 1813 784 1844 repo-

75 1861 158 1884 nere
174 1863 239 1884 uon
256 1853 410 1885 dubitavi
426 1864 434 1884 :
466 1864 496 1885 c.
514 1857 567 1885 85.
592 1855 600 1871 ‘
620 1855 783 1895 Reliquos

75 1908 134 1934 aut
158 1903 336 1935 interfecit
362 1909 422 1935 aut
447 1904 615 1945 recepit:’
649 1910 684 1936 et
710 1905 783 1935 mil-

77 1952 148 1983 lies.

118 2005 154 2034 ll
181 2003 297 2034 IlIanus
312 2004 468 2046 intulisse]
507 2005 558 2035 Ex
576 2005 644 2035 Ms.
662 2004 778 2036 Ursin.

73 2052 255 2093 legendum
282 2055 489 2087 crediderim
522 2055 623 2086 Uticae
647 2055 710 2086 sibi
735 2056 780 2096 ip-

72 2111 139 2133 sum
169 2114 275 2135 manus
299 2106 453 2144 attulisse,
478 2105 534 2147 qui
562 2115 638 2137 cum
666 2106 780 2146 paullo

76 2152 184 2183 rarior
214 2154 374 2194 loquendi
404 2155 535 2195 modus,
564 2155 720 2196 Librarii,
742 2161 781 2187 ut

74 2202 126 2242 fit,
152 2204 185 2234 in
210 2205 376 2236 notiorem
398 2205 576 2237 formulam
593 2212 779 2238 mutarunt.

75 2254 229 2295 Scriptor
255 2256 296 2286 B.
322 2256 424 2297 Hisp.
449 2267 479 2288 c.
495 2259 549 2288 42.
574 2258 583 2274 ‘
602 2258 725 2297 Populi
739 2259 781 2290 R.

75 2304 334 2345 magistratibus
363 2306 590 2337 sacrosanctis
621 2316 782 2338 manus-—

76 2354 259 2386 attulistis.y
316 2355 420 2387 Corn.
435 2356 551 2396 Nepos
567 2356 687 2388 Timol.
704 2366 735 2388 c.
752 2361 781 2389 1.

76 2407 107 2435 4.
129 2404 138 2420 ‘
155 2404 234 2446 Ipse
251 2414 315 2436 non
332 2405 432 2437 modo
457 2415 577 2449 manus
602 2416 667 2437 uon
691 2411 780 2439 attu-

73 2453 138 2485 lit!
196 2456 319 2487 Cicero
350 2455 451 2488 Offic.
480 2466 505 2488 1.
537 2460 568 2488 7.
593 2458 601 2473 ‘
621 2457 655 2488 Is
684 2459 779 2499 quasi

76 2512 193 2536 manus
223 2505 345 2537 afferre
375 2507 511 2538 videtur
541 2509 658 2540 socio!
724 2510 781 2541 Sic

77 2554 180 2588 etiam
204 2555 338 2587 locutus
366 2562 420 2588 est
449 2558 582 2589 Seneca
608 2558 651 2589 de
677 2559 781 2590 Brev.

78 2603 156 2634 vitae
174 2608 249 2637 αδ.
274 2607 386 2639 Duris.
430 2609 596 2640 Attulisse.
638 2610 694 2641 Sic
714 2611 782 2642 Ms.

81 2652 207 2693 Ursini,
231 2656 319 2696 quod
347 2658 470 2697 probat
498 2658 670 2690 Davisius.
723 2660 781 2692 Al.

81 2702 196 2734 Mms
227 2706 282 2736 vel
317 2717 440 2738 manum
473 2708 626 2740 intulisse.
672 2710 780 2743 Clark.

82 2752 210 2783 ,licinum
233 2753 374 2787 intulisse
401 2756 496 2789 Leid.
515 2767 566 2798 pr.
607 2759 676 2791 Sed
697 2763 780 2793 attu-

1432 195 1542 237 1641

838 295 910 324 lisse
940 295 1119 325 Petaviuni
1151 305 1294 336 quoqne.
1350 297 1479 329 Seneca
1501 300 1545 330 de

839 344 925 374 Ben.
953 353 985 374 v.
1011 348 1062 375 15.
1086 345 1182 384 ‘Ipsi
1209 345 1331 385 patriae
1358 356 1474 378 manus
1498 349 1545 379 af-

839 393 939 424 ferre’
968 400 1004 426 et
1028 396 1174 435 saepius;
1214 400 1317 435 atquc
1343 397 1388 426 ita
1419 399 1542 436 passim

839 445 900 474 rim
915 444 1048 482 adferre.
1095 445 1162 476 Adi
1180 446 1252 477 Cel.
1274 446 1392 476 Heius.
1409 452 1442 476 et
1460 448 1543 478 Bur-

841 503 950 525 mann.
969 495 1010 525 ad
1029 495 1132 525 ovid.
1151 496 1262 536 Epist.
1282 496 1363 527 Her.
1383 505 1474 528 xvu.
1491 501 1545 528 21.

839 545 929 575 Dein
965 546 1003 576 ab
1036 546 1159 586 suisque
1190 547 1324 577 restitui
1355 556 1372 577 e
1406 547 1483 578 Pet.
1509 553 1545 578 et

840 595 946 624 Dorv.
974 606 994 625 a
1019 596 1142 635 suisque
1159 596 1353 635 heldenses,
1369 597 1484 628 Ursin.
1509 601 1545 628 et

838 644 926 676 Edd.
944 645 1062 684 primae
1081 646 1217 676 liabent.
1267 647 1378 686 Vulgo
1393 658 1411 677 ιι
1425 648 1499 679 suis.

883 697 920 724 14
948 695 1011 729 Qui
1026 695 1085 725 sibi
1098 696 1219 736 suisque
1232 696 1338 727 liberis
1352 698 1546 738 prodessent]

837 744 893 775 Sic
925 744 1153 775 Recentiores
1183 745 1270 777 Edd.
1306 746 1443 786 liabent,
1482 758 1543 788 pro

837 805 916 833 (μα),
933 795 1022 835 quod
1040 796 1144 826 estin
1163 797 1247 826 Mss.
1265 801 1299 827 et
1316 797 1404 829 Edd.
1426 798 1546 838 priori·

838 845 911 884 bus,
936 851 972 876 nt
995 850 1030 877 et
1053 846 1230 885 Jungerm.
1259 847 1381 878 Cellar.
1427 848 1543 880 Quare

837 896 872 926 id
903 896 1046 935 reddidi,
1076 897 1158 927 licet
1189 897 1292 928 sciam
1323 899 1375 938 qui
1403 898 1541 929 defendi

837 956 936 987 posse
954 957 1015 988 per
1037 948 1229 988 Syntliesin.
1283 948 1323 979 In
1348 949 1428 979 Pet.
1457 948 1543 980 Cod.

837 998 1000 1028 scribitur
1039 1009 1105 1038 ‹111oe
1145 1009 1170 1029 8.
1201 1009 1226 1029 s.
1256 1000 1277 1030 I.
1317 1000 1457 1030 tutandis
1491 1009 1542 1039 pr.

838 1047 876 1078 In
895 1049 1041 1079 Dorvill.
1069 1054 1104 1080 ct
1133 1049 1219 1080 Edd.
1248 1050 1365 1089 primis
1392 1060 1460 1089 quoe
1483 1050 1544 1080 sibi

836 1099 924 1136 prod.
949 1099 1068 1138 suisque
1085 1099 1138 1129 lib.
1184 1099 1368 1130 Prodessent
1396 1100 1428 1130 in
1452 1100 1542 1131 Scal.

836 1156 902 1176 non
941 1152 1125 1186 comparet.
1193 1150 1339 1189 Egregie
1375 1151 1543 1181 sinceram

838 1195 942 1226 Hirtii
959 1206 1093 1227 manum
1112 1197 1247 1227 videtur
1264 1208 1417 1229 servasse
1444 1200 1542 1231 Leid.

836 1246 964 1285 primus
979 1258 986 1276 ;
1026 1247 1148 1283 nullas;
1172 1248 1235 1287 ipse
1250 1248 1309 1278 sibi
1324 1250 1445 1289 suisque
1468 1249 1542 1280 libe-

834 1295 880 1325 ris
895 1307 913 1326 ιι
929 1297 1075 1335 Caninio,
1087 1298 1139 1336 850.
1154 1298 1223 1339 fide
1239 1302 1374 1338 accepta.
1420 1299 1541 1331 Celsus

833 1346 893 1375 sibi
907 1347 1030 1386 suisque
1046 1348 1151 1378 liberis
1162 1351 1318 1380 cousulens
1327 1360 1395 1382 cum
1410 1351 1543 1382 Caninio

834 1397 931 1427 citam
944 1398 1078 1437 pepigit.

878 1456 976 1478 xcrv.
996 1452 1008 1479 l
1036 1449 1133 1489 Jahn]
1178 1450 1289 1481 Deest
1307 1450 1340 1481 in
1358 1451 1441 1482 Mss.
1457 1451 1541 1491 Reg.

835 1502 870 1528 et
886 1498 1027 1528 Elieusi.
1073 1500 1117 1529 Et
1132 1499 1250 1530 deesse
1269 1505 1397 1540 potest.
1435 1502 1542 1533 Clark.

833 1546 944 1578 Abest
961 1558 1094 1589 quoque
1110 1558 1129 1578 a
1144 1549 1368 1581 Leidensibus
1383 1556 1419 1582 et
1432 1552 1540 1582 Dorv.

834 1597 901 1627 Sed
919 1603 955 1628 et
971 1607 1000 1629 c.
1015 1601 1068 1629 91.
1094 1600 1102 1615 ‘
1122 1600 1195 1629 Rex
1212 1599 1349 1631 interim
1362 1601 1475 1633 Jubass

877 1650 896 1678 ⁸.)
923 1648 1029 1682 Quum
1045 1649 1114 1687 jam
1142 1653 1268 1681 conatus
1288 1651 1381 1691 esset]
1426 1651 1541 1684 Hasce

833 1707 934 1728 voces
950 1699 1113 1729 delendas
1130 1701 1264 1731 censuit
1281 1701 1353 1732 Jos.
1371 1701 1541 1742 Scaliger;

835 1752 961 1779 temere
973 1749 1081 1788 nimis,
1096 1759 1172 1780 cum
1182 1760 1237 1781 eas
1251 1751 1423 1781 retineant
1437 1752 1520 1783 Mss.
1530 1763 1540 1783 ε

833 1799 926 1829 ulcus
942 1805 1055 1830 tamen
1074 1805 1127 1831 est
1144 1801 1176 1830 in
1195 1801 1321 1840 verbis,
1344 1802 1397 1833 cui
1421 1811 1542 1832 sanan-

834 1849 876 1879 do
894 1858 1033 1889 operam
1054 1857 1221 1882 navarunt
1236 1852 1382 1891 plurimi.
1428 1853 1478 1883 M.
1496 1851 1539 1883 Α.

833 1899 990 1930 Muretus
1019 1900 1061 1930 ad
1089 1902 1227 1932 Senecae
1252 1902 1296 1932 de
1322 1902 1427 1933 Prov.
1452 1912 1484 1933 c.
1507 1905 1540 1934 2.

831 1949 916 1989 legit
932 1959 1026 1989 quum
1041 1950 1144 1980 omnia
1159 1955 1286 1981 conatus
1305 1955 1406 1987 esset;
1439 1952 1540 1984 Joan.

832 1999 1078 2040 Glandorpius,
1093 1994 1220 2042 quidue
1237 2011 1314 2033 eum
1340 2012 1408 2034 non
1435 2004 1541 2034 nomi-

830 2055 948 2080 natum
970 2051 1092 2090 passim
1118 2051 1314 2092 exscripsit,
1340 2053 1442 2085 Joan.
1472 2053 1541 2084 Go-

831 2100 966 2140 duinus,
981 2105 1152 2142 reponunt
1170 2112 1264 2142 quum
1277 2103 1346 2141 jam
1363 2105 1542 2134 convivatus

831 2156 919 2193 esset,
944 2159 980 2184 et
1006 2153 1077 2184 baec
1101 2163 1181 2185 saue
1197 2155 1398 2195 conjectura
1412 2154 1540 2186 firmari

831 2207 947 2243 potest
960 2213 1004 2234 ex
1021 2204 1112 2235 Flori
1129 2213 1180 2235 lv.
1193 2207 1225 2235 2.
1239 2207 1292 2236 69.
1310 2206 1367 2246 qui
1382 2211 1541 2246 testatur,

830 2254 850 2286 J
857 2254 956 2285 ubam
970 2259 1007 2286 et
1026 2255 1201 2286 Petreium
1219 2256 1332 2295 paullo
1358 2260 1437 2287 ante
1457 2266 1540 2297 pug-

831 2313 909 2335 nam
931 2303 1111 2344 magnifice
1133 2305 1290 2344 epulatos
1307 2314 1394 2337 esse.
1440 2306 1539 2339 Illam

832 2358 946 2386 tamen
976 2355 1248 2388 emendationem
1281 2358 1435 2398 repudio,
1459 2359 1540 2401 qnia

831 2406 971 2437 nimium
988 2406 1059 2437 abit
1077 2417 1096 2438 a
1117 2407 1276 2438 lectionis
1299 2414 1449 2450 receptae
1466 2420 1540 2441 vcs-

832 2456 938 2498 tigiis,
953 2462 990 2488 et
1004 2457 1106 2488 unice
1122 2458 1311 2498 amplector
1336 2459 1400 2490 Ph.
1425 2461 1539 2492 Rube-

833 2507 881 2538 nii
895 2508 1175 2547 hariolationem;
1210 2508 1236 2539 is
1260 2509 1350 2540 euim
1375 2510 1487 2541 Elect.
1510 2519 1536 2541 1.

834 2561 885 2590 10.
910 2558 1048 2590 minima
1069 2559 1255 2591 mutatione
1272 2560 1430 2591 rescribit
1445 2570 1538 2600 quum

824 2609 896 2648 jum
925 2612 1058 2640 coenahts
1086 2613 1173 2642 esset.
1232 2611 1349 2648 Certe,
1384 2619 1460 2640 cum
1495 2610 1536 2641 L.

832 2659 1011 2700 Ampelius
1036 2660 1181 2691 Memor.
1208 2669 1239 2692 c.
1269 2662 1320 2690 38.
1345 2659 1426 2697 aiat,
1451 2662 1459 2675 ‘
1475 2660 1537 2691 Ju-

833 2709 911 2741 bam
944 2713 1015 2750 post
1043 2710 1239 2750 magnificam
1269 2719 1384 2739 coenam
1410 2709 1538 2740 interfi-

832 2759 993 2792 ciendum
1007 2769 1043 2790 se
1066 2758 1220 2799 dedisse,'
1241 2757 1465 2799 proculdubio
1481 2769 1536 2791 ve-
