1850 3109
368 192 461 222 mn.
494 191 565 221 111.
598 190 701 219 car.
734 179 774 220 1.
808 190 871 219 m:
904 190 1060 219 nunno
1093 192 1262 222 cuim.

93 285 192 315 tionis
208 284 281 324 ojus
297 285 443 316 veritato
460 293 524 315 non
541 284 705 316 dubitem.
722 285 788 315 Ve-

93 343 162 365 mm
178 334 421 365 Accusativnm
439 334 492 365 hic
512 344 576 364 uon
594 335 787 374 proscribo;

92 384 200 416 dont-c
229 385 360 425 aliquis,
387 390 423 415 nt
451 386 532 424 dixi,
559 385 676 416 Codex
699 386 789 416 alind

92 434 243 465 suadeat.
290 434 388 470 vide,
407 445 488 476 quos
506 435 620 466 laudat
639 436 787 466 Broukli.

92 484 133 515 ad
148 484 268 515 Tibull.
305 484 405 515 Adde
430 485 471 515 ad
499 486 626 517 Lucan.
654 495 708 517 1¹1.
736 489 789 517 32.

91 538 99 549 ¹
115 534 193 564 mihi
211 543 334 573 genero
358 543 424 564 non
449 545 523 566 esse
547 535 685 567 licebit!
714 536 788 567 Val.

92 584 183 614 Mat.
216 593 263 614 ir.
290 587 341 615 75.
366 585 444 616 Ext.
484 586 561 617 ‘cui
600 595 717 616 securo
746 586 792 616 vi-

90 643 168 664 xere
195 634 323 667 licebat
334 635 354 673 ς’
381 636 500 678 quibus
517 639 599 669 locis
617 639 718 670 ctiam
736 649 790 670 va-

89 688 178 718 riant
207 687 314 719 Codd.
341 697 374 719 v.
406 691 477 720 154.
503 690 511 706 ‘
529 690 555 720 si
580 690 640 721 tibi
665 690 791 721 incolu-

89 747 176 768 mem
192 741 282 767 stare
298 736 347 768 fas
363 747 430 768 non
447 739 544 779 crat‚’
567 740 598 770 in
621 741 706 771 Mss.
724 751 791 771 om-

90 790 197 821 nibus.
242 789 336 821 Infra
354 791 393 822 Β.
414 791 513 832 Hisp.
540 801 570 822 c.
590 794 642 822 22.
671 793 732 823 ‘ut
760 791 790 822 ci

90 840 209 871 liceret
226 841 373 879 legatum
391 841 579 881 proficisci)

131 894 149 920 5
179 890 240 920 I'rr
263 900 312 920 eos
339 891 455 934 fierent
481 892 699 922 ‹estimationes
724 902 791 932 pos-

90 940 269 980 xessimzum]
293 942 473 972 Suetonius
503 942 536 972 in
563 943 680 974 sulio:
708 944 716 959 ‘
735 943 791 973 de-

91 991 197 1020 crevit
228 991 378 1029 tandem,
409 996 447 1022 nt
477 992 653 1023 debitores
683 992 792 1023 credi-

91 1039 220 1070 toribus
245 1040 484 1072 satisfacerent
509 1051 570 1081 per
597 1042 790 1073 aestimatio-

90 1100 166 1121 nem
193 1091 452 1130 possessionum,
491 1092 609 1132 quanti
641 1102 790 1132 quasque

90 1145 169 1171 ante
185 1140 284 1171 civile
300 1141 424 1172 bellum
441 1146 703 1181 comparassent,
733 1142 789 1172 de-

90 1191 192 1222 ducta
207 1200 335 1221 summa
353 1191 429 1221 aeris
447 1191 560 1229 alieni,
584 1191 695 1232 siquid
714 1201 790 1221 usu-

90 1250 135 1270 rae
153 1240 285 1271 nomine
301 1246 513 1272 numeratum
542 1246 600 1272 aut
624 1242 792 1282 perscrip-

92 1297 162 1320 tum
189 1289 331 1321 fuisset)
374 1291 538 1322 Deducto
564 1302 604 1322 eo
627 1293 675 1322 ait
701 1292 791 1333 quod

92 1351 201 1372 usurae
215 1342 347 1373 nomine
359 1346 569 1372 numeratum
586 1341 718 1380 fuisset,
734 1346 791 1372 aut

91 1392 318 1432 perscriptum
334 1403 340 1422 :
367 1402 441 1423 nam
459 1402 596 1424 versura
609 1393 717 1433 primo
733 1402 792 1423 un-

93 1442 197 1473 ciaria
213 1446 265 1482 (ut
282 1452 323 1473 ex
338 1442 454 1474 Tacito
471 1443 492 1473 l.
516 1451 566 1473 1¹1.
611 1442 792 1473 Annalium

93 1493 267 1533 discimus)
297 1493 473 1534 permissa,
507 1494 629 1525 deinde
663 1494 704 1525 ad
743 1504 792 1525 se-

93 1545 240 1576 muncias
278 1545 428 1586 redacta,
464 1551 636 1586 postremo
670 1546 791 1577 vetita.

92 1595 200 1627 Miror
209 1601 321 1627 antem
331 1596 537 1636 Scaligerum
547 1596 660 1627 dicere
669 1596 794 1627 iucom-

93 1650 224 1686 pertam
255 1647 318 1677 sibi
350 1647 532 1678 unciariam
562 1647 686 1686 legem,
717 1656 792 1677 cum

93 1701 221 1736 praeter
236 1697 394 1727 Tacitum
411 1696 564 1727 disertim
587 1697 660 1736 ejus
681 1697 794 1727 memi-

94 1747 182 1777 nerit
213 1747 338 1786 Livius,
369 1747 503 1788 aliique.
553 1747 662 1778 Porro
700 1746 796 1777 addit

95 1797 162 1828 Dio
188 1797 210 1827 l.
234 1805 300 1827 xit.
326 1808 358 1837 p.
376 1800 448 1827 159.
472 1797 534 1828 hoc
551 1802 706 1837 tempore
723 1797 795 1828 Ca*-

95 1856 203 1879 sarem
228 1847 337 1887 legem
366 1848 495 1886 tulisse,
523 1848 641 1887 nequis
664 1847 696 1877 in
715 1856 794 1878 auro

95 1897 147 1928 vel
165 1903 307 1937 argento
323 1897 511 1937 possideret
528 1898 600 1937 plus
618 1907 716 1937 quam
738 1906 794 1929 Lx.

94 1947 299 1978 sestertium.
330 1947 445 1978 Verba
475 1952 573 1978 suut:
606 1946 727 1984 Ἐπειδή
759 1959 795 1977 τε

95 1997 203 2036 συχνοὶ
218 1997 324 2028 πολλὰ
339 1995 483 2037 χρήματά
497 2009 532 2027 τε
550 1996 635 2037 ἔχειν
649 1998 699 2028 καὶ
721 1996 796 2028 πάν-

94 2060 136 2078 τα
163 2047 240 2078 αὐτὰ
264 2046 468 2087 ἀποκρύπτειν
496 2046 657 2086 ἐλέγοντο,
679 2047 796 2086 ἀπηγό-

95 2109 196 2138 ρευσε,
210 2096 325 2136 μηδένα
338 2099 446 2128 πλεῖον
464 2098 724 2137 πεντακισχιλίων
747 2099 797 2129 καὶ

96 2149 206 2189 μυρίων
221 2148 363 2188 δραχμῶν
379 2149 410 2178 ἐν
426 2148 595 2189 ἀργυρίουῆ
618 2149 667 2179 καὶ
682 2149 798 2190 χρυσίῳ

97 2200 273 2235 κεκτῆσθαι.
320 2198 378 2228 Ait
411 2198 642 2229 Hotomaunus
671 2210 797 2241 nequa-

98 2257 197 2289 qnam
225 2258 259 2278 se
283 2247 315 2277 id
340 2247 551 2287 intelligere:
578 2249 666 2289 quod
682 2250 798 2289 miror,

98 2307 175 2329 cum
191 2298 341 2329 disertim
354 2298 490 2328 Tacitus
505 2303 601 2329 sexto
619 2298 798 2330 Annalium

98 2348 227 2380 scribat
243 2361 249 2378 ι
274 2350 283 2364 ‘
302 2348 440 2379 Interea
455 2359 573 2389 magna
595 2350 644 2379 vis
665 2360 799 2381 accusa-

99 2406 210 2430 torum
243 2399 276 2429 iu
303 2409 361 2429 eos
387 2399 528 2439 inrupit,
556 2400 611 2440 qui
637 2401 798 2440 pecunias

98 2447 227 2480 foenorc
243 2448 468 2488 auctitabant,
496 2449 671 2480 adversum
689 2450 797 2491 legem

100 2498 278 2530 dictatoris
296 2499 452 2539 Caesaris,
471 2511 536 2541 qua
552 2501 594 2531 de
611 2501 711 2531 modo
726 2511 797 2532 cre-

101 2548 201 2579 dendi
217 2549 475 2591 possidendique
489 2550 579 2580 iutra
597 2551 730 2581 Italiam
746 2560 799 2582 ca-

101 2602 219 2636 vetur;
251 2599 407 2630 omissam
436 2601 528 2639 olim,
559 2601 636 2642 quia
665 2602 798 2641 privato

102 2648 175 2678 nsui
203 2639 328 2680 ¹bonum
357 2650 530 2690 publicum
560 2651 802 2692 postponitur!

103 2697 149 2728 D.
170 2698 300 2730 Vossius.

128 2749 166 2778 ·6
190 2747 326 2788 Quoeque
339 2749 491 2790 fuissent]
514 2752 648 2783 Nomen
677 2752 800 2792 quisque

187 2800 302 2840 Delph.
316 2804 347 2831 et
366 2802 440 2833 Vur.
458 2805 542 2835 Clas.

771 2806 878 2836 Coesar

1434 186 1542 228 1411

842 284 874 315 in
893 285 1054 323 singulari
1074 286 1173 326 jungi
1191 296 1266 317 cum
1290 287 1394 319 verbo
1422 290 1545 330 plurali

842 335 1052 365 notissimum
1071 341 1137 374 est,
1164 342 1198 367 et
1223 337 1369 369 vidimus
1393 339 1493 370 ctiam
1512 341 1544 371 in

843 385 978 417 Caesarc
1011 387 1051 417 ad
1081 396 1104 417 ι.
1136 389 1186 418 39.
1233 387 1341 420 Immo
1365 394 1400 420 et
1423 400 1546 431 quoeque

843 441 955 476 potest
981 447 1053 468 esse
1082 438 1242 478 pluralis:
1269 448 1372 480 qnare
1396 439 1477 470 nibil
1499 440 1547 471 in-

842 495 939 516 novo.
985 487 1051 517 Sed
1071 487 1179 519 Codd.
1196 488 1316 529 optimi
1335 488 1458 520 Petav.
1484 490 1547 521 Lo-

842 546 918 567 van.
947 537 1043 569 Leid.
1069 548 1120 578 pr.
1146 548 1214 570 sec.
1240 539 1315 571 Pal.
1337 540 1446 581 Bong.
1465 541 1548 572 dant

833 586 961 624 suisset.
1009 587 1165 619 Praefcro
1183 589 1216 619 id
1242 599 1398 631 quoquc:
1423 591 1548 632 quisque

843 637 975 677 quaudo
992 637 1114 678 plurali
1131 639 1298 679 jungitur,
1319 646 1416 672 notat
1433 641 1547 681 plnres

843 687 940 718 simul
957 698 964 717 z
993 688 1048 719 hic
1062 697 1143 719 vero
1161 690 1300 730 singulo:
1318 691 1546 731 possessiones

841 738 1025 776 separatim
1043 738 1312 780 aestimabantur,
1328 741 1444 781 quanti
1459 751 1549 782 quae-

842 796 905 827 que
920 786 1054 827 fuisset,
1082 792 1118 820 et
1146 793 1226 820 tunc
1251 799 1300 820 eae
1327 791 1548 822 tradebantur

842 837 1090 869 creditoribus:
1131 839 1209 870 dein
1245 840 1279 870 in
1317 840 1439 872 Petav.
1472 842 1548 873 Pal.

841 887 949 925 Bong.
980 892 1016 918 et
1045 888 1191 919 Dorvill.
1215 899 1290 921 cum
1315 890 1402 922 Edd.
1431 892 1547 932 primis

842 937 1004 968 scribitur
1020 948 1055 969 ea
1071 938 1103 969 in
1121 943 1255 970 neutro.
1284 941 1442 972 Pertinet
1458 941 1548 974 enim

842 991 911 1016 tam
942 987 983 1017 ad
1007 997 1067 1027 res,
1096 998 1195 1029 quam
1214 991 1425 1030 possessiones.
1473 992 1548 1022 Nec

842 1045 916 1066 raro
932 1037 966 1067 in
981 1037 1106 1069 talibus
1124 1045 1238 1071 amant
1262 1040 1448 1081 scriptores
1471 1042 1548 1073 snb-

834 1087 980 1127 jungere
997 1098 1102 1129 genus
1119 1095 1287 1122 neutrum.
1316 1091 1404 1123 Vide
1433 1092 1475 1123 ad
1503 1093 1547 1124 Β.

841 1137 913 1167 Civ.
930 1146 954 1167 1.
972 1141 1003 1168 7.
1062 1139 1103 1169 In
1115 1139 1211 1170 Leid.
1229 1150 1295 1172 sec.
1310 1141 1408 1173 deest
1424 1151 1546 1182 prono-

840 1195 929 1225 men,
952 1186 984 1216 in
1002 1187 1128 1218 Lovan.
1145 1193 1197 1219 est
1213 1199 1289 1220 ecce.

884 1239 903 1266 8
929 1237 1083 1268 Timorem
1100 1248 1248 1269 novarum
1263 1239 1452 1281 tabularum]
1479 1243 1549 1273 No-

843 1296 898 1316 vas
915 1287 1046 1318 tabulas
1063 1288 1177 1320 Graeci
1191 1291 1292 1329 χρεῶν
1318 1291 1478 1329 ἀποκοπὴν
1494 1303 1550 1324 vo-

841 1342 931 1367 cant.
977 1338 1183 1369 Plutarchus
1209 1338 1419 1379 σεισάχθειαν,
1453 1344 1549 1383 quasi

841 1388 943 1418 oneris
958 1390 1166 1420 excussionem
1182 1390 1275 1422 dicas
1291 1403 1298 1422 :
1324 1392 1402 1432 quia
1431 1393 1550 1432 priori-

844 1439 904 1469 bus
921 1439 1044 1471 debitis
1061 1441 1281 1477 solvebantur
1297 1442 1483 1483 debitores,
1514 1449 1550 1475 et

843 1500 937 1521 novae
955 1490 1227 1523 conficiebantur
1242 1493 1379 1525 tabulae.
1430 1495 1512 1525 ross.

887 1544 927 1572 16
952 1541 1016 1576 Qui
1042 1552 1074 1573 se
1100 1542 1174 1583 eta]
1212 1545 1383 1575 Emendat
1409 1545 1550 1576 Ciacco-

843 1591 927 1631 nius,
943 1593 1020 1632 quod
1038 1603 1081 1633 se,
1103 1595 1154 1632 fise.
1183 1594 1260 1635 quia
1284 1595 1372 1626 ratio
1394 1595 1551 1626 redditur

845 1652 963 1683 quare,
979 1645 1044 1674 ἃς.
1089 1644 1157 1674 Sed
1174 1649 1209 1675 et
1225 1645 1278 1685 qui
1290 1647 1398 1688 se,§·c.
1421 1645 1453 1675 in
1472 1655 1552 1676 ean-

844 1694 922 1724 dem
939 1695 1144 1726 senteutiam
1161 1697 1273 1736 accipi
1291 1701 1416 1736 potest.
1443 1697 1552 1727 Clark.

845 1744 1013 1775 Gruterus
1030 1755 1048 1776 e
1061 1747 1264 1785 compendio
1281 1747 1461 1787 scripturae
1478 1756 1553 1787 quo-

843 1795 927 1824 ιιὶιιιη
951 1795 1073 1825 abiisse
1096 1795 1128 1825 in
1152 1796 1203 1836 qui
1227 1797 1379 1837 conjicit.
1424 1797 1465 1827 In
1488 1797 1552 1828 Lo-

846 1854 920 1874 van.
938 1845 1031 1885 legas
1047 1856 1122 1885 quas
1138 1846 1185 1877 illi
1198 1859 1211 1884 ;
1235 1848 1330 1888 quasi
1353 1847 1456 1878 fuerit
1479 1848 1552 1888 quia

843 1904 874 1925 se
904 1895 924 1926 ἰ.
970 1895 1091 1927 Posset
1119 1901 1154 1927 et
1181 1897 1284 1928 scribi
1307 1898 1418 1938 quique
1440 1908 1472 1928 se
1491 1898 1550 1929 illi.

844 1946 967 1977 Paullo
987 1951 1066 1977 ante
1089 1957 1152 1987 pro
1176 1948 1208 1978 in
1232 1947 1305 1978 urbe
1331 1949 1494 1979 scribitur
1518 1948 1552 1979 in

846 1996 930 2026 Mss.
959 1996 1105 2036 Bromii,
1125 1997 1249 2038 Scalig.
1278 1998 1340 2029 Ed.
1364 1999 1495 2039 Gryph.
1521 1999 1553 2030 in

845 2046 949 2077 urbem
976 2047 1048 2078 sive
1073 2052 1194 2079 contra
1220 2048 1349 2080 urbem.
1395 2049 1465 2080 Alii
1485 2050 1554 2081 edi-

846 2097 971 2129 derunt
986 2099 1025 2128 ad
1046 2099 1171 2130 Urbem.
1217 2100 1285 2131 Sed
1305 2102 1402 2132 male.
1449 2101 1555 2132 Intel-

847 2148 921 2188 ligit
939 2149 1028 2179 enim
1051 2159 1188 2189 annum,
1205 2161 1270 2191 quo
1294 2151 1479 2192 Pompeius
1503 2162 1555 2184 so-

847 2199 898 2228 lus
923 2200 1047 2230 Consul
1074 2200 1116 2230 ob
1144 2201 1272 2231 caedem
1298 2202 1494 2233 Clodianam
1522 2203 1555 2233 in

852 2249 935 2280 Urbe
952 2250 1076 2280 milites
1096 2256 1243 2281 armatos
1267 2252 1396 2290 habuit,
1414 2258 1450 2283 ut
1468 2253 1554 2283 bene

849 2300 989 2339 exponit
1008 2301 1222 2341 ctat-conius,
1244 2306 1281 2333 ct
1305 2312 1359 2333 res
1383 2307 1435 2333 est
1451 2302 1554 2334 notis-

850 2350 944 2380 sima.

892 2403 932 2430 18
959 2400 1105 2440 Perinde]
1137 2401 1258 2432 Petav.
1287 2402 1382 2433 Leid.
1413 2412 1465 2443 pr.
1490 2404 1554 2434 Lo-

846 2445 921 2481 vau]
939 2455 975 2481 et
990 2453 1023 2481 4.
1051 2452 1107 2481 alii
1132 2461 1173 2482 ex
1198 2453 1279 2483 meis·
1297 2453 1379 2484 dant
1403 2454 1553 2484 Proinde.

849 2501 949 2532 Quod
965 2501 1090 2532 idcirco
1106 2512 1171 2532 nou
1189 2503 1283 2542 potui
1299 2512 1364 2533 non
1385 2503 1553 2542 recipere.

848 2552 967 2591 Nepos
984 2552 1017 2581 in
1043 2552 1122 2592 Lys.
1149 2562 1178 2583 c.
1203 2555 1234 2583 2.
1260 2556 1268 2570 ⁴
1287 2553 1439 2583 Proinde
1465 2562 1502 2583 ac
1527 2553 1555 2582 si

848 2601 950 2632 iidem
966 2602 1138 2641 solereut‚’
1160 2606 1221 2633 &a
1268 2603 1308 2633 ln
1336 2603 1444 2633 Alcib.
1470 2611 1500 2631 c.
1522 2604 1554 2632 6.

850 2653 858 2668 ‘
879 2652 1020 2691 proinde
1038 2662 1077 2682 ac
1094 2653 1120 2682 si
1137 2654 1227 2683 soius
1244 2652 1462 2683 advenisset!
1498 2651 1555 2682 Sic

851 2702 938 2732 enim
957 2699 1038 2732 Mss.
1062 2703 1210 2743 quidam,
1227 2709 1261 2733 et
1276 2702 1359 2732 ibid.
1385 2704 1393 2717 ‘
1413 2701 1555 2741 proinde

852 2761 891 2783 ac
914 2752 940 2783 si
962 2752 1047 2783 alius
1071 2753 1241 2793 populus!
1287 2753 1332 2783 Et
1354 2752 1403 2782 ita
1419 2751 1555 2792 passim.

1397 2807 1416 2836 4
1438 2805 1470 2838 Υ
