1850 3109
511 223 572 253 DE
618 221 729 250 vr'rA
762 221 894 250 sunu
928 220 1161 250 cAESAms.
1453 211 1563 253 1819

111 319 273 357 vinciam
293 317 472 367 adeptus,
496 329 583 353 mox
606 329 694 353 cum
727 316 770 352 L.
796 315 987 352 Domitius
1017 314 1226 352 consularis
1245 313 1477 351 candidatus
1496 315 1565 352 mi-

113 390 278 426 naretur,
301 381 331 418 si
363 380 412 418 ad
447 379 688 417 consulatum
713 379 940 428 perveniret,
960 386 995 415 et
1018 378 1286 429 inquisiturum
1307 384 1441 415 contra
1459 390 1562 420 eum,

111 454 148 483 et
182 446 254 482 sibi
282 445 473 482 exercitus
504 445 792 492 adempturum:
823 443 941 493 ipsius
972 456 1129 492 quoque
1164 441 1349 492 Pompeii,
1383 441 1496 479 simul
1528 448 1565 478 et

113 509 236 546 Marci
257 509 383 546 Crassi
413 521 543 557 opera,
566 515 600 544 et
623 507 878 544 adversarium
901 520 923 543 a
944 507 1146 544 consulatu
1168 506 1321 555 repulit,
1343 513 1379 543 et
1400 504 1566 542 obtinuit

111 573 182 609 sibi
218 572 420 622 imperium
460 573 495 608 in
531 571 837 620 quinquennium
877 570 1094 620 prorogari:
1139 569 1280 618 quibus
1319 568 1486 606 obtentis
1519 580 1566 606 eo

113 636 268 674 tiduciae
287 644 341 673 est
358 643 528 679 evectus,
546 641 586 671 ut
600 634 681 683 jam
704 634 797 670 nibil
819 633 892 669 sibi
911 631 1069 670 credens
1093 632 1327 682 impossibile
1342 638 1380 669 et
1399 631 1566 682 legiones

112 712 228 736 novas
249 700 478 736 auctoritaie
499 711 568 735 sua
589 698 785 741 scriberet,
820 696 932 746 [173]
965 703 1003 734 et
1036 696 1126 732 nihil
1160 696 1264 745 quod
1285 696 1318 732 ei
1339 696 1375 732 in
1396 695 1565 733 animum

112 763 287 807 venisset,
309 763 463 812 aggredi
486 769 689 799 vereretur.
747 762 899 804 Quibus
920 761 1035 798 rebus
1055 774 1125 810 ego
1145 761 1260 809 culpa
1280 761 1471 798 Caesarem
1490 772 1566 798 non

111 826 282 871 absolvo,
305 827 394 864 fecit
417 825 587 876 quidem,
610 838 684 861 non
708 823 872 869 inficior,
895 825 1036 874 quibus
1057 824 1215 861 liberam
1237 824 1352 860 immo
1372 823 1567 861 dominam

113 891 281 939 gentium
311 890 504 926 civitatem
527 890 563 925 iu
583 896 778 938 stuporem
800 889 922 938 primo
944 894 1031 939 post
1051 888 1087 924 in
1114 889 1206 925 iram
1229 894 1412 926 verteret:
1444 886 1567 924 forum

113 954 218 1003 9⁵'per
238 956 401 991 maxime
434 955 606 1002 impense
640 953 758 1003 coepit
789 960 962 990 extruere
985 966 1005 990 e
1026 952 1228 997 manubiis,
1249 965 1338 1002 quae
1359 964 1436 988 non
1457 948 1570 988 ¹00sui

113 1024 217 1054 erant
240 1017 306 1054 sed
329 1017 464 1066 populi
494 1017 675 1054 Romani:
707 1017 948 1066 disciplinam
982 1016 1193 1061 militarem,
1227 1015 1383 1066 publice
1416 1014 1567 1052 solitam

115 1080 262 1126 doceri,
284 1081 331 1118 ad
355 1094 392 1118 se
415 1081 579 1125 reduxit,
614 1088 654 1117 ut
674 1081 848 1130 privatim
881 1094 950 1118 suo
971 1080 1176 1118 doceretur
1195 1080 1373 1117 arbitrio:
1404 1077 1509 1128 quod
1531 1084 1571 1116 et

114 1145 283 1182 fortassis
304 1145 376 1182 sibi
398 1157 466 1182 suo
490 1145 578 1194 jure
599 1145 758 1189 licuerit,
781 1151 821 1182 ut
842 1146 906 1195 qui
928 1151 1077 1196 partem
1098 1145 1134 1181 in
1154 1144 1236 1193 ejus
1257 1143 1310 1180 rei
1329 1142 1466 1192 peritia
1493 1154 1570 1178 non

115 1208 287 1252 haberet,
307 1208 378 1246 suit
399 1216 526 1246 tamen
547 1216 683 1246 contra
705 1221 826 1246 mores
845 1215 962 1258 atque
985 1207 1158 1244 instituta
1181 1207 1384 1255 majorum,
1406 1217 1570 1255 quorum

113 1284 265 1322 semper
296 1271 622 1310 observantissimi
648 1272 798 1310 fueraut
831 1271 1016 1309 Romani:
1048 1270 1263 1319 legionibus
1285 1270 1321 1306 in
1342 1281 1455 1306 omne
1474 1275 1570 1306 tem-

115 1348 187 1385 pus
220 1336 455 1386 stipendium
490 1335 719 1386 duplicavit:
755 1336 859 1386 quod
894 1335 1054 1385 quidem
1088 1334 1158 1371 etsi
1186 1334 1371 1371 exercitui
1404 1332 1574 1383 gratissi·

117 1412 222 1436 mum
252 1399 380 1445 fuerit,
402 1413 569 1450 eumque
599 1400 782 1437 militibus
804 1400 1066 1437 charissimum
1094 1398 1239 1443 fecerit,
1264 1398 1319 1434 sic
1351 1404 1394 1435 nt
1421 1396 1573 1435 charior

116 1476 227 1501 nemo
261 1477 430 1514 unquam
469 1465 587 1508 alius;
632 1464 1007 1514 sumptuosissimum
1038 1470 1166 1500 tamen
1202 1461 1429 1512 reipublicae
1455 1460 1573 1497 fuisse

116 1540 194 1564 non
224 1528 448 1578 ambigitur:
480 1535 519 1566 et
552 1529 635 1565 liaec
669 1528 826 1578 quidem
857 1529 953 1565 inter
988 1541 1089 1564 suos.
1147 1526 1263 1576 Apud
1300 1532 1449 1563 exteros
1484 1535 1573 1561 vero

115 1604 222 1641 reges
243 1598 453 1641 gentesque
475 1598 613 1641 praeter
646 1592 841 1629 licentiam
863 1595 1024 1628 Senatus
1046 1604 1091 1628 ac
1113 1590 1248 1641 populi
1270 1589 1382 1626 miras
1402 1587 1575 1626 exercuit

117 1655 327 1700 libertates,
347 1668 422 1692 non
459 1662 501 1692 ut
529 1655 609 1692 dux
631 1656 763 1706 populi
799 1657 972 1699 Romani,
1010 1655 1075 1692 sed
1114 1662 1156 1691 ut
1188 1654 1365 1691 dominus
1392 1658 1458 1689 aut
1486 1663 1572 1688 rex:

117 1732 243 1768 neque
265 1719 386 1756 solum
408 1720 445 1756 in
469 1720 590 1766 ltalia,
615 1721 832 1769 Galliisque
854 1726 889 1756 et
912 1718 1110 1768 Hispanis,
1141 1717 1207 1755 sed
1231 1718 1266 1754 in
1288 1717 1382 1754 Asia
1403 1716 1515 1752 etiam
1536 1721 1574 1752 et

118 1783 284 1827 Graecia,
318 1789 357 1820 et
388 1783 489 1820 dona
522 1784 747 1834 'indigentia
781 1791 818 1820 et
850 1783 987 1819 auxilia
1018 1783 1072 1819 eis
1107 1781 1219 1825 misit,
1247 1788 1437 1817 eteorum
1459 1778 1573 1816 urbes

117 1845 311 1895 praeclaris
332 1846 512 1896 operibus
532 1846 754 1884 adornavit:
786 1848 919 1896 ²quem
954 1846 1079 1883 onmia
1112 1845 1182 1882 etsi
1215 1850 1347 1881 contra
1368 1848 1575 1880 consuetu-

117 1910 243 1947 dinem
262 1911 519 1948 Romanorum
541 1912 696 1954 ducum,
719 1911 904 1959 aliterque
925 1922 970 1946 ac
992 1922 1074 1946 mos
1095 1908 1241 1958 patrius
1262 1907 1452 1956 exigebat,
1473 1904 1576 1942 facta

117 1986 192 2010 non
213 1974 440 2023 negaverim,
476 1983 608 2023 posset
641 1982 768 2011 tamen
795 1980 996 2010 excusator
1015 1972 1194 2009 inveniri:
1226 1971 1350 2008 solent
1380 1970 1478 2007 enim
1510 1969 1576 2020 qui

119 2037 268 2086 majora
287 2037 371 2074 aliis
391 2045 522 2087 agunt,
544 2046 583 2076 et
612 2038 762 2087 majora
793 2050 1038 2087 praesumere,
1066 2043 1116 2081 et,
1138 2049 1216 2086 quo
1239 2036 1373 2072 melius
1394 2034 1466 2071 sibi
1487 2039 1576 2070 suut

119 2100 277 2145 conscii,
300 2103 388 2149 plus
407 2102 563 2138 audere.
620 2102 701 2139 Erit
722 2100 885 2138 fortasse
906 2102 972 2150 qui
993 2100 1110 2145 dicat,
1132 2099 1331 2136 tolerabile
1350 2099 1387 2134 in
1410 2098 1574 2140 Caesare,

120 2163 223 2214 quod
246 2165 281 2200 in
298 2163 372 2200 alio
394 2164 569 2212 quolibet
591 2177 666 2201 non
686 2163 840 2201 fuisset:
871 2164 940 2201 erit
962 2177 1008 2200 ex
1028 2163 1182 2200 diverso
1204 2163 1268 2211 qui
1291 2163 1363 2199 hoc
1383 2160 1577 2198 favorabi-

119 2229 206 2265 liter
238 2227 377 2278 potius,
413 2241 529 2277 quam
562 2227 722 2264 civiliter
750 2227 897 2264 dictum
919 2227 1045 2264 dicat:
1076 2226 1302 2264 excellentia
1321 2224 1421 2262 enim
1444 2224 1576 2273 ³cujus

119 2299 158 2330 et
178 2291 248 2329 viri
270 2292 358 2328 boni
380 2304 456 2327 non
478 2291 668 2329 licentiam
691 2291 807 2328 debet
826 2304 977 2341 augere,
1010 2290 1074 2328 sed
1103 2289 1345 2326 modestiam.
1403 2288 1473 2325 His
1495 2296 1578 2325 tan-

119 2355 207 2393 dem
231 2356 441 2404 horumque
462 2354 651 2393 similibus
672 2369 718 2392 ex
738 2356 863 2392 causis
896 2353 1069 2392 '’tandem
1104 2354 1224 2391 latens
1253 2352 1378 2402 erupit
1410 2351 1574 2389 invidia:

120 2417 233 2469 [174]
267 2424 306 2456 et
334 2419 456 2467 primo
479 2419 637 2468 quidem
671 2426 858 2456 tentatum
894 2419 943 2455 ab
973 2417 1120 2455 aemulis
1154 2415 1365 2453 Labienum
1398 2415 1574 2464 legimus,

122 2482 233 2531 cujus
255 2480 392 2518 crebra
413 2482 553 2518 mentio
575 2495 611 2518 m
635 2482 896 2532 superioribus
928 2489 987 2519 est
1021 2481 1166 2526 habita,
1196 2493 1311 2530 quem
1332 2487 1424 2517 tunc
1445 2480 1575 2516 Caesar

122 2544 316 2595 cisalpinae
349 2544 488 2582 Galliae
519 2546 765 2594 praefecerat:
798 2546 903 2597 quod
936 2559 982 2583 eo
1013 2544 1223 2594 spectabat,
1257 2551 1299 2580 ut
1327 2556 1372 2580 eo
1398 2542 1574 2584 alienato,

164 2707 206 2734 99
228 2704 332 2744 Lege,
342 2706 544 2744 pcrmzzximoe
561 2705 822 2745 impensa—100
849 2706 952 2746 Lege,
964 2707 1095 2736 sum—1
1116 2704 1220 2743 Lege,
1238 2700 1453 2740 ingentia—²
1471 2698 1575 2739 Lege,

121 2761 264 2798 quan—8
290 2759 404 2799 Forte,
418 2759 570 2790 civia-4
598 2758 792 2791 nolendum
809 2761 943 2789 tandem.
