1850 3109
438 233 544 262 CAP.
574 219 774 262 31.L1}3.
810 229 872 260 DE
906 230 1063 260 BELLO
1096 230 1295 261 HISPAN.

123 327 237 358 hortea
260 328 290 357 et
311 333 379 356 vm
401 323 507 354 millia
527 323 675 364 equinam.
718 323 826 354 Clark.

125 376 271 407 sohar-tes
300 379 353 406 est
380 374 414 405 in
445 373 540 405 Leid.
569 382 637 404 sec.
668 378 704 405 et
737 372 824 403 Edd.

121 427 258 457 Vzmcos.
277 424 407 465 Gryph.
425 428 514 465 post.
536 428 571 455 et
584 424 702 464 Steph.
742 425 827 455 Rec-

123 477 187 507 tius
204 479 232 506 et
249 475 413 516 abjiciunt
426 474 502 506 Pet.
518 474 636 505 Leidd.
647 474 753 505 Dorv.
769 474 825 515 qui

120 527 223 558 etiam
240 536 315 558 cum
333 526 419 558 scal.
437 532 472 558 et
497 526 590 558 Leid.
614 536 680 558 sec.
698 527 825 558 habent

120 587 170 610 rx.
187 588 227 610 m.
243 588 288 618 eq.

163 632 183 660 6
215 629 257 660 Ut
274 629 453 660 transeundi
469 628 609 669 superius
624 628 700 669 iter]
718 627 823 659 Norv.

118 680 222 712 habet
245 680 390 720 transire,
420 680 509 721 quod
536 679 653 710 melius
678 679 824 710 videtur.

118 731 229 762 Davis.
258 739 328 761 cur.
358 738 427 760 sec.
462 729 729 760 Rescribendum
759 738 826 760 om-

117 781 198 812 nino
213 779 350 811 videtur
374 779 510 810 transire
533 788 610 809 cum
630 778 753 810 Petav.
772 778 824 809 vel

117 831 339 861 transeundum
361 839 437 861 cum
454 828 549 860 Leid.
567 838 618 870 pr.
637 839 675 860 ac
691 829 775 860 Mss.
792 832 824 860 2.

118 881 298 911 Tbuaneis.

161 935 181 962 8
217 932 315 972 Culpa
345 940 400 962 sua
436 929 572 971 sequius]
623 929 680 961 Ita
717 929 825 960 edidit

118 982 281 1022 Scaliger.
335 982 426 1013 Olim
458 983 701 1021 expresserant
728 990 824 1011 secus.

119 1033 222 1066 Quod
236 1032 396 1063 inducere
406 1032 523 1063 maluit
538 1032 691 1063 Ursinus.
716 1030 826 1062 Abest

119 1093 198 1115 saue
218 1093 235 1113 a
247 1082 343 1114 Leid.
357 1092 424 1113 sec.
439 1087 473 1113 et
487 1082 633 1112 Dorviil.
649 1091 688 1112 ac
702 1082 824 1112 Petav.

118 1134 175 1174 qui
206 1142 272 1164 non
309 1132 463 1172 agnoscit
500 1131 602 1161 ctiam
639 1132 729 1170 culpa
759 1140 824 1162 sua.

117 1184 228 1214 Deest
253 1192 308 1213 sua
336 1183 369 1212 in
398 1180 487 1211 Scal.
513 1184 548 1210 et
574 1179 670 1211 Leid.
693 1189 742 1220 pr.
767 1180 824 1220 qui

117 1232 199 1265 dant
216 1232 317 1264 etiam
333 1240 428 1262 secus.

161 1286 202 1314 12
233 1281 369 1314 Οιεεαι·ἰε
384 1280 485 1322 copias
499 1280 610 1311 timore
626 1280 770 1321 impediri
785 1281 825 1311 ad

117 1334 366 1365 committendum
377 1330 535 1372 proelium]
560 1331 601 1362 In
616 1331 756 1362 Norvic.
771 1335 825 1362 est

121 1386 276 1416 Coesurem
287 1383 398 1414 timore
411 1381 564 1421 impediri.
593 1381 626 1412 Si
642 1391 718 1412 cum
732 1386 824 1413 terso

117 1435 286 1475 scriptore
300 1443 353 1464 res
363 1437 466 1471 esset,
479 1431 612 1462 omnino
623 1430 824 1471 scriberem,

122 1487 275 1517 Ccesarem
293 1492 407 1515 RA'ros
425 1483 534 1514 timore
549 1482 696 1523 impediri
711 1493 730 1513 α
746 1492 825 1513 com·

118 1536 268 1568 mittendo
281 1535 403 1576 proelio.
435 1534 504 1566 Sed
522 1539 590 1565 tam
615 1533 769 1564 horridus
789 1537 826 1565 et

117 1587 266 1618 incultus
282 1591 333 1617 est
354 1585 408 1617 hic
429 1589 560 1622 auctor,
585 1588 623 1616 ut
638 1594 680 1615 an
698 1584 825 1626 aliquid

118 1636 319 1669 tentandum
344 1636 387 1667 sit
410 1635 576 1666 dubitem.
623 1635 734 1667 Dacis.
751 1644 826 1667 cur.

120 1697 186 1719 sec.
207 1687 321 1727 Copias
337 1687 435 1717 abest
450 1696 468 1716 a
482 1686 631 1717 Dorvill.

163 1740 201 1769 14
238 1738 282 1768 Ut
308 1747 418 1775 magno
447 1739 548 1766 tamen
566 1735 719 1776 periculo]
757 1735 827 1766 Ad-

117 1788 321 1820 versativam
348 1787 552 1828 particulam
574 1787 637 1818 huc
659 1796 727 1817 non
750 1795 827 1818 con-

117 1840 235 1871 venire
266 1838 417 1870 advertit
447 1837 548 1869 Joan.
582 1836 825 1877 Glandorpius,

118 1891 174 1932 qui
202 1889 432 1931 reponendum
457 1887 555 1918 duxit
583 1889 618 1917 ut
652 1896 762 1926 magno
792 1886 826 1916 in

113 1943 265 1984 periculo,
293 1943 359 1973 Ms.
383 1946 496 1973 autem
518 1940 661 1972 Norvic.
685 1938 825 1970 exhibet

113 1998 273 2034 utmagno
289 2004 355 2025 cum
366 1993 514 2034 pericula,
529 2002 604 2033 quae
622 1990 726 2022 lectio
743 1998 826 2021 sana

117 2052 170 2078 est
188 2051 223 2077 et
243 2045 386 2076 sincera.
415 2043 530 2074 Daris.
567 2043 651 2074 Cum
670 2041 823 2081 periculo.

117 2095 174 2127 Ita
189 2095 342 2136 reposuit
359 2094 516 2126 Davisius
538 2102 580 2124 ex
604 2093 669 2123 Ms.
686 2091 824 2124 Eliensi.

117 2145 185 2178 Sed
216 2150 252 2176 et
279 2144 360 2175 ferri
389 2148 506 2185 posset
538 2143 679 2184 vulgata
708 2143 823 2182 lectio,

117 2206 231 2235 magno
254 2199 368 2226 tamen
382 2195 528 2235 periculo.
559 2193 651 2224 Loco
667 2193 825 2224 nimirum

118 2247 234 2288 iniquo
259 2245 310 2276 sui
336 2248 545 2286 potestatem
578 2242 762 2282 faciebant,
786 2248 825 2274 ut

119 2297 272 2339 quamvis
293 2304 448 2327 accessus
471 2294 513 2325 ad
538 2303 595 2324 eos
615 2293 732 2324 haberi
755 2293 826 2334 qui-

119 2347 195 2378 dem
212 2350 340 2387 posset,
363 2349 398 2375 at
420 2353 541 2383 magno
564 2346 668 2374 tamen
690 2342 725 2372 id
749 2352 825 2373 cum

118 2397 282 2438 periculo.
323 2395 432 2426 Clark.
471 2394 527 2425 Sic
547 2393 649 2425 etiam
664 2393 751 2424 bene
771 2403 825 2424 ex-

122 2446 219 2487 ponit
236 2445 468 2477 Rhellicauus.

162 2505 263 2529 xxxx.
287 2499 306 2528 2
337 2494 607 2535 Defendebantur]
634 2494 719 2525 Mss.
739 2494 823 2535 Reg.

121 2552 157 2579 et
171 2547 295 2586 Vossii‚
309 2551 344 2578 et
367 2546 461 2577 Edit.
488 2546 585 2576 Rom.
609 2545 825 2583 defendebant.

121 2598 188 2629 Ms.
207 2597 332 2628 Eiieus.
345 2606 377 2627 se
390 2595 606 2634 defendebant.
634 2596 826 2637 Utrumque

122 2647 246 2679 rectius
257 2656 356 2688 quam
364 2647 512 2687 vulgata.
531 2647 640 2677 Clark.
656 2646 828 2687 Gryphius

123 2703 158 2728 et
165 2697 408 2736 Lugdunenses
420 2695 602 2727 ediderunt
613 2695 827 2734 defendebant.

125 2746 272 2778 Omnino
293 2746 534 2785 reponendum,
559 2746 742 2777 Adversarii
758 2755 797 2777 se
813 2757 829 2777 e

124 2798 189 2828 loco
218 2795 373 2836 superiore
401 2795 632 2828 defendebant
655 2797 830 2833 acerrime;

123 2850 224 2889 prout
249 2845 375 2877 diserte
405 2850 651 2887 repraesentant
688 2847 767 2878 Pet.
795 2851 831 2878 et

1464 221 1579 264 1669

879 323 985 355 Norv.
1014 324 1124 355 Dacis.
1160 333 1230 356 cur.
1258 333 1324 356 sec.
1367 324 1579 362 Defendebant

876 378 929 404 est
952 374 1055 405 etiam
1083 375 1116 404 in
1143 375 1226 405 meis
1250 374 1403 405 omnibus
1428 380 1463 405 et
1490 376 1577 409 ΕΜ.

878 424 970 456 Med.
1001 425 1086 456 Ven.
1123 426 1224 457 Vasc.
1258 435 1298 457 ac
1337 425 1456 466 Stcpb.
1491 426 1578 457 aliis-

877 485 953 516 que.

918 531 938 560 3
972 527 1170 568 Telorumque
1194 527 1287 558 missu
1313 526 1487 566 concursus]
1523 526 1579 559 Sic

876 583 971 609 recte
998 577 1159 608 exhibent
1187 577 1253 608 Ms.
1284 578 1390 609 Norv.
1419 582 1454 607 et
1480 576 1579 608 editt.

877 628 973 658 Rom.
1002 628 1088 657 Ven.
1120 627 1278 658 Beroald.
1305 637 1379 659 cuin
1407 628 1439 658 in
1467 627 1578 668 vulgg.

874 678 1064 718 telorumque
1079 677 1189 708 missus
1201 687 1382 718 perperam
1395 678 1580 718 legeretur.

876 728 991 759 Dacis.
1036 728 1137 758 Missa
1162 733 1267 767 recte,
1293 729 1463 769 quomodo
1489 732 1524 759 ct
1547 728 1581 759 iu

876 778 943 810 Ms.
959 778 1073 809 Vossii
1095 779 1257 819 scriptum
1276 778 1424 819 repperi.
1455 779 1583 819 Vulga-

877 834 947 860 tum
974 830 1084 861 missus
1108 830 1202 861 nihili
1233 834 1298 860 est.
1332 830 1440 860 Clark.
1479 830 1581 861 Missa

875 881 978 911 etiam
996 881 1060 911 mei
1081 880 1198 912 cuncti
1222 885 1257 912 et
1273 880 1361 912 Edd.
1380 880 1475 911 Med.
1491 880 1579 912 Ven.

874 932 1017 963 Vascos.
1029 932 1162 972 Gryph.
1177 936 1264 972 post.
1277 931 1395 972 Steph.
1411 935 1516 972 atque
1533 930 1582 962 ita

870 981 942 1022 jam
959 982 1103 1013 Ursinus
1128 981 1334 1013 emendavit.
1385 981 1482 1020 Mox,
1509 981 1582 1022 ‘pi-

876 1033 981 1064 lorum
997 1032 1100 1064 missu
1115 1033 1135 1064 :’
1163 1037 1199 1064 et
1215 1032 1262 1064 ita
1284 1034 1293 1050 ⁴
1306 1033 1436 1064 telorum
1452 1032 1579 1064 missus’

875 1093 978 1123 supra
995 1092 1024 1114 c.
1037 1086 1089 1114 17.

920 1136 957 1163 11
986 1132 1076 1168 Quod
1093 1144 1111 1164 α
1133 1144 1186 1164 suo
1202 1133 1280 1173 loco]
1321 1132 1486 1164 Nonnulli
1502 1133 1582 1173 quod

875 1192 929 1212 suo
951 1182 1026 1212 luco.
1056 1183 1213 1223 Tumque
1237 1181 1443 1222 significabit
1467 1193 1524 1213 sua
1550 1183 1585 1214 in

872 1236 974 1272 parte.
1005 1233 1115 1263 Clark.
1146 1234 1175 1263 A
1201 1233 1299 1263 abest
1314 1232 1357 1263 ab
1380 1232 1466 1263 Edd.
1487 1233 1583 1273 Aldi,

876 1283 1009 1324 Gryph.
1024 1284 1157 1314 Manut.
1173 1283 1290 1314 Plant.
1304 1282 1430 1323 Scalig.
1445 1287 1480 1313 et
1497 1283 1582 1315 Cen.

875 1333 942 1365 Sed
969 1333 1086 1364 cuncti
1107 1343 1208 1364 manu
1233 1332 1365 1364 exarati
1389 1332 1464 1363 libri
1488 1343 1507 1363 α
1530 1342 1581 1364 rc-

876 1383 986 1415 tinent
1002 1384 1122 1415 eodem
1137 1387 1266 1414 tantum
1283 1392 1349 1413 nou
1365 1392 1474 1414 sensu.

919 1438 960 1466 12
989 1435 1042 1466 Ne
1056 1435 1095 1466 ab
1113 1436 1209 1466 latere
1226 1433 1326 1465 nostri
1344 1432 1582 1474 occuparentur]

875 1486 999 1517 Sensus
1016 1485 1178 1526 postulat,
1193 1489 1230 1515 ut
1254 1483 1439 1515 scribamus
1455 1493 1583 1524 occupa-

876 1539 958 1576 rent,
974 1535 1258 1577 quemadmodum
1276 1538 1328 1565 est
1349 1534 1383 1564 in
1407 1534 1474 1565 Ms-
1493 1534 1583 1565 Nor-

878 1585 946 1618 vic.
977 1589 1014 1617 et
1041 1585 1141 1617 editt.
1168 1585 1268 1617 Rom.
1299 1584 1425 1616 Venet.
1453 1584 1584 1616 Eadem

878 1636 981 1668 lectio
998 1646 1016 1668 e
1029 1645 1070 1667 11.
1094 1636 1180 1667 Mss.
1196 1635 1322 1666 Thuan.
1335 1635 1467 1674 hamran
1482 1635 1584 1667 Joan.

878 1686 1035 1718 Goduiuo
1060 1687 1197 1727 placuit.
1226 1687 1337 1717 Duris.
1379 1687 1584 1726 Occuparcnt.

878 1737 935 1769 Sic
952 1738 1132 1769 Goduinus
1156 1746 1197 1767 ex
1221 1740 1252 1767 2.
1278 1737 1373 1776 Mss„
1396 1746 1430 1767 re
1448 1745 1584 1777 quoque

878 1786 952 1827 ipsa
976 1788 1166 1825 clamante;
1203 1791 1238 1817 et
1264 1785 1425 1816 Davisius
1452 1795 1494 1815 ox
1518 1786 1583 1817 Ms.

879 1836 1006 1868 Eliens.
1023 1842 1059 1868 et
1070 1836 1178 1867 Editt.
1191 1836 1286 1867 Vett.
1299 1835 1452 1875 Scaliger
1469 1840 1503 1866 ct
1517 1835 1585 1866 Re-

878 1886 1063 1926 centiores‚
1098 1888 1336 1926 occuparentur.-
1383 1885 1474 1926 quod
1511 1895 1585 1916 seu-

878 1938 1021 1970 tentiam
1038 1938 1153 1969 turbat
1170 1937 1315 1978 penitus.
1340 1937 1447 1968 Clark.
1475 1936 1505 1967 A
1518 1937 1583 1967 Be-

878 1989 994 2020 roaldo
1010 1999 1115 2030 usque
1131 1990 1352 2029 occuparentur
1367 1987 1503 2027 legitur,
1518 1996 1585 2018 non

877 2041 978 2078 maie,
992 2039 1018 2070 si
1029 2040 1143 2070 nostris
1156 2038 1296 2070 scribas.
1324 2037 1389 2069 Sed
1403 2041 1584 2078 occuparent

877 2091 979 2121 etiam
997 2090 1098 2121 estin
1116 2091 1238 2122 Petav.
1257 2089 1380 2129 scalig.
1399 2089 1495 2120 Leid.
1514 2098 1584 2119 sec.

877 2150 916 2171 ac
944 2139 1040 2171 Med.
1068 2140 1160 2172 Edit.
1197 2146 1233 2172 et
1272 2139 1424 2180 praetulit
1453 2148 1586 2180 quoque

877 2190 1002 2222 Cellar.
1039 2190 1124 2221 Mox
1145 2201 1164 2222 a
1184 2191 1294 2221 dextro
1320 2190 1436 2221 maliet
1460 2188 1584 2221 Gland.

876 2239 985 2271 miuus
1002 2240 1100 2271 bene.

920 2293 959 2321 15
976 2291 1022 2322 At
1039 2289 1210 2328 ii—facere
1220 2290 1390 2330 incipiunt]
1404 2290 1482 2321 Pet.
1496 2289 1585 2321 Scal.

877 2340 974 2372 Leid.
991 2349 1043 2381 pr.
1068 2340 1156 2371 Edd.
1181 2340 1278 2371 Rom.
1303 2340 1396 2371 Med.
1420 2340 1472 2371 Ita
1494 2340 1584 2371 uti——

867 2391 976 2429 fucere
986 2394 1121 2431 possent.
1148 2390 1248 2422 Unde
1263 2390 1418 2431 suspicor
1430 2390 1586 2431 incipiunt

876 2446 912 2472 et
927 2444 1048 2482 possent
1064 2450 1137 2472 esse
1152 2450 1171 2470 a
1188 2440 1321 2472 Glossa.
1334 2441 1377 2472 V.
1392 2440 1432 2471 ad
1448 2449 1512 2471 vu.
1531 2442 1584 2471 81.

877 2490 1000 2524 Gland.
1012 2491 1096 2532 legit
1113 2494 1206 2531 atque
1220 2490 1336 2529 ita—f.
1352 2490 1518 2531 incipiunt.

921 2546 961 2574 18
987 2542 1231 2582 Gludiorumque
1251 2541 1401 2582 crepitus]
1438 2542 1486 2572 Ut
1511 2549 1584 2580 pas-

877 2594 952 2634 sim,
967 2594 1016 2625 ita
1038 2593 1091 2624 hic
1110 2602 1242 2634 quoque
1258 2593 1408 2632 strepitus
1423 2595 1585 2621 exaratur

878 2644 911 2675 iu
928 2643 1025 2675 Leid.
1044 2643 1162 2684 primo.
1196 2642 1265 2674 Adi
1291 2652 1365 2683 quae
1383 2641 1519 2680 copiose
1541 2638 1584 2668 de

878 2695 929 2725 his
956 2694 1033 2725 olim
1065 2694 1208 2724 disserui
1239 2694 1279 2724 ad
1311 2693 1343 2724 J.
1377 2692 1506 2731 Obseq.
1543 2689 1584 2720 de

879 2744 1017 2784 Prodig.
1031 2754 1060 2776 c.
1075 2746 1147 2775 104.
1181 2746 1189 2760 ‘
1207 2742 1341 2774 Anciiia
1359 2751 1434 2773 cum
1451 2740 1585 2780 crepitu

880 2804 941 2825 sua
956 2797 1078 2834 sponte
1095 2792 1210 2823 mota.’
1234 2791 1336 2832 Apud
1353 2791 1487 2822 Sallust.
1502 2800 1585 2831 quo-

882 2853 947 2885 que
964 2843 997 2875 in
1014 2844 1090 2883 sug.
1104 2852 1131 2873 c.
1145 2845 1198 2873 00.
1223 2844 1231 2859 ‘
1251 2842 1385 2873 Clamor
1395 2842 1584 2882 permixtus
