1850 3109
370 193 464 222 Llu.
499 192 570 221 ΙΙΙ.
603 179 898 221 (3ΛΡ.881)Ε
934 192 1087 221 BELLO
1120 194 1288 223 ClvlLl.

102 289 311 320 mulaverant
334 288 468 327 militm,
491 290 529 317 ut
550 296 650 327 supra
673 285 803 317 notavit

103 340 218 371 Caesar
234 349 262 369 c.
279 342 352 369 82:
377 348 438 369 nec
463 347 542 368 sane
569 337 679 377 video,
702 347 801 378 quem

102 390 211 421 locum
228 389 279 419 hi(-
296 389 418 419 habere
436 387 563 428 poterit
588 397 651 418 vox
681 388 801 418 altera.

102 440 221 470 Vossio
234 438 408 480 sequentia
424 438 524 468 etiam
539 442 617 468 sunt
631 443 801 477 suspecta,

101 489 155 530 qui
175 492 271 519 notat
287 488 445 519 Codicem
468 489 588 529 Cujac.
612 488 737 519 habere
764 499 802 519 ne

99 549 154 570 usu
182 548 342 573 manuum;
380 543 415 569 et
443 539 515 579 ipse
542 544 649 570 testor
679 549 716 569 ne
745 549 800 569 asu

98 599 205 619 manus
219 589 252 618 in
274 589 364 619 Msto
383 589 522 621 Norvie.
540 589 694 629 reperiri.
734 590 799 620 Du-

96 639 153 670 ris.
193 639 402 679 Optavissent.
439 640 493 670 Ita
516 638 708 670 emendavit
732 639 799 669 Da-

97 691 210 730 visius,
236 691 513 731 ingeniosissime.
559 691 612 722 Al.
636 691 800 730 cogitavis-

96 745 174 773 sent.
220 742 318 774 Quod
337 743 436 773 valde
464 742 670 783 languidum.
707 742 798 773 Dein

101 793 164 823 Usu
194 803 354 832 manuque,
386 798 527 834 praestat
551 793 689 833 vulgata
716 794 800 823 Lec-

99 844 158 884 tio,
174 854 361 886 quanquam
387 845 507 875 Vossio
527 850 695 885 suspecta.
734 845 799 875 Usu

97 905 256 936 manuque,
271 901 334 935 est,
356 895 473 936 peritia
489 899 518 926 et
535 895 661 926 rirtute.
691 896 798 926 Clark.

96 944 158 975 Vir
174 945 293 976 doctus
310 946 412 976 etiam
436 945 579 985 margini
602 946 797 976 adleverat:

96 996 244 1026 rot-issent
269 997 322 1027 vel
345 996 542 1036 optavissent.
589 996 734 1036 Propius
757 996 798 1026 ad

94 1045 286 1076 litterarum
323 1046 461 1076 ductum
494 1047 662 1077 Gruterus
698 1047 799 1085 agita-

95 1096 220 1126 rissent.
267 1096 365 1128 Quod
383 1105 447 1126 non
465 1096 618 1136 inprobo.
652 1096 738 1126 Vide
755 1096 798 1126 ad

96 1146 137 1176 B.
158 1145 256 1186 Hisp.
277 1155 308 1176 c.
332 1148 384 1175 25.
419 1145 541 1175 Sensus
559 1145 623 1176 erit
640 1145 741 1185 idem,
757 1154 796 1176 ac

94 1196 127 1226 in
158 1196 285 1227 Lucani
308 1205 371 1226 vu.
386 1198 440 1226 25.
457 1196 466 1212 ‘
484 1195 600 1235 Miles,
626 1195 724 1227 adest
749 1201 797 1226 to-

94 1247 156 1278 ties
184 1251 312 1287 optatae
342 1247 441 1286 copia
465 1256 602 1287 puguae,
629 1247 686 1278 Nil
711 1257 795 1288 opus

95 1302 149 1328 est
174 1298 272 1335 votis,
288 1298 358 1338 jam
378 1297 485 1329 fatum
504 1298 664 1329 arcessite
681 1297 794 1330 ferro.’

95 1347 135 1378 In
152 1348 235 1379 Mss.
253 1349 361 1389 Bong.
379 1354 415 1379 et
438 1349 535 1379 Voss.
561 1352 614 1379 est
632 1349 795 1387 cogitavis-

93 1403 138 1430 set
155 1410 200 1431 sc.
219 1399 414 1440 Pompeius.
450 1401 526 1432 Quo
544 1400 643 1431 timor
659 1400 728 1440 ejus
746 1400 794 1430 in-

95 1450 238 1489 dicetur,
254 1461 295 1482 ne
312 1451 491 1482 eluderent
514 1451 710 1491 promissam
727 1449 795 1481 for-

94 1500 287 1539 titudinem,
303 1505 338 1531 et
364 1510 483 1531 vanam
508 1500 692 1541 probarent
720 1500 794 1540 ipsa

95 1560 130 1581 re
169 1560 260 1581 suam
291 1550 395 1581 fuisse
423 1551 635 1591 jactantiam.
695 1550 794 1583 Quod

94 1606 189 1631 certe
206 1601 387 1640 Pompeius
403 1601 537 1639 metuit,
550 1605 588 1631 ut
599 1600 700 1631 docet
715 1601 795 1631 mul-

94 1652 137 1681 tis
155 1651 279 1682 ibidem
303 1652 471 1682 Lucanus.
518 1651 559 1681 Id
584 1657 695 1681 tamen
718 1651 794 1681 huic

96 1704 364 1744 orationi,quam
392 1704 504 1735 Caesar
531 1703 561 1733 ti
591 1703 664 1742 dat,
688 1704 795 1734 minus

94 1753 274 1785 convenire
292 1753 434 1784 videtur.
476 1754 539 1784 L'su
560 1758 665 1784 munus
688 1758 740 1784 est
763 1753 795 1784 in

95 1803 216 1835 Petav.
234 1813 324 1834 manu
341 1808 393 1834 est
410 1804 442 1834 in
464 1803 557 1834 Leid.
575 1813 626 1843 pr.
645 1808 680 1834 et
697 1803 795 1834 Voss.

94 1853 164 1884 sine
185 1863 250 1894 que.
287 1853 351 1883 Sed
377 1857 473 1884 recte
492 1853 664 1892 vulgatum
680 1852 795 1884 defeu-

92 1903 142 1934 dn
160 1903 326 1935 Clarkius.
373 1903 571 1934 Sexcenties
587 1908 706 1934 auctor
721 1913 795 1934 cuni

93 1954 166 1984 aliis
195 1963 281 1984 usum.
308 1959 343 1985 et
370 1963 455 1984 usum
498 1954 540 1984 rei
577 1954 724 1984 militaris
753 1953 794 1984 de

93 2004 218 2044 peritia
240 2009 276 2035 et
304 2003 520 2044 experientia
548 2003 582 2034 iu
612 2013 647 2034 re
675 2003 796 2034 bellica

94 2053 244 2084 adhibet.

133 2112 299 2134 Lxxxvn.
326 2108 340 2135 1
386 2105 426 2135 Ul
446 2104 556 2145 quum]
597 2104 673 2135 Non
705 2104 792 2135 bene

92 2154 278 2193 colum-ent,
305 2155 437 2194 Excepit
466 2158 501 2185 ut
526 2155 653 2195 efferret
678 2156 790 2195 inquit.

93 2205 207 2236 Quare
226 2205 384 2244 rescripsi
407 2205 610 2236 auctoritate
626 2206 793 2237 Mstorum

93 2255 212 2294 Cujac.
238 2255 361 2285 Petav.
385 2255 509 2295 Scalig.
529 2255 625 2286 Leid.
644 2266 694 2295 pr.
711 2257 793 2287 Lov.

93 2309 128 2335 et
142 2304 254 2335 Palat.
274 2315 312 2335 ac
329 2305 460 2346 Gryph.
478 2306 588 2345 Marg.
607 2311 642 2336 et
668 2306 731 2336 Ed.
751 2307 793 2337 R.

91 2354 249 2394 Stephani
265 2359 313 2385 et.-
337 2356 424 2396 quod
443 2355 656 2386 referendum
681 2356 722 2386 ad
748 2357 793 2386 in-

91 2405 170 2444 quit.
215 2405 338 2435 Fraudi
355 2404 419 2435 fuit
435 2405 622 2436 editoribus
643 2411 677 2436 et
695 2406 793 2437 libra-

91 2454 162 2494 riis,
186 2456 274 2496 quod
304 2455 475 2495 despiceret
503 2461 538 2486 et
567 2456 693 2497 eff'erret
722 2458 793 2488 sine

93 2503 298 2544 disjunctiva
329 2506 452 2544 copula
477 2505 631 2545 junxerit
656 2508 790 2537 Caesar:

94 2553 184 2593 quod
201 2558 313 2584 tamen
329 2554 487 2595 frequens
513 2557 543 2585 ei
568 2562 619 2586 est
636 2567 643 2586 :
667 2561 695 2587 et
715 2557 793 2598 quia

95 2611 163 2632 non
179 2609 316 2642 caperet
337 2604 494 2636 librarius
519 2607 645 2637 codicis
664 2608 792 2639 Lovan.

97 2651 231 2692 scripsit
246 2653 348 2693 effert.
579 2677 589 2680 „

138 2702 159 2730 9
181 2701 232 2731 An
245 2711 302 2733 non
311 2704 456 2744 audistis]
465 2706 547 2736 Mss.
562 2707 680 2738 Petav.
696 2708 792 2739 Leid.

95 2759 150 2791 pr.
164 2748 246 2782 Lov.
259 2752 355 2784 Voss.
368 2753 668 2789 Palataexaudistis.
689 2758 792 2792 Quod

1447 185 1559 227 1515

856 286 1009 327 recipere
1036 296 1101 317 non
1129 287 1296 318 haesitavi.
1323 288 1364 319 B.
1383 288 1426 320 G.
1453 298 1485 320 v.
1503 293 1556 321 30.

856 339 863 353 ‘
886 338 932 368 [t
964 347 1085 375 magna
1117 347 1193 378 pars
1221 338 1420 369 exaudiret!
1462 339 1556 369 Infra

854 397 883 417 e.
901 390 952 418 91.
976 388 984 404 ‘
1005 387 1107 418 etiam
1125 393 1162 418 ut
1179 388 1302 418 milites
1319 388 1555 420 exaudirentz'

854 438 932 469 item
951 448 980 469 e.
1000 442 1070 469 105.
1096 438 1187 469 Hirt.
1211 439 1251 469 B.
1270 439 1437 469 Alexand.
1456 450 1485 470 c.
1502 442 1556 470 20.

856 489 927 520 Liv.
946 498 983 519 11.
997 493 1048 520 59.
1065 489 1073 504 ‘
1091 489 1236 529 imperia
1251 489 1428 520 exaudiri!
1445 489 1556 520 Drak.

854 538 894 569 ad
912 548 968 570 111.
988 542 1038 569 36.
1064 540 1072 556 ‘
1090 540 1164 569 Vox
1182 540 1453 570 exaudiebatur!

897 593 935 620 10
962 590 1123 629 Cohortes]
1148 591 1263 623 Quam-i
1280 590 1333 620 hic
1351 595 1476 629 potest,
1500 600 1556 620 an-

853 649 918 670 non
948 645 1028 670 nota
1057 640 1235 670 numeralis
1263 639 1349 670 forte
1376 640 1554 671 exciden‘t.

853 688 1054 729 Quanquam
1084 688 1118 718 id
1151 698 1214 719 uon
1242 698 1376 728 prorsus
1400 698 1554 720 necessa-

852 739 949 769 rium.
997 740 1103 770 Clark.

895 792 933 820 13
959 789 1107 829 Plerique
1125 788 1209 828 sunt]
1235 788 1326 819 Editi
1343 787 1553 820 recentiores

851 850 978 879 omnes,
999 841 1163 881 pleneque.
1201 840 1268 871 Sed
1285 846 1449 880 praestare
1464 841 1554 871 vide·

853 897 909 921 tur
933 891 1039 931 (quod
1057 891 1088 920 in
1107 891 1190 921 Mss.
1208 891 1292 931 Reg.
1316 896 1351 921 et
1375 891 1501 921 Eliensi
1518 895 1554 921 et

853 941 944 972 Edit.
963 942 1060 972 Rom.
1079 942 1228 982 repperi)
1242 942 1387 981 plerique.
1434 941 1483 972 Ut
1497 942 1554 972 mi-

854 993 925 1023 lites
939 992 1172 1032 intelligantur
1183 992 1308 1032 potiuS‚
1320 1002 1419 1032 quam
1432 992 1553 1032 copiae.

855 1042 951 1073 Idem.
998 1042 1139 1083 Optime
1154 1042 1309 1073 Clarkius
1327 1042 1477 1073 restituit
1490 1042 1554 1081 ple·

852 1092 950 1131 rique,
975 1092 1064 1132 quod
1081 1097 1239 1122 exaratur
1253 1092 1286 1121 in
1307 1092 1390 1122 Mss.
1414 1091 1494 1122 meis
1509 1091 1553 1122 ad

853 1151 953 1171 unum
972 1142 1126 1172 omnibus
1151 1147 1187 1172 et
1214 1142 1276 1172 Ed.
1294 1141 1437 1172 Mediol.
1473 1142 1554 1171 Fre-

850 1201 955 1232 quens
984 1191 1055 1222 haec
1086 1191 1257 1231 synthesis
1284 1192 1416 1231 generis
1445 1191 1553 1221 estin

850 1242 997 1273 Caesare.
1022 1241 1121 1281 Vide,
1139 1252 1214 1282 quae
1229 1241 1383 1282 congessi
1400 1240 1442 1271 ad
1457 1241 1552 1272 B.G.

849 1300 904 1322 ιιι.
922 1294 952 1322 9.
972 1301 1022 1322 lv.
1040 1295 1092 1322 36.
1111 1301 1175 1323 vu.
1193 1295 1246 1323 20.
1276 1292 1348 1323 Cel.
1371 1292 1486 1322 Burm.
1509 1291 1552 1321 ad

847 1344 988 1374 Sueton.
1017 1343 1124 1383 Calig.
1149 1348 1202 1375 48.
1229 1344 1348 1375 Claud.
1367 1347 1419 1375 25.
1459 1344 1551 1375 Dein

847 1393 960 1424 malim
988 1403 1122 1435 quoque
1148 1404 1187 1424 ex
1213 1394 1356 1430 coloniis;
1379 1394 1470 1434 quod
1495 1394 1552 1425 ha-

847 1443 928 1474 bent
946 1444 1141 1483 Leidenses,
1164 1444 1275 1475 Palat.
1293 1448 1329 1474 et
1345 1443 1433 1475 Edd.
1446 1444 1550 1476 Vasc.

846 1493 940 1533 Aldi,
958 1493 1104 1534 Gryphii
1121 1494 1276 1534 aliaeque.

889 1546 930 1574 20
957 1544 1047 1578 Quod
1063 1545 1100 1574 (Ie
1115 1554 1148 1574 re
1166 1547 1267 1583 tantu,
1291 1547 1321 1574 et
1337 1554 1355 1574 α
1371 1547 1434 1575 tam
1448 1545 1552 1584 perito

848 1594 1040 1634 Imperatore
1056 1594 1135 1625 nihil
1142 1594 1267 1631 frustra
1281 1595 1456 1636 confirmari
1470 1595 1555 1627 cide-

847 1645 954 1685 batur]
977 1645 1052 1675 Pal.
1069 1650 1105 1675 et
1122 1645 1266 1675 Norvic.
1283 1645 1456 1685 exhibent,
1472 1647 1551 1685 quod

847 1695 884 1725 cle
897 1704 929 1725 re
946 1698 1035 1725 tanta
1051 1698 1080 1725 et
1099 1698 1163 1725 tam
1175 1695 1290 1735 perito.
1315 1696 1405 1735 Lege
1422 1697 1500 1735 quod
1513 1697 1551 1726 (Ie

846 1756 880 1777 re
900 1750 989 1777 tanta
1014 1757 1033 1777 α
1060 1750 1124 1778 tam
1145 1748 1260 1787 perito,
1282 1748 1352 1786 ὅτ..-
1376 1757 1453 1778 nam
1475 1757 1551 1788 par-

848 1797 951 1828 ticula
984 1799 1147 1838 copulans
1178 1797 1314 1828 videtur
1346 1798 1550 1829 sententiam

848 1847 998 1878 turbare.
1059 1848 1145 1878 Mihi
1189 1846 1283 1878 favet
1324 1848 1552 1879 Pseudocetsus.

846 1895 933 1927 Vide
951 1906 1026 1927 eum
1044 1906 1078 1937 p.
1095 1900 1169 1928 205.
1204 1897 1314 1927 Daris.
1340 1906 1410 1928 cur.
1427 1907 1495 1929 sec.
1519 1902 1550 1928 et

847 1949 884 1978 tle
900 1951 963 1978 lum
975 1958 1008 1988 p.
1024 1948 1152 1979 Lovan.
1166 1952 1202 1978 et
1221 1948 1365 1978 Dorvill.
1405 1950 1464 1979 Nil
1481 1959 1552 1980 uiu-

847 1998 985 2029 tandum
1003 1999 1055 2029 vel
1071 1998 1275 2039 ejiciendum
1292 2008 1424 2030 censeo.
1447 2000 1549 2031 Suam

848 2058 1005 2079 venerem
1023 2053 1057 2079 et
1074 2049 1140 2078 vim
1157 2048 1261 2079 habet
1278 2049 1410 2089 copula.

879 2107 1058 2130 Lxxxvul.
1072 2101 1092 2129 2
1104 2099 1253 2129 Animum
1265 2099 1415 2139 advertit]
1424 2099 1550 2140 Vulgg.

845 2149 1086 2185 auimadrerti&
1111 2149 1168 2180 sed
1195 2150 1388 2188 lectionem,
1413 2159 1512 2190 quam
1531 2160 1550 2181 e

845 2201 941 2231 Msto
967 2201 1108 2232 Norvic.
1126 2202 1327 2241 recepimus,
1350 2201 1448 2241 longe
1475 2211 1550 2232 esse

847 2251 1089 2290 elegantiorem
1134 2251 1314 2291 aliquoties
1349 2251 1549 2282 monuimus.

846 2301 933 2331 Vide
951 2305 1059 2332 notat.
1082 2301 1120 2331 B.
1139 2301 1182 2332 G.
1202 2310 1226 2331 1.
1241 2304 1292 2332 24.
1324 2301 1437 2332 Daris.
1482 2301 1550 2332 Ac-

846 2351 938 2382 cedit
955 2351 1075 2382 Petav.

887 2405 906 2432 4
933 2402 1073 2436 Quarum
1102 2411 1161 2432 una
1185 2401 1301 2441 prima,
1324 2403 1423 2433 altera
1452 2403 1549 2434 tertia

845 2452 1072 2492 appellabatur]
1111 2452 1255 2492 Magnus
1289 2452 1424 2492 Lipsius
1472 2453 1548 2483 Mil.

846 2504 941 2534 Rom.
968 2503 1104 2543 Dialog.
1133 2511 1182 2533 ιν.
1213 2505 1244 2533 S.
1272 2502 1354 2532 illud
1377 2502 1549 2542 appellaba-

837 2554 895 2583 'tur
911 2553 1046 2583 omnino
1062 2562 1081 2582 a
1098 2553 1229 2583 Caesare
1255 2561 1328 2583 esse
1345 2558 1460 2591 negat,
1488 2562 1548 2592 pu-

844 2609 963 2645 tatque
995 2613 1014 2634 a
1039 2603 1174 2634 librario
1201 2602 1435 2632 substitutum.
1473 2602 1546 2642 Ego

844 2654 909 2684 etsi
939 2663 1005 2684 uon
1033 2653 1165 2691 dubito,
1190 2651 1339 2682 audaciae
1367 2651 1546 2692 plerosque

836 2704 1065 2744 judicaturos,
1101 2701 1189 2742 quod
1231 2699 1394 2740 refragari
1426 2701 1545 2741 ausim,

845 2753 1020 2785 attendere
1053 2759 1165 2784 tamen
1193 2759 1269 2782 eum
1296 2749 1476 2782 voluissem
1501 2752 1543 2782 ad
