<?xml version="1.0" encoding="UTF-8"?>
<!DOCTYPE html PUBLIC "-//W3C//DTD XHTML 1.0 Transitional//EN"
    "http://www.w3.org/TR/xhtml1/DTD/xhtml1-transitional.dtd">
<html xmlns="http://www.w3.org/1999/xhtml" xml:lang="en" lang="en">
 <head>
  <title>
</title>
<meta http-equiv="Content-Type" content="text/html;charset=utf-8" />
  <meta name='ocr-system' content='tesseract 3.04.00' />
  <meta name='ocr-capabilities' content='ocr_page ocr_carea ocr_par ocr_line ocrx_word'/>
</head>
<body>
  <div class='ocr_page' id='page_1' title='image "./operaomniaexedit04caesuoft_0321.png"; bbox 0 0 1850 3109; ppageno 0'>
   <div class='ocr_carea' id='block_1_1' title="bbox 502 223 1558 264">
    <p class='ocr_par' dir='ltr' id='par_1_1' title="bbox 502 223 1558 264">
     <span class='ocr_line' id='line_1_1' title="bbox 502 223 1558 264; baseline -0.007 -2"><span class='ocrx_word' id='word_1_1' title='bbox 502 232 564 262; x_wconf 71' lang='lat' dir='ltr'>nn</span> <span class='ocrx_word' id='word_1_2' title='bbox 598 230 714 259; x_wconf 75' lang='lat' dir='ltr'>vr‘rA</span> <span class='ocrx_word' id='word_1_3' title='bbox 746 229 877 258; x_wconf 76' lang='lat' dir='ltr'>sumi</span> <span class='ocrx_word' id='word_1_4' title='bbox 923 228 1154 257; x_wconf 50' lang='lat' dir='ltr'>(numme.</span> <span class='ocrx_word' id='word_1_5' title='bbox 1441 223 1558 264; x_wconf 77' lang='lat'>1715</span> 
     </span>
    </p>
   </div>
   <div class='ocr_carea' id='block_1_2' title="bbox 95 321 1576 2742">
    <p class='ocr_par' dir='ltr' id='par_1_2' title="bbox 95 321 1576 2742">
     <span class='ocr_line' id='line_1_2' title="bbox 102 321 1555 372; baseline -0.002 -4"><span class='ocrx_word' id='word_1_6' title='bbox 102 331 285 369; x_wconf 78' lang='lat' dir='ltr'>Romanae</span> <span class='ocrx_word' id='word_1_7' title='bbox 305 324 450 363; x_wconf 88' lang='lat' dir='ltr'>virtutis</span> <span class='ocrx_word' id='word_1_8' title='bbox 480 323 735 368; x_wconf 86' lang='lat' dir='ltr'>adolescenti,</span> <span class='ocrx_word' id='word_1_9' title='bbox 771 329 809 360; x_wconf 89' lang='lat' dir='ltr'>ct</span> <span class='ocrx_word' id='word_1_10' title='bbox 839 323 1016 360; x_wconf 88' lang='lat' dir='ltr'>Romano</span> <span class='ocrx_word' id='word_1_11' title='bbox 1050 321 1138 366; x_wconf 84' lang='lat' dir='ltr'>civi,</span> <span class='ocrx_word' id='word_1_12' title='bbox 1174 322 1372 372; x_wconf 77' lang='lat' dir='ltr'>legationis</span> <span class='ocrx_word' id='word_1_13' title='bbox 1404 325 1555 368; x_wconf 59' lang='lat' dir='ltr'>³¹hero-2</span> 
     </span>
     <span class='ocr_line' id='line_1_3' title="bbox 101 386 1558 438; baseline -0.001 -7"><span class='ocrx_word' id='word_1_14' title='bbox 101 404 237 431; x_wconf 89' lang='lat' dir='ltr'>munus</span> <span class='ocrx_word' id='word_1_15' title='bbox 258 390 482 438; x_wconf 84' lang='lat' dir='ltr'>imponeret,</span> <span class='ocrx_word' id='word_1_16' title='bbox 504 394 539 425; x_wconf 87' lang='lat' dir='ltr'>et</span> <span class='ocrx_word' id='word_1_17' title='bbox 562 393 720 437; x_wconf 79' lang='lat' dir='ltr'>propter</span> <span class='ocrx_word' id='word_1_18' title='bbox 753 387 926 424; x_wconf 83' lang='lat' dir='ltr'>eximiam</span> <span class='ocrx_word' id='word_1_19' title='bbox 957 399 1047 436; x_wconf 76' lang='lat' dir='ltr'>erga</span> <span class='ocrx_word' id='word_1_20' title='bbox 1080 386 1341 435; x_wconf 79' lang='lat' dir='ltr'>imperatorem</span> <span class='ocrx_word' id='word_1_21' title='bbox 1365 387 1494 435; x_wconf 84' lang='lat' dir='ltr'>tidem,</span> <span class='ocrx_word' id='word_1_22' title='bbox 1519 400 1558 429; x_wconf 88' lang='lat' dir='ltr'>et</span> 
     </span>
     <span class='ocr_line' id='line_1_4' title="bbox 99 449 1556 507; baseline 0 -14"><span class='ocrx_word' id='word_1_23' title='bbox 99 461 256 507; x_wconf 85' lang='lat' dir='ltr'>propter</span> <span class='ocrx_word' id='word_1_24' title='bbox 275 453 414 502; x_wconf 84' lang='lat' dir='ltr'>linguae</span> <span class='ocrx_word' id='word_1_25' title='bbox 436 451 600 488; x_wconf 68' lang='lat' dir='ltr'>Gallicae</span> <span class='ocrx_word' id='word_1_26' title='bbox 621 451 812 496; x_wconf 73' lang='lat' dir='ltr'>notitiam,</span> <span class='ocrx_word' id='word_1_27' title='bbox 848 462 965 500; x_wconf 87' lang='lat' dir='ltr'>quam</span> <span class='ocrx_word' id='word_1_28' title='bbox 999 449 1080 499; x_wconf 84' lang='lat' dir='ltr'>ipse</span> <span class='ocrx_word' id='word_1_29' title='bbox 1106 449 1221 486; x_wconf 85' lang='lat' dir='ltr'>etiam</span> <span class='ocrx_word' id='word_1_30' title='bbox 1255 451 1470 490; x_wconf 85' lang='lat' dir='ltr'>Ariovistus</span> <span class='ocrx_word' id='word_1_31' title='bbox 1491 454 1556 493; x_wconf 88' lang='lat' dir='ltr'>diu</span> 
     </span>
     <span class='ocr_line' id='line_1_5' title="bbox 101 514 1558 565; baseline -0.001 -8"><span class='ocrx_word' id='word_1_32' title='bbox 101 519 224 558; x_wconf 83' lang='lat' dir='ltr'>Gallis</span> <span class='ocrx_word' id='word_1_33' title='bbox 255 516 515 555; x_wconf 87' lang='lat' dir='ltr'>incumbendo</span> <span class='ocrx_word' id='word_1_34' title='bbox 542 516 748 554; x_wconf 75' lang='lat' dir='ltr'>didicerat.</span> <span class='ocrx_word' id='word_1_35' title='bbox 805 514 970 553; x_wconf 82' lang='lat' dir='ltr'>Addidit</span> <span class='ocrx_word' id='word_1_36' title='bbox 1000 514 1033 550; x_wconf 82' lang='lat' dir='ltr'>ei</span> <span class='ocrx_word' id='word_1_37' title='bbox 1067 514 1254 564; x_wconf 80' lang='lat' dir='ltr'>collegam</span> <span class='ocrx_word' id='word_1_38' title='bbox 1287 516 1344 553; x_wconf 88' lang='lat' dir='ltr'>M.</span> <span class='ocrx_word' id='word_1_39' title='bbox 1379 517 1558 565; x_wconf 78' lang='lat' dir='ltr'>Metinm,</span> 
     </span>
     <span class='ocr_line' id='line_1_6' title="bbox 99 579 1559 632; baseline 0.001 -12"><span class='ocrx_word' id='word_1_40' title='bbox 99 582 281 621; x_wconf 85' lang='lat' dir='ltr'>Ariovisti</span> <span class='ocrx_word' id='word_1_41' title='bbox 301 581 418 631; x_wconf 85' lang='lat' dir='ltr'>ipsius</span> <span class='ocrx_word' id='word_1_42' title='bbox 438 581 642 631; x_wconf 80' lang='lat' dir='ltr'>hospitem,</span> <span class='ocrx_word' id='word_1_43' title='bbox 663 580 768 631; x_wconf 84' lang='lat' dir='ltr'>quod</span> <span class='ocrx_word' id='word_1_44' title='bbox 793 580 828 616; x_wconf 92' lang='lat' dir='ltr'>in</span> <span class='ocrx_word' id='word_1_45' title='bbox 852 580 921 616; x_wconf 89' lang='lat' dir='ltr'>hos</span> <span class='ocrx_word' id='word_1_46' title='bbox 950 579 1045 617; x_wconf 88' lang='lat' dir='ltr'>duos</span> <span class='ocrx_word' id='word_1_47' title='bbox 1078 585 1114 616; x_wconf 89' lang='lat' dir='ltr'>et</span> <span class='ocrx_word' id='word_1_48' title='bbox 1143 579 1298 629; x_wconf 80' lang='lat' dir='ltr'>originis</span> <span class='ocrx_word' id='word_1_49' title='bbox 1333 586 1372 618; x_wconf 86' lang='lat' dir='ltr'>et</span> <span class='ocrx_word' id='word_1_50' title='bbox 1402 581 1559 632; x_wconf 75' lang='lat' dir='ltr'>hospitii</span> 
     </span>
     <span class='ocr_line' id='line_1_7' title="bbox 95 642 1556 697; baseline 0.001 -14"><span class='ocrx_word' id='word_1_51' title='bbox 95 647 185 696; x_wconf 86' lang='lat' dir='ltr'>jure</span> <span class='ocrx_word' id='word_1_52' title='bbox 205 646 357 683; x_wconf 85' lang='lat' dir='ltr'>minime</span> <span class='ocrx_word' id='word_1_53' title='bbox 379 645 579 683; x_wconf 64' lang='lat' dir='ltr'>saeviturus</span> <span class='ocrx_word' id='word_1_54' title='bbox 611 645 795 682; x_wconf 84' lang='lat' dir='ltr'>barbarus</span> <span class='ocrx_word' id='word_1_55' title='bbox 826 642 1033 680; x_wconf 88' lang='lat' dir='ltr'>videretur.</span> <span class='ocrx_word' id='word_1_56' title='bbox 1091 642 1154 679; x_wconf 81' lang='lat' dir='ltr'>Sic</span> <span class='ocrx_word' id='word_1_57' title='bbox 1188 656 1312 692; x_wconf 84' lang='lat' dir='ltr'>neque</span> <span class='ocrx_word' id='word_1_58' title='bbox 1334 644 1406 682; x_wconf 86' lang='lat' dir='ltr'>illis</span> <span class='ocrx_word' id='word_1_59' title='bbox 1427 646 1556 697; x_wconf 84' lang='lat' dir='ltr'>hospi·</span> 
     </span>
     <span class='ocr_line' id='line_1_8' title="bbox 99 706 1558 759; baseline 0.002 -13"><span class='ocrx_word' id='word_1_60' title='bbox 99 709 209 753; x_wconf 86' lang='lat' dir='ltr'>tium,</span> <span class='ocrx_word' id='word_1_61' title='bbox 230 722 355 759; x_wconf 85' lang='lat' dir='ltr'>neque</span> <span class='ocrx_word' id='word_1_62' title='bbox 375 709 494 758; x_wconf 86' lang='lat' dir='ltr'>origo,</span> <span class='ocrx_word' id='word_1_63' title='bbox 516 721 639 758; x_wconf 87' lang='lat' dir='ltr'>neque</span> <span class='ocrx_word' id='word_1_64' title='bbox 652 708 720 756; x_wconf 83' lang='lat' dir='ltr'>jus</span> <span class='ocrx_word' id='word_1_65' title='bbox 740 706 910 758; x_wconf 85' lang='lat' dir='ltr'>gentium</span> <span class='ocrx_word' id='word_1_66' title='bbox 933 706 1064 743; x_wconf 90' lang='lat' dir='ltr'>valuit.</span> <span class='ocrx_word' id='word_1_67' title='bbox 1120 706 1228 743; x_wconf 86' lang='lat' dir='ltr'>lllico</span> <span class='ocrx_word' id='word_1_68' title='bbox 1248 708 1346 745; x_wconf 89' lang='lat' dir='ltr'>enim</span> <span class='ocrx_word' id='word_1_69' title='bbox 1369 715 1410 746; x_wconf 90' lang='lat' dir='ltr'>ut</span> <span class='ocrx_word' id='word_1_70' title='bbox 1441 710 1489 747; x_wconf 88' lang='lat' dir='ltr'>ad</span> <span class='ocrx_word' id='word_1_71' title='bbox 1520 724 1558 749; x_wconf 83' lang='lat' dir='ltr'>se</span> 
     </span>
     <span class='ocr_line' id='line_1_9' title="bbox 101 769 1558 820; baseline 0.001 -10"><span class='ocrx_word' id='word_1_72' title='bbox 101 772 295 810; x_wconf 80' lang='lat' dir='ltr'>venientes</span> <span class='ocrx_word' id='word_1_73' title='bbox 315 773 399 809; x_wconf 89' lang='lat' dir='ltr'>illos</span> <span class='ocrx_word' id='word_1_74' title='bbox 426 772 533 817; x_wconf 88' lang='lat' dir='ltr'>vidit,</span> <span class='ocrx_word' id='word_1_75' title='bbox 567 771 747 809; x_wconf 81' lang='lat' dir='ltr'>audiente</span> <span class='ocrx_word' id='word_1_76' title='bbox 778 771 947 809; x_wconf 86' lang='lat' dir='ltr'>exercitu</span> <span class='ocrx_word' id='word_1_77' title='bbox 979 769 1088 820; x_wconf 81' lang='lat' dir='ltr'>quasi</span> <span class='ocrx_word' id='word_1_78' title='bbox 1110 770 1266 808; x_wconf 85' lang='lat' dir='ltr'>rabidus</span> <span class='ocrx_word' id='word_1_79' title='bbox 1300 773 1558 814; x_wconf 81' lang='lat' dir='ltr'>exclamavit:</span> 
     </span>
     <span class='ocr_line' id='line_1_10' title="bbox 99 834 1559 886; baseline 0.002 -13"><span class='ocrx_word' id='word_1_80' title='bbox 99 839 162 873; x_wconf 88' lang='lat' dir='ltr'>‘et</span> <span class='ocrx_word' id='word_1_81' title='bbox 190 835 410 886; x_wconf 88' lang='lat' dir='ltr'>quomo‹lo‚&#39;</span> <span class='ocrx_word' id='word_1_82' title='bbox 450 834 589 885; x_wconf 84' lang='lat' dir='ltr'>inquit,</span> <span class='ocrx_word' id='word_1_83' title='bbox 629 836 730 873; x_wconf 88' lang='lat' dir='ltr'>‘huc</span> <span class='ocrx_word' id='word_1_84' title='bbox 762 835 929 881; x_wconf 88' lang='lat' dir='ltr'>venistis,</span> <span class='ocrx_word' id='word_1_85' title='bbox 959 848 1006 872; x_wconf 92' lang='lat' dir='ltr'>an</span> <span class='ocrx_word' id='word_1_86' title='bbox 1036 834 1260 884; x_wconf 85' lang='lat' dir='ltr'>explorandi</span> <span class='ocrx_word' id='word_1_87' title='bbox 1295 837 1441 885; x_wconf 73' lang='lat' dir='ltr'>gratia?</span> <span class='ocrx_word' id='word_1_88' title='bbox 1497 840 1559 876; x_wconf 88' lang='lat' dir='ltr'>An</span> 
     </span>
     <span class='ocr_line' id='line_1_11' title="bbox 101 899 1560 950; baseline 0.001 -13"><span class='ocrx_word' id='word_1_89' title='bbox 101 899 195 949; x_wconf 87' lang='lat' dir='ltr'>quid</span> <span class='ocrx_word' id='word_1_90' title='bbox 217 900 268 937; x_wconf 91' lang='lat' dir='ltr'>rei</span> <span class='ocrx_word' id='word_1_91' title='bbox 290 906 348 938; x_wconf 91' lang='lat' dir='ltr'>est</span> <span class='ocrx_word' id='word_1_92' title='bbox 367 900 477 938; x_wconf 88' lang='lat' dir='ltr'>vobis</span> <span class='ocrx_word' id='word_1_93' title='bbox 497 899 535 937; x_wconf 93' lang='lat' dir='ltr'>in</span> <span class='ocrx_word' id='word_1_94' title='bbox 555 900 689 938; x_wconf 87' lang='lat' dir='ltr'>castris</span> <span class='ocrx_word' id='word_1_95' title='bbox 718 900 811 937; x_wconf 89' lang='lat' dir='ltr'>meis</span> <span class='ocrx_word' id='word_1_96' title='bbox 824 901 853 937; x_wconf 74' lang='lat'>&#39;3’</span> <span class='ocrx_word' id='word_1_97' title='bbox 880 905 1059 950; x_wconf 85' lang='lat' dir='ltr'>parantes</span> <span class='ocrx_word' id='word_1_98' title='bbox 1092 912 1249 938; x_wconf 74' lang='lat' dir='ltr'>causam</span> <span class='ocrx_word' id='word_1_99' title='bbox 1281 900 1339 937; x_wconf 91' lang='lat' dir='ltr'>sui</span> <span class='ocrx_word' id='word_1_100' title='bbox 1371 900 1560 939; x_wconf 88' lang='lat' dir='ltr'>adventus</span> 
     </span>
     <span class='ocr_line' id='line_1_12' title="bbox 101 962 1562 1013; baseline 0.002 -13"><span class='ocrx_word' id='word_1_101' title='bbox 101 963 223 1013; x_wconf 86' lang='lat' dir='ltr'>loqui,</span> <span class='ocrx_word' id='word_1_102' title='bbox 245 963 364 1000; x_wconf 89' lang='lat' dir='ltr'>vetuit</span> <span class='ocrx_word' id='word_1_103' title='bbox 379 969 416 1000; x_wconf 90' lang='lat' dir='ltr'>et</span> <span class='ocrx_word' id='word_1_104' title='bbox 437 962 475 999; x_wconf 91' lang='lat' dir='ltr'>in</span> <span class='ocrx_word' id='word_1_105' title='bbox 496 962 648 1000; x_wconf 87' lang='lat' dir='ltr'>vincula</span> <span class='ocrx_word' id='word_1_106' title='bbox 669 963 873 1001; x_wconf 85' lang='lat' dir='ltr'>conclusit.</span> <span class='ocrx_word' id='word_1_107' title='bbox 930 963 1018 1000; x_wconf 88' lang='lat' dir='ltr'>Hoc</span> <span class='ocrx_word' id='word_1_108' title='bbox 1038 962 1143 1000; x_wconf 85' lang='lat' dir='ltr'>facto</span> <span class='ocrx_word' id='word_1_109' title='bbox 1162 963 1289 1000; x_wconf 89' lang='lat' dir='ltr'>statim</span> <span class='ocrx_word' id='word_1_110' title='bbox 1310 963 1397 1001; x_wconf 89' lang='lat' dir='ltr'>inde</span> <span class='ocrx_word' id='word_1_111' title='bbox 1420 965 1562 1003; x_wconf 87' lang='lat' dir='ltr'>disces·</span> 
     </span>
     <span class='ocr_line' id='line_1_13' title="bbox 103 1026 1562 1079; baseline 0.002 -15"><span class='ocrx_word' id='word_1_112' title='bbox 103 1027 173 1066; x_wconf 88' lang='lat' dir='ltr'>sit:</span> <span class='ocrx_word' id='word_1_113' title='bbox 205 1032 243 1064; x_wconf 81' lang='lat' dir='ltr'>et</span> <span class='ocrx_word' id='word_1_114' title='bbox 263 1039 328 1064; x_wconf 79' lang='lat' dir='ltr'>sex</span> <span class='ocrx_word' id='word_1_115' title='bbox 358 1026 462 1064; x_wconf 88' lang='lat' dir='ltr'>milia</span> <span class='ocrx_word' id='word_1_116' title='bbox 482 1040 664 1077; x_wconf 85' lang='lat' dir='ltr'>passuum</span> <span class='ocrx_word' id='word_1_117' title='bbox 686 1040 807 1077; x_wconf 84' lang='lat' dir='ltr'>prope</span> <span class='ocrx_word' id='word_1_118' title='bbox 830 1028 1023 1064; x_wconf 88' lang='lat' dir='ltr'>Caesarem</span> <span class='ocrx_word' id='word_1_119' title='bbox 1045 1032 1170 1065; x_wconf 83' lang='lat' dir='ltr'>castra</span> <span class='ocrx_word' id='word_1_120' title='bbox 1191 1032 1353 1064; x_wconf 87' lang='lat' dir='ltr'>metatus</span> <span class='ocrx_word' id='word_1_121' title='bbox 1374 1035 1445 1065; x_wconf 84' lang='lat' dir='ltr'>est.</span> <span class='ocrx_word' id='word_1_122' title='bbox 1474 1029 1562 1079; x_wconf 70' lang='lat'>[40]</span> 
     </span>
     <span class='ocr_line' id='line_1_14' title="bbox 103 1089 1562 1142; baseline 0.002 -15"><span class='ocrx_word' id='word_1_123' title='bbox 103 1089 326 1139; x_wconf 78' lang='lat' dir='ltr'>³²Cun1que</span> <span class='ocrx_word' id='word_1_124' title='bbox 346 1091 428 1139; x_wconf 89' lang='lat' dir='ltr'>ipsc</span> <span class='ocrx_word' id='word_1_125' title='bbox 449 1091 574 1127; x_wconf 90' lang='lat' dir='ltr'>locum</span> <span class='ocrx_word' id='word_1_126' title='bbox 598 1090 658 1127; x_wconf 90' lang='lat' dir='ltr'>die</span> <span class='ocrx_word' id='word_1_127' title='bbox 680 1091 859 1139; x_wconf 83' lang='lat' dir='ltr'>proximo</span> <span class='ocrx_word' id='word_1_128' title='bbox 880 1090 1065 1127; x_wconf 85' lang='lat' dir='ltr'>mutavit:</span> <span class='ocrx_word' id='word_1_129' title='bbox 1096 1097 1135 1128; x_wconf 90' lang='lat' dir='ltr'>et</span> <span class='ocrx_word' id='word_1_130' title='bbox 1165 1090 1372 1128; x_wconf 77' lang='lat' dir='ltr'>33dimissis</span> <span class='ocrx_word' id='word_1_131' title='bbox 1404 1105 1425 1128; x_wconf 87' lang='lat' dir='ltr'>a</span> <span class='ocrx_word' id='word_1_132' title='bbox 1454 1098 1562 1142; x_wconf 82' lang='lat' dir='ltr'>tergo</span> 
     </span>
     <span class='ocr_line' id='line_1_15' title="bbox 101 1151 1562 1203; baseline 0.001 -12"><span class='ocrx_word' id='word_1_133' title='bbox 101 1153 237 1191; x_wconf 87' lang='lat' dir='ltr'>castris</span> <span class='ocrx_word' id='word_1_134' title='bbox 257 1154 532 1198; x_wconf 88' lang='lat' dir='ltr'>Romanorum,</span> <span class='ocrx_word' id='word_1_135' title='bbox 553 1151 602 1190; x_wconf 89' lang='lat' dir='ltr'>ad</span> <span class='ocrx_word' id='word_1_136' title='bbox 619 1152 697 1189; x_wconf 93' lang='lat' dir='ltr'>duo</span> <span class='ocrx_word' id='word_1_137' title='bbox 718 1153 820 1189; x_wconf 87' lang='lat' dir='ltr'>milia</span> <span class='ocrx_word' id='word_1_138' title='bbox 839 1165 1023 1202; x_wconf 86' lang='lat' dir='ltr'>passuum</span> <span class='ocrx_word' id='word_1_139' title='bbox 1044 1152 1094 1189; x_wconf 89' lang='lat' dir='ltr'>ab</span> <span class='ocrx_word' id='word_1_140' title='bbox 1115 1153 1230 1190; x_wconf 86' lang='lat' dir='ltr'>altera</span> <span class='ocrx_word' id='word_1_141' title='bbox 1246 1162 1356 1203; x_wconf 79' lang='lat' dir='ltr'>parte</span> <span class='ocrx_word' id='word_1_142' title='bbox 1372 1155 1562 1201; x_wconf 76' lang='lat' dir='ltr'>consedit,</span> 
     </span>
     <span class='ocr_line' id='line_1_16' title="bbox 104 1216 1564 1268; baseline 0.002 -15"><span class='ocrx_word' id='word_1_143' title='bbox 104 1229 183 1266; x_wconf 86' lang='lat' dir='ltr'>quo</span> <span class='ocrx_word' id='word_1_144' title='bbox 218 1216 367 1254; x_wconf 89' lang='lat' dir='ltr'>scilicet</span> <span class='ocrx_word' id='word_1_145' title='bbox 400 1222 636 1254; x_wconf 84' lang='lat' dir='ltr'>commeatus</span> <span class='ocrx_word' id='word_1_146' title='bbox 675 1216 766 1254; x_wconf 92' lang='lat' dir='ltr'>inde</span> <span class='ocrx_word' id='word_1_147' title='bbox 803 1225 985 1254; x_wconf 90' lang='lat' dir='ltr'>venturos</span> <span class='ocrx_word' id='word_1_148' title='bbox 1023 1216 1072 1253; x_wconf 88' lang='lat' dir='ltr'>ad</span> <span class='ocrx_word' id='word_1_149' title='bbox 1114 1217 1306 1254; x_wconf 82' lang='lat' dir='ltr'>Caesarem</span> <span class='ocrx_word' id='word_1_150' title='bbox 1344 1219 1564 1268; x_wconf 85' lang='lat' dir='ltr'>impediret.</span> 
     </span>
     <span class='ocr_line' id='line_1_17' title="bbox 103 1280 1564 1333; baseline 0.001 -15"><span class='ocrx_word' id='word_1_151' title='bbox 103 1281 234 1318; x_wconf 71' lang='lat' dir='ltr'>Caesar</span> <span class='ocrx_word' id='word_1_152' title='bbox 262 1286 388 1317; x_wconf 89' lang='lat' dir='ltr'>autem</span> <span class='ocrx_word' id='word_1_153' title='bbox 419 1280 593 1330; x_wconf 84' lang='lat' dir='ltr'>quotidie</span> <span class='ocrx_word' id='word_1_154' title='bbox 625 1281 854 1319; x_wconf 83' lang='lat' dir='ltr'>instructam</span> <span class='ocrx_word' id='word_1_155' title='bbox 892 1280 1012 1318; x_wconf 86' lang='lat' dir='ltr'>aciem</span> <span class='ocrx_word' id='word_1_156' title='bbox 1044 1281 1178 1318; x_wconf 86' lang='lat' dir='ltr'>castris</span> <span class='ocrx_word' id='word_1_157' title='bbox 1207 1280 1391 1327; x_wconf 88' lang='lat' dir='ltr'>educens,</span> <span class='ocrx_word' id='word_1_158' title='bbox 1421 1295 1564 1333; x_wconf 79' lang='lat' dir='ltr'>pugnae</span> 
     </span>
     <span class='ocr_line' id='line_1_18' title="bbox 103 1342 1565 1393; baseline 0.002 -13"><span class='ocrx_word' id='word_1_159' title='bbox 103 1343 256 1393; x_wconf 83' lang='lat' dir='ltr'>copiam</span> <span class='ocrx_word' id='word_1_160' title='bbox 277 1343 454 1380; x_wconf 84' lang='lat' dir='ltr'>hostibus</span> <span class='ocrx_word' id='word_1_161' title='bbox 473 1342 653 1382; x_wconf 84' lang='lat' dir='ltr'>faciebat.</span> <span class='ocrx_word' id='word_1_162' title='bbox 712 1343 931 1382; x_wconf 82' lang='lat' dir='ltr'>Ariovistus</span> <span class='ocrx_word' id='word_1_163' title='bbox 953 1357 992 1382; x_wconf 92' lang='lat' dir='ltr'>se</span> <span class='ocrx_word' id='word_1_164' title='bbox 1007 1344 1141 1382; x_wconf 89' lang='lat' dir='ltr'>castris</span> <span class='ocrx_word' id='word_1_165' title='bbox 1155 1345 1303 1382; x_wconf 85' lang='lat' dir='ltr'>assidue</span> <span class='ocrx_word' id='word_1_166' title='bbox 1319 1346 1565 1384; x_wconf 84' lang='lat' dir='ltr'>continebat:</span> 
     </span>
     <span class='ocr_line' id='line_1_19' title="bbox 105 1407 1567 1458; baseline 0.002 -14"><span class='ocrx_word' id='word_1_167' title='bbox 105 1420 169 1445; x_wconf 86' lang='lat' dir='ltr'>sex</span> <span class='ocrx_word' id='word_1_168' title='bbox 192 1414 317 1444; x_wconf 84' lang='lat' dir='ltr'>tamen</span> <span class='ocrx_word' id='word_1_169' title='bbox 339 1407 512 1456; x_wconf 87' lang='lat' dir='ltr'>equitum</span> <span class='ocrx_word' id='word_1_170' title='bbox 535 1407 650 1452; x_wconf 86' lang='lat' dir='ltr'>milia,</span> <span class='ocrx_word' id='word_1_171' title='bbox 681 1413 719 1444; x_wconf 91' lang='lat' dir='ltr'>et</span> <span class='ocrx_word' id='word_1_172' title='bbox 751 1407 915 1445; x_wconf 90' lang='lat' dir='ltr'>totidem</span> <span class='ocrx_word' id='word_1_173' title='bbox 947 1407 1323 1457; x_wconf 85' lang='lat' dir='ltr'>expeditissimorum</span> <span class='ocrx_word' id='word_1_174' title='bbox 1345 1407 1567 1458; x_wconf 74' lang='lat' dir='ltr'>peditum³⁴</span> 
     </span>
     <span class='ocr_line' id='line_1_20' title="bbox 105 1469 1566 1520; baseline 0.003 -13"><span class='ocrx_word' id='word_1_175' title='bbox 105 1473 170 1520; x_wconf 81' lang='lat' dir='ltr'>qui</span> <span class='ocrx_word' id='word_1_176' title='bbox 206 1469 337 1508; x_wconf 87' lang='lat' dir='ltr'>dietim</span> <span class='ocrx_word' id='word_1_177' title='bbox 373 1469 522 1508; x_wconf 87' lang='lat' dir='ltr'>levibus</span> <span class='ocrx_word' id='word_1_178' title='bbox 560 1471 701 1519; x_wconf 86' lang='lat' dir='ltr'>proeliis</span> <span class='ocrx_word' id='word_1_179' title='bbox 736 1471 932 1508; x_wconf 84' lang='lat' dir='ltr'>Romanos</span> <span class='ocrx_word' id='word_1_180' title='bbox 968 1469 1211 1509; x_wconf 87' lang='lat' dir='ltr'>incesserent.</span> <span class='ocrx_word' id='word_1_181' title='bbox 1268 1471 1313 1509; x_wconf 90' lang='lat' dir='ltr'>Id</span> <span class='ocrx_word' id='word_1_182' title='bbox 1349 1485 1437 1510; x_wconf 90' lang='lat' dir='ltr'>vero</span> <span class='ocrx_word' id='word_1_183' title='bbox 1475 1486 1566 1511; x_wconf 87' lang='lat' dir='ltr'>cum</span> 
     </span>
     <span class='ocr_line' id='line_1_21' title="bbox 105 1533 1566 1587; baseline 0.003 -16"><span class='ocrx_word' id='word_1_184' title='bbox 105 1534 245 1572; x_wconf 87' lang='lat' dir='ltr'>diebus</span> <span class='ocrx_word' id='word_1_185' title='bbox 266 1534 436 1584; x_wconf 85' lang='lat' dir='ltr'>quinque</span> <span class='ocrx_word' id='word_1_186' title='bbox 453 1533 640 1571; x_wconf 83' lang='lat' dir='ltr'>continuis</span> <span class='ocrx_word' id='word_1_187' title='bbox 662 1539 792 1572; x_wconf 86' lang='lat' dir='ltr'>actum</span> <span class='ocrx_word' id='word_1_188' title='bbox 812 1541 926 1579; x_wconf 87' lang='lat' dir='ltr'>esset,</span> <span class='ocrx_word' id='word_1_189' title='bbox 955 1534 1113 1584; x_wconf 86' lang='lat' dir='ltr'>cognito</span> <span class='ocrx_word' id='word_1_190' title='bbox 1134 1535 1265 1572; x_wconf 82' lang='lat' dir='ltr'>Caesar</span> <span class='ocrx_word' id='word_1_191' title='bbox 1285 1535 1453 1574; x_wconf 88' lang='lat' dir='ltr'>hostium</span> <span class='ocrx_word' id='word_1_192' title='bbox 1474 1550 1566 1587; x_wconf 88' lang='lat' dir='ltr'>pro-</span> 
     </span>
     <span class='ocr_line' id='line_1_22' title="bbox 105 1597 1568 1648; baseline 0.003 -14"><span class='ocrx_word' id='word_1_193' title='bbox 105 1598 247 1648; x_wconf 87' lang='lat' dir='ltr'>posit0,</span> <span class='ocrx_word' id='word_1_194' title='bbox 267 1610 343 1635; x_wconf 92' lang='lat' dir='ltr'>non</span> <span class='ocrx_word' id='word_1_195' title='bbox 364 1597 506 1635; x_wconf 90' lang='lat' dir='ltr'>diutius</span> <span class='ocrx_word' id='word_1_196' title='bbox 528 1598 616 1635; x_wconf 91' lang='lat' dir='ltr'>tulit</span> <span class='ocrx_word' id='word_1_197' title='bbox 636 1611 675 1635; x_wconf 91' lang='lat' dir='ltr'>se</span> <span class='ocrx_word' id='word_1_198' title='bbox 695 1598 976 1636; x_wconf 85' lang='lat' dir='ltr'>commeatibus</span> <span class='ocrx_word' id='word_1_199' title='bbox 996 1598 1218 1637; x_wconf 85' lang='lat' dir='ltr'>intercludi:</span> <span class='ocrx_word' id='word_1_200' title='bbox 1249 1599 1317 1637; x_wconf 88' lang='lat' dir='ltr'>sed</span> <span class='ocrx_word' id='word_1_201' title='bbox 1337 1606 1460 1638; x_wconf 87' lang='lat' dir='ltr'>castra</span> <span class='ocrx_word' id='word_1_202' title='bbox 1480 1601 1568 1639; x_wconf 87' lang='lat' dir='ltr'>hos-</span> 
     </span>
     <span class='ocr_line' id='line_1_23' title="bbox 107 1660 1566 1712; baseline 0.003 -14"><span class='ocrx_word' id='word_1_203' title='bbox 107 1661 206 1699; x_wconf 84' lang='lat' dir='ltr'>tium</span> <span class='ocrx_word' id='word_1_204' title='bbox 227 1660 499 1699; x_wconf 87' lang='lat' dir='ltr'>transcendens</span> <span class='ocrx_word' id='word_1_205' title='bbox 530 1660 577 1698; x_wconf 85' lang='lat' dir='ltr'>ad</span> <span class='ocrx_word' id='word_1_206' title='bbox 610 1668 812 1700; x_wconf 84' lang='lat' dir='ltr'>sexcentos</span> <span class='ocrx_word' id='word_1_207' title='bbox 844 1674 922 1698; x_wconf 90' lang='lat' dir='ltr'>non</span> <span class='ocrx_word' id='word_1_208' title='bbox 953 1662 1119 1712; x_wconf 88' lang='lat' dir='ltr'>amplius</span> <span class='ocrx_word' id='word_1_209' title='bbox 1139 1675 1284 1712; x_wconf 90' lang='lat' dir='ltr'>passus,</span> <span class='ocrx_word' id='word_1_210' title='bbox 1306 1662 1434 1701; x_wconf 89' lang='lat' dir='ltr'>locum</span> <span class='ocrx_word' id='word_1_211' title='bbox 1456 1664 1566 1703; x_wconf 85' lang='lat' dir='ltr'>novis</span> 
     </span>
     <span class='ocr_line' id='line_1_24' title="bbox 107 1724 1567 1775; baseline 0.001 -13"><span class='ocrx_word' id='word_1_212' title='bbox 107 1724 242 1762; x_wconf 87' lang='lat' dir='ltr'>eastris</span> <span class='ocrx_word' id='word_1_213' title='bbox 278 1724 459 1762; x_wconf 89' lang='lat' dir='ltr'>idoneum</span> <span class='ocrx_word' id='word_1_214' title='bbox 490 1725 717 1775; x_wconf 80' lang='lat' dir='ltr'>occupavit:</span> <span class='ocrx_word' id='word_1_215' title='bbox 748 1730 787 1762; x_wconf 90' lang='lat' dir='ltr'>et</span> <span class='ocrx_word' id='word_1_216' title='bbox 819 1724 1049 1775; x_wconf 71' lang='lat' dir='ltr'>praesagiens</span> <span class='ocrx_word' id='word_1_217' title='bbox 1079 1725 1286 1763; x_wconf 85' lang='lat' dir='ltr'>barbarum</span> <span class='ocrx_word' id='word_1_218' title='bbox 1320 1726 1567 1773; x_wconf 86' lang='lat' dir='ltr'>obstiturum,</span> 
     </span>
     <span class='ocr_line' id='line_1_25' title="bbox 106 1788 1570 1840; baseline 0.001 -14"><span class='ocrx_word' id='word_1_219' title='bbox 106 1795 182 1827; x_wconf 87' lang='lat' dir='ltr'>tres</span> <span class='ocrx_word' id='word_1_220' title='bbox 203 1788 304 1826; x_wconf 85' lang='lat' dir='ltr'>acies</span> <span class='ocrx_word' id='word_1_221' title='bbox 325 1788 577 1834; x_wconf 84' lang='lat' dir='ltr'>ordinaverat,</span> <span class='ocrx_word' id='word_1_222' title='bbox 611 1801 772 1839; x_wconf 87' lang='lat' dir='ltr'>quarum</span> <span class='ocrx_word' id='word_1_223' title='bbox 793 1788 881 1826; x_wconf 86' lang='lat' dir='ltr'>duae</span> <span class='ocrx_word' id='word_1_224' title='bbox 903 1789 941 1826; x_wconf 87' lang='lat' dir='ltr'>in</span> <span class='ocrx_word' id='word_1_225' title='bbox 963 1788 1113 1826; x_wconf 85' lang='lat' dir='ltr'>hostem</span> <span class='ocrx_word' id='word_1_226' title='bbox 1138 1801 1257 1826; x_wconf 81' lang='lat' dir='ltr'>versae</span> <span class='ocrx_word' id='word_1_227' title='bbox 1275 1795 1313 1826; x_wconf 90' lang='lat' dir='ltr'>et</span> <span class='ocrx_word' id='word_1_228' title='bbox 1333 1789 1370 1827; x_wconf 89' lang='lat' dir='ltr'>in</span> <span class='ocrx_word' id='word_1_229' title='bbox 1390 1790 1570 1840; x_wconf 84' lang='lat' dir='ltr'>proelium</span> 
     </span>
     <span class='ocr_line' id='line_1_26' title="bbox 106 1851 1568 1903; baseline 0.001 -13"><span class='ocrx_word' id='word_1_230' title='bbox 106 1851 264 1890; x_wconf 86' lang='lat' dir='ltr'>intentae</span> <span class='ocrx_word' id='word_1_231' title='bbox 285 1858 426 1897; x_wconf 88' lang='lat' dir='ltr'>essent,</span> <span class='ocrx_word' id='word_1_232' title='bbox 449 1852 559 1890; x_wconf 88' lang='lat' dir='ltr'>tertia</span> <span class='ocrx_word' id='word_1_233' title='bbox 580 1852 769 1890; x_wconf 87' lang='lat' dir='ltr'>metandis</span> <span class='ocrx_word' id='word_1_234' title='bbox 787 1852 922 1890; x_wconf 90' lang='lat' dir='ltr'>castris</span> <span class='ocrx_word' id='word_1_235' title='bbox 937 1851 1202 1890; x_wconf 86' lang='lat' dir='ltr'>incumberet:</span> <span class='ocrx_word' id='word_1_236' title='bbox 1233 1852 1337 1903; x_wconf 90' lang='lat' dir='ltr'>quod</span> <span class='ocrx_word' id='word_1_237' title='bbox 1353 1854 1568 1892; x_wconf 79' lang='lat' dir='ltr'>Ariovistus</span> 
     </span>
     <span class='ocr_line' id='line_1_27' title="bbox 106 1913 1570 1967; baseline 0.002 -15"><span class='ocrx_word' id='word_1_238' title='bbox 106 1915 335 1966; x_wconf 85' lang='lat' dir='ltr'>intelligens,</span> <span class='ocrx_word' id='word_1_239' title='bbox 355 1928 494 1966; x_wconf 86' lang='lat' dir='ltr'>magna</span> <span class='ocrx_word' id='word_1_240' title='bbox 513 1921 619 1966; x_wconf 88' lang='lat' dir='ltr'>parte</span> <span class='ocrx_word' id='word_1_241' title='bbox 635 1916 822 1966; x_wconf 86' lang='lat' dir='ltr'>pedestris</span> <span class='ocrx_word' id='word_1_242' title='bbox 841 1915 1032 1953; x_wconf 84' lang='lat' dir='ltr'>exercitus</span> <span class='ocrx_word' id='word_1_243' title='bbox 1053 1922 1091 1953; x_wconf 91' lang='lat' dir='ltr'>et</span> <span class='ocrx_word' id='word_1_244' title='bbox 1119 1913 1334 1953; x_wconf 81' lang='lat' dir='ltr'>³⁵0mnium</span> <span class='ocrx_word' id='word_1_245' title='bbox 1354 1918 1570 1967; x_wconf 87' lang='lat' dir='ltr'>equitatum</span> 
     </span>
     <span class='ocr_line' id='line_1_28' title="bbox 108 1978 1570 2024; baseline 0.002 -7"><span class='ocrx_word' id='word_1_246' title='bbox 108 1979 291 2024; x_wconf 87' lang='lat' dir='ltr'>immisso,</span> <span class='ocrx_word' id='word_1_247' title='bbox 313 1979 471 2018; x_wconf 90' lang='lat' dir='ltr'>turbare</span> <span class='ocrx_word' id='word_1_248' title='bbox 492 1991 572 2017; x_wconf 91' lang='lat' dir='ltr'>rem</span> <span class='ocrx_word' id='word_1_249' title='bbox 592 1979 714 2017; x_wconf 89' lang='lat' dir='ltr'>voluit</span> <span class='ocrx_word' id='word_1_250' title='bbox 733 1992 805 2017; x_wconf 88' lang='lat' dir='ltr'>nec</span> <span class='ocrx_word' id='word_1_251' title='bbox 823 1979 955 2017; x_wconf 81' lang='lat' dir='ltr'>valuit.</span> <span class='ocrx_word' id='word_1_252' title='bbox 1012 1979 1071 2016; x_wconf 90' lang='lat' dir='ltr'>Ita</span> <span class='ocrx_word' id='word_1_253' title='bbox 1091 1978 1221 2016; x_wconf 90' lang='lat' dir='ltr'>devoti</span> <span class='ocrx_word' id='word_1_254' title='bbox 1241 1985 1349 2016; x_wconf 85' lang='lat' dir='ltr'>erant</span> <span class='ocrx_word' id='word_1_255' title='bbox 1367 1993 1500 2019; x_wconf 90' lang='lat' dir='ltr'>omnes</span> <span class='ocrx_word' id='word_1_256' title='bbox 1519 1981 1570 2020; x_wconf 85' lang='lat' dir='ltr'>ad</span> 
     </span>
     <span class='ocr_line' id='line_1_29' title="bbox 107 2041 1572 2093; baseline 0.003 -13"><span class='ocrx_word' id='word_1_257' title='bbox 107 2042 305 2093; x_wconf 88' lang='lat' dir='ltr'>imperium</span> <span class='ocrx_word' id='word_1_258' title='bbox 340 2042 500 2080; x_wconf 78' lang='lat' dir='ltr'>Caesaris</span> <span class='ocrx_word' id='word_1_259' title='bbox 531 2041 814 2092; x_wconf 83' lang='lat' dir='ltr'>exequendum.</span> <span class='ocrx_word' id='word_1_260' title='bbox 871 2043 958 2080; x_wconf 90' lang='lat' dir='ltr'>Jam</span> <span class='ocrx_word' id='word_1_261' title='bbox 997 2041 1076 2080; x_wconf 90' lang='lat' dir='ltr'>duo</span> <span class='ocrx_word' id='word_1_262' title='bbox 1108 2042 1206 2080; x_wconf 85' lang='lat' dir='ltr'>inter</span> <span class='ocrx_word' id='word_1_263' title='bbox 1239 2043 1415 2081; x_wconf 88' lang='lat' dir='ltr'>Romana</span> <span class='ocrx_word' id='word_1_264' title='bbox 1444 2051 1572 2084; x_wconf 83' lang='lat' dir='ltr'>castra</span> 
     </span>
     <span class='ocr_line' id='line_1_30' title="bbox 107 2106 1573 2159; baseline 0.003 -16"><span class='ocrx_word' id='word_1_265' title='bbox 107 2112 300 2143; x_wconf 86' lang='lat' dir='ltr'>coartatus</span> <span class='ocrx_word' id='word_1_266' title='bbox 320 2106 454 2152; x_wconf 88' lang='lat' dir='ltr'>hostis,</span> <span class='ocrx_word' id='word_1_267' title='bbox 475 2113 514 2144; x_wconf 92' lang='lat' dir='ltr'>et</span> <span class='ocrx_word' id='word_1_268' title='bbox 532 2107 661 2145; x_wconf 91' lang='lat' dir='ltr'>multis</span> <span class='ocrx_word' id='word_1_269' title='bbox 682 2106 884 2145; x_wconf 89' lang='lat' dir='ltr'>insultibus</span> <span class='ocrx_word' id='word_1_270' title='bbox 897 2106 1114 2152; x_wconf 86' lang='lat' dir='ltr'>lacessitus,</span> <span class='ocrx_word' id='word_1_271' title='bbox 1145 2107 1280 2144; x_wconf 86' lang='lat' dir='ltr'>castris</span> <span class='ocrx_word' id='word_1_272' title='bbox 1301 2113 1428 2146; x_wconf 87' lang='lat' dir='ltr'>tamen</span> <span class='ocrx_word' id='word_1_273' title='bbox 1455 2109 1573 2159; x_wconf 89' lang='lat' dir='ltr'>perti-</span> 
     </span>
     <span class='ocr_line' id='line_1_31' title="bbox 109 2167 1571 2223; baseline 0.003 -17"><span class='ocrx_word' id='word_1_274' title='bbox 109 2167 258 2206; x_wconf 86' lang='lat' dir='ltr'>naciter</span> <span class='ocrx_word' id='word_1_275' title='bbox 276 2181 315 2206; x_wconf 89' lang='lat' dir='ltr'>se</span> <span class='ocrx_word' id='word_1_276' title='bbox 335 2168 512 2207; x_wconf 88' lang='lat' dir='ltr'>tenebat:</span> <span class='ocrx_word' id='word_1_277' title='bbox 543 2170 650 2219; x_wconf 91' lang='lat' dir='ltr'>quod</span> <span class='ocrx_word' id='word_1_278' title='bbox 670 2183 759 2208; x_wconf 90' lang='lat' dir='ltr'>cum</span> <span class='ocrx_word' id='word_1_279' title='bbox 779 2171 910 2209; x_wconf 76' lang='lat' dir='ltr'>Caesar</span> <span class='ocrx_word' id='word_1_280' title='bbox 927 2170 1120 2208; x_wconf 86' lang='lat' dir='ltr'>admirans</span> <span class='ocrx_word' id='word_1_281' title='bbox 1141 2184 1187 2208; x_wconf 75' lang='lat' dir='ltr'>ex</span> <span class='ocrx_word' id='word_1_282' title='bbox 1209 2171 1371 2220; x_wconf 84' lang='lat' dir='ltr'>captivis</span> <span class='ocrx_word' id='word_1_283' title='bbox 1403 2172 1571 2223; x_wconf 88' lang='lat' dir='ltr'>iuquire-</span> 
     </span>
     <span class='ocr_line' id='line_1_32' title="bbox 110 2231 1571 2283; baseline 0.003 -13"><span class='ocrx_word' id='word_1_284' title='bbox 110 2237 190 2277; x_wconf 83' lang='lat' dir='ltr'>ret;</span> <span class='ocrx_word' id='word_1_285' title='bbox 224 2231 316 2282; x_wconf 90' lang='lat' dir='ltr'>quid</span> <span class='ocrx_word' id='word_1_286' title='bbox 356 2244 484 2270; x_wconf 79' lang='lat' dir='ltr'>eausae</span> <span class='ocrx_word' id='word_1_287' title='bbox 522 2243 620 2270; x_wconf 87' lang='lat' dir='ltr'>esset</span> <span class='ocrx_word' id='word_1_288' title='bbox 657 2234 763 2283; x_wconf 87' lang='lat' dir='ltr'>quod</span> <span class='ocrx_word' id='word_1_289' title='bbox 790 2234 976 2272; x_wconf 86' lang='lat' dir='ltr'>Germani</span> <span class='ocrx_word' id='word_1_290' title='bbox 1008 2232 1282 2271; x_wconf 80' lang='lat' dir='ltr'>³⁶bellatissimi</span> <span class='ocrx_word' id='word_1_291' title='bbox 1313 2235 1485 2272; x_wconf 91' lang='lat' dir='ltr'>homines</span> <span class='ocrx_word' id='word_1_292' title='bbox 1516 2236 1571 2274; x_wconf 87' lang='lat' dir='ltr'>sic</span> 
     </span>
     <span class='ocr_line' id='line_1_33' title="bbox 112 2295 1571 2346; baseline 0.003 -13"><span class='ocrx_word' id='word_1_293' title='bbox 112 2295 215 2334; x_wconf 88' lang='lat' dir='ltr'>bella</span> <span class='ocrx_word' id='word_1_294' title='bbox 244 2302 470 2341; x_wconf 84' lang='lat' dir='ltr'>metuerent,</span> <span class='ocrx_word' id='word_1_295' title='bbox 501 2296 757 2346; x_wconf 80' lang='lat' dir='ltr'>deprehendit</span> <span class='ocrx_word' id='word_1_296' title='bbox 789 2310 855 2335; x_wconf 89' lang='lat' dir='ltr'>eos</span> <span class='ocrx_word' id='word_1_297' title='bbox 894 2297 1062 2334; x_wconf 89' lang='lat' dir='ltr'>sortibus</span> <span class='ocrx_word' id='word_1_298' title='bbox 1096 2297 1408 2335; x_wconf 81' lang='lat' dir='ltr'>muliercularum</span> <span class='ocrx_word' id='word_1_299' title='bbox 1447 2304 1571 2337; x_wconf 85' lang='lat' dir='ltr'>castra</span> 
     </span>
     <span class='ocr_line' id='line_1_34' title="bbox 113 2360 1574 2409; baseline 0.002 -12"><span class='ocrx_word' id='word_1_300' title='bbox 113 2360 353 2409; x_wconf 85' lang='lat' dir='ltr'>sequentium</span> <span class='ocrx_word' id='word_1_301' title='bbox 385 2360 624 2405; x_wconf 78' lang='lat' dir='ltr'>absterritus,</span> <span class='ocrx_word' id='word_1_302' title='bbox 660 2374 705 2398; x_wconf 94' lang='lat' dir='ltr'>ne</span> <span class='ocrx_word' id='word_1_303' title='bbox 734 2368 822 2399; x_wconf 84' lang='lat' dir='ltr'>aute</span> <span class='ocrx_word' id='word_1_304' title='bbox 857 2374 998 2398; x_wconf 86' lang='lat' dir='ltr'>novam</span> <span class='ocrx_word' id='word_1_305' title='bbox 1031 2361 1160 2398; x_wconf 83' lang='lat' dir='ltr'>lunam</span> <span class='ocrx_word' id='word_1_306' title='bbox 1182 2374 1335 2399; x_wconf 86' lang='lat' dir='ltr'>manum</span> <span class='ocrx_word' id='word_1_307' title='bbox 1354 2375 1441 2399; x_wconf 89' lang='lat' dir='ltr'>cum</span> <span class='ocrx_word' id='word_1_308' title='bbox 1464 2363 1574 2401; x_wconf 90' lang='lat' dir='ltr'>hoste</span> 
     </span>
     <span class='ocr_line' id='line_1_35' title="bbox 113 2425 1574 2474; baseline 0.003 -14"><span class='ocrx_word' id='word_1_309' title='bbox 113 2429 380 2461; x_wconf 83' lang='lat' dir='ltr'>consererent:</span> <span class='ocrx_word' id='word_1_310' title='bbox 413 2425 446 2447; x_wconf 78' lang='lat'>³⁷</span> <span class='ocrx_word' id='word_1_311' title='bbox 460 2437 626 2474; x_wconf 88' lang='lat' dir='ltr'>cumque</span> <span class='ocrx_word' id='word_1_312' title='bbox 647 2438 791 2463; x_wconf 83' lang='lat' dir='ltr'>moram</span> <span class='ocrx_word' id='word_1_313' title='bbox 825 2426 1110 2463; x_wconf 85' lang='lat' dir='ltr'>Germanorum</span> <span class='ocrx_word' id='word_1_314' title='bbox 1139 2431 1404 2473; x_wconf 86' lang='lat' dir='ltr'>pervetustum</span> <span class='ocrx_word' id='word_1_315' title='bbox 1426 2439 1510 2463; x_wconf 84' lang='lat' dir='ltr'>esse</span> <span class='ocrx_word' id='word_1_316' title='bbox 1532 2432 1574 2465; x_wconf 82' lang='lat' dir='ltr'>ut</span> 
     </span>
     <span class='ocr_line' id='line_1_36' title="bbox 114 2486 1575 2537; baseline 0.002 -13"><span class='ocrx_word' id='word_1_317' title='bbox 114 2486 254 2524; x_wconf 83' lang='lat' dir='ltr'>talibus</span> <span class='ocrx_word' id='word_1_318' title='bbox 275 2494 506 2536; x_wconf 86' lang='lat' dir='ltr'>regerentur.</span> <span class='ocrx_word' id='word_1_319' title='bbox 563 2489 694 2526; x_wconf 67' lang='lat' dir='ltr'>Caesar</span> <span class='ocrx_word' id='word_1_320' title='bbox 713 2501 801 2525; x_wconf 87' lang='lat' dir='ltr'>vero</span> <span class='ocrx_word' id='word_1_321' title='bbox 822 2487 885 2525; x_wconf 89' lang='lat' dir='ltr'>cui</span> <span class='ocrx_word' id='word_1_322' title='bbox 906 2487 1010 2525; x_wconf 88' lang='lat' dir='ltr'>nulla</span> <span class='ocrx_word' id='word_1_323' title='bbox 1030 2487 1225 2524; x_wconf 70' lang='lat' dir='ltr'>xideretur</span> <span class='ocrx_word' id='word_1_324' title='bbox 1254 2489 1405 2537; x_wconf 73' lang='lat' dir='ltr'>gravior</span> <span class='ocrx_word' id='word_1_325' title='bbox 1418 2489 1575 2537; x_wconf 86' lang='lat' dir='ltr'>jactura</span> 
     </span>
     <span class='ocr_line' id='line_1_37' title="bbox 117 2550 1576 2602; baseline 0 -14"><span class='ocrx_word' id='word_1_326' title='bbox 117 2562 232 2599; x_wconf 86' lang='lat' dir='ltr'>quam</span> <span class='ocrx_word' id='word_1_327' title='bbox 254 2551 449 2600; x_wconf 79' lang='lat' dir='ltr'>tempori5‚</span> <span class='ocrx_word' id='word_1_328' title='bbox 472 2551 533 2588; x_wconf 82' lang='lat' dir='ltr'>vix</span> <span class='ocrx_word' id='word_1_329' title='bbox 553 2552 683 2590; x_wconf 84' lang='lat' dir='ltr'>adhuc</span> <span class='ocrx_word' id='word_1_330' title='bbox 705 2552 832 2590; x_wconf 82' lang='lat' dir='ltr'>triduo</span> <span class='ocrx_word' id='word_1_331' title='bbox 853 2559 1093 2602; x_wconf 78' lang='lat' dir='ltr'>exspectato,</span> <span class='ocrx_word' id='word_1_332' title='bbox 1115 2550 1291 2597; x_wconf 79' lang='lat' dir='ltr'>firmavit,</span> <span class='ocrx_word' id='word_1_333' title='bbox 1330 2552 1434 2602; x_wconf 88' lang='lat' dir='ltr'>quod</span> <span class='ocrx_word' id='word_1_334' title='bbox 1473 2553 1576 2601; x_wconf 85' lang='lat' dir='ltr'>inge-</span> 
     </span>
     <span class='ocr_line' id='line_1_38' title="bbox 115 2613 1575 2666; baseline 0.001 -16"><span class='ocrx_word' id='word_1_335' title='bbox 115 2613 181 2651; x_wconf 89' lang='lat' dir='ltr'>nio</span> <span class='ocrx_word' id='word_1_336' title='bbox 200 2627 276 2652; x_wconf 90' lang='lat' dir='ltr'>uon</span> <span class='ocrx_word' id='word_1_337' title='bbox 298 2620 442 2664; x_wconf 84' lang='lat' dir='ltr'>posset,</span> <span class='ocrx_word' id='word_1_338' title='bbox 477 2614 514 2651; x_wconf 80' lang='lat' dir='ltr'>vi</span> <span class='ocrx_word' id='word_1_339' title='bbox 547 2623 679 2665; x_wconf 84' lang='lat' dir='ltr'>aperta</span> <span class='ocrx_word' id='word_1_340' title='bbox 699 2616 825 2654; x_wconf 89' lang='lat' dir='ltr'>hostes</span> <span class='ocrx_word' id='word_1_341' title='bbox 847 2616 884 2653; x_wconf 90' lang='lat' dir='ltr'>in</span> <span class='ocrx_word' id='word_1_342' title='bbox 906 2616 1080 2666; x_wconf 86' lang='lat' dir='ltr'>proelium</span> <span class='ocrx_word' id='word_1_343' title='bbox 1114 2615 1265 2653; x_wconf 83' lang='lat' dir='ltr'>elicere.</span> <span class='ocrx_word' id='word_1_344' title='bbox 1323 2616 1458 2665; x_wconf 86' lang='lat' dir='ltr'>Itaque</span> <span class='ocrx_word' id='word_1_345' title='bbox 1495 2614 1575 2652; x_wconf 87' lang='lat' dir='ltr'>suis</span> 
     </span>
     <span class='ocr_line' id='line_1_39' title="bbox 110 2697 1576 2742; baseline 0.001 -14"><span class='ocrx_word' id='word_1_346' title='bbox 110 2708 115 2715; x_wconf 88' lang='lat'>·</span> <span class='ocrx_word' id='word_1_347' title='bbox 159 2700 199 2728; x_wconf 77' lang='lat'>31</span> <span class='ocrx_word' id='word_1_348' title='bbox 224 2697 340 2736; x_wconf 86' lang='lat' dir='ltr'>Forte,</span> <span class='ocrx_word' id='word_1_349' title='bbox 355 2699 578 2738; x_wconf 63' lang='lat' dir='ltr'>hnjusce.&gt;—32</span> <span class='ocrx_word' id='word_1_350' title='bbox 603 2701 707 2740; x_wconf 63' lang='lat' dir='ltr'>Lege,</span> <span class='ocrx_word' id='word_1_351' title='bbox 727 2711 851 2741; x_wconf 79' lang='lat' dir='ltr'>eumque</span> <span class='ocrx_word' id='word_1_352' title='bbox 875 2701 1072 2742; x_wconf 64' lang='lat' dir='ltr'>ipsum—33</span> <span class='ocrx_word' id='word_1_353' title='bbox 1098 2700 1280 2732; x_wconf 74' lang='lat' dir='ltr'>Dimittcre,</span> <span class='ocrx_word' id='word_1_354' title='bbox 1305 2708 1365 2737; x_wconf 77' lang='lat' dir='ltr'>pro</span> <span class='ocrx_word' id='word_1_355' title='bbox 1392 2698 1576 2738; x_wconf 77' lang='lat' dir='ltr'>relinquere,</span> 
     </span>
    </p>
   </div>
   <div class='ocr_carea' id='block_1_3' title="bbox 118 2749 1577 2846">
    <p class='ocr_par' dir='ltr' id='par_1_3' title="bbox 118 2749 1577 2846">
     <span class='ocr_line' id='line_1_40' title="bbox 118 2749 1577 2795; baseline 0.002 -15"><span class='ocrx_word' id='word_1_356' title='bbox 118 2749 302 2789; x_wconf 69' lang='lat' dir='ltr'>saepissime</span> <span class='ocrx_word' id='word_1_357' title='bbox 331 2751 437 2781; x_wconf 86' lang='lat' dir='ltr'>utitur</span> <span class='ocrx_word' id='word_1_358' title='bbox 463 2752 517 2782; x_wconf 86' lang='lat' dir='ltr'>hic</span> <span class='ocrx_word' id='word_1_359' title='bbox 545 2758 763 2785; x_wconf 60' lang='lat' dir='ltr'>aneton—34</span> <span class='ocrx_word' id='word_1_360' title='bbox 788 2756 899 2785; x_wconf 81' lang='lat' dir='ltr'>Deest</span> <span class='ocrx_word' id='word_1_361' title='bbox 930 2754 1061 2795; x_wconf 83' lang='lat' dir='ltr'>aliquod</span> <span class='ocrx_word' id='word_1_362' title='bbox 1094 2753 1330 2783; x_wconf 65' lang='lat' dir='ltr'>verbum—35</span> <span class='ocrx_word' id='word_1_363' title='bbox 1363 2752 1466 2791; x_wconf 87' lang='lat' dir='ltr'>Lege,</span> <span class='ocrx_word' id='word_1_364' title='bbox 1494 2750 1577 2782; x_wconf 74' lang='lat' dir='ltr'>omni</span> 
     </span>
     <span class='ocr_line' id='line_1_41' title="bbox 118 2802 1189 2846; baseline 0.001 -13"><span class='ocrx_word' id='word_1_365' title='bbox 118 2802 356 2844; x_wconf 53' lang='lat' dir='ltr'>equitatu-36</span> <span class='ocrx_word' id='word_1_366' title='bbox 379 2804 482 2844; x_wconf 75' lang='lat' dir='ltr'>Lege,</span> <span class='ocrx_word' id='word_1_367' title='bbox 496 2804 782 2838; x_wconf 76' lang='lat' dir='ltr'>bellacissimi.-37</span> <span class='ocrx_word' id='word_1_368' title='bbox 806 2807 911 2846; x_wconf 72' lang='lat' dir='ltr'>Lege,</span> <span class='ocrx_word' id='word_1_369' title='bbox 926 2816 1052 2846; x_wconf 81' lang='lat' dir='ltr'>eumque</span> <span class='ocrx_word' id='word_1_370' title='bbox 1066 2815 1095 2835; x_wconf 84' lang='lat' dir='ltr'>m</span> <span class='ocrx_word' id='word_1_371' title='bbox 1113 2811 1189 2834; x_wconf 67' lang='lat' dir='ltr'>rsm.</span> 
     </span>
    </p>
   </div>
  </div>
 </body>
</html>
