<?xml version="1.0" encoding="UTF-8"?>
<!DOCTYPE html PUBLIC "-//W3C//DTD XHTML 1.0 Transitional//EN"
    "http://www.w3.org/TR/xhtml1/DTD/xhtml1-transitional.dtd">
<html xmlns="http://www.w3.org/1999/xhtml" xml:lang="en" lang="en">
 <head>
  <title>
</title>
<meta http-equiv="Content-Type" content="text/html;charset=utf-8" />
  <meta name='ocr-system' content='tesseract 3.04.00' />
  <meta name='ocr-capabilities' content='ocr_page ocr_carea ocr_par ocr_line ocrx_word'/>
</head>
<body>
  <div class='ocr_page' id='page_1' title='image "./operaomniaexedit04caesuoft_0344.png"; bbox 0 0 1850 3109; ppageno 0'>
   <div class='ocr_carea' id='block_1_1' title="bbox 264 166 1255 209">
    <p class='ocr_par' dir='ltr' id='par_1_1' title="bbox 264 166 1255 209">
     <span class='ocr_line' id='line_1_1' title="bbox 264 166 1255 209; baseline 0.002 -2"><span class='ocrx_word' id='word_1_1' title='bbox 264 166 376 208; x_wconf 74' lang='lat'>1738</span> <span class='ocrx_word' id='word_1_2' title='bbox 662 178 698 207; x_wconf 76' lang='lat' dir='ltr'>J.</span> <span class='ocrx_word' id='word_1_3' title='bbox 731 175 869 206; x_wconf 63' lang='lat' dir='ltr'>causi</span> <span class='ocrx_word' id='word_1_4' title='bbox 904 177 1255 209; x_wconf 65' lang='lat' dir='ltr'>COMMENTARU</span> 
     </span>
    </p>
   </div>
   <div class='ocr_carea' id='block_1_2' title="bbox 258 275 1716 2496">
    <p class='ocr_par' dir='ltr' id='par_1_2' title="bbox 259 275 1716 1078">
     <span class='ocr_line' id='line_1_2' title="bbox 262 275 1712 327; baseline 0.004 -15"><span class='ocrx_word' id='word_1_5' title='bbox 262 275 465 324; x_wconf 81' lang='lat' dir='ltr'>arripuere.</span> <span class='ocrx_word' id='word_1_6' title='bbox 523 276 696 313; x_wconf 75' lang='lat' dir='ltr'>lnnnisso</span> <span class='ocrx_word' id='word_1_7' title='bbox 730 283 815 325; x_wconf 84' lang='lat' dir='ltr'>post</span> <span class='ocrx_word' id='word_1_8' title='bbox 845 290 909 312; x_wconf 86' lang='lat' dir='ltr'>eos</span> <span class='ocrx_word' id='word_1_9' title='bbox 939 278 1114 324; x_wconf 85' lang='lat' dir='ltr'>equitatu</span> <span class='ocrx_word' id='word_1_10' title='bbox 1153 290 1289 327; x_wconf 78' lang='lat' dir='ltr'>magna</span> <span class='ocrx_word' id='word_1_11' title='bbox 1328 279 1462 316; x_wconf 88' lang='lat' dir='ltr'>horum</span> <span class='ocrx_word' id='word_1_12' title='bbox 1501 280 1537 316; x_wconf 90' lang='lat' dir='ltr'>in</span> <span class='ocrx_word' id='word_1_13' title='bbox 1577 280 1712 319; x_wconf 85' lang='lat' dir='ltr'>itinere</span> 
     </span>
     <span class='ocr_line' id='line_1_3' title="bbox 263 339 1708 388; baseline 0.003 -12"><span class='ocrx_word' id='word_1_14' title='bbox 263 345 406 388; x_wconf 84' lang='lat' dir='ltr'>strages</span> <span class='ocrx_word' id='word_1_15' title='bbox 437 339 529 376; x_wconf 80' lang='lat' dir='ltr'>fuit:</span> <span class='ocrx_word' id='word_1_16' title='bbox 561 339 695 376; x_wconf 59' lang='lat' dir='ltr'>tlt-hinc</span> <span class='ocrx_word' id='word_1_17' title='bbox 734 341 881 387; x_wconf 72' lang='lat' dir='ltr'>agmine</span> <span class='ocrx_word' id='word_1_18' title='bbox 909 347 1094 388; x_wconf 82' lang='lat' dir='ltr'>perpetuo</span> <span class='ocrx_word' id='word_1_19' title='bbox 1124 342 1171 377; x_wconf 85' lang='lat' dir='ltr'>ad</span> <span class='ocrx_word' id='word_1_20' title='bbox 1213 341 1468 379; x_wconf 79' lang='lat' dir='ltr'>confluentem</span> <span class='ocrx_word' id='word_1_21' title='bbox 1506 343 1627 380; x_wconf 81' lang='lat' dir='ltr'>Rheni</span> <span class='ocrx_word' id='word_1_22' title='bbox 1662 357 1708 382; x_wconf 88' lang='lat' dir='ltr'>ae</span> 
     </span>
     <span class='ocr_line' id='line_1_4' title="bbox 264 403 1710 455; baseline 0.003 -14"><span class='ocrx_word' id='word_1_23' title='bbox 264 403 344 442; x_wconf 77' lang='lat' dir='ltr'>⁸⁴et</span> <span class='ocrx_word' id='word_1_24' title='bbox 363 417 441 441; x_wconf 68' lang='lat' dir='ltr'>orae¹</span> <span class='ocrx_word' id='word_1_25' title='bbox 463 404 593 447; x_wconf 81' lang='lat' dir='ltr'>delati,</span> <span class='ocrx_word' id='word_1_26' title='bbox 625 417 713 439; x_wconf 88' lang='lat' dir='ltr'>cum</span> <span class='ocrx_word' id='word_1_27' title='bbox 735 418 774 439; x_wconf 82' lang='lat' dir='ltr'>se</span> <span class='ocrx_word' id='word_1_28' title='bbox 806 409 909 438; x_wconf 86' lang='lat' dir='ltr'>metu</span> <span class='ocrx_word' id='word_1_29' title='bbox 932 403 1207 452; x_wconf 65' lang='lat' dir='ltr'>insequcntium</span> <span class='ocrx_word' id='word_1_30' title='bbox 1241 405 1275 440; x_wconf 88' lang='lat' dir='ltr'>in</span> <span class='ocrx_word' id='word_1_31' title='bbox 1308 407 1528 455; x_wconf 74' lang='lat' dir='ltr'>oppositum</span> <span class='ocrx_word' id='word_1_32' title='bbox 1561 420 1710 445; x_wconf 88' lang='lat' dir='ltr'>amnem</span> 
     </span>
     <span class='ocr_line' id='line_1_5' title="bbox 263 466 1711 519; baseline 0.003 -15"><span class='ocrx_word' id='word_1_33' title='bbox 263 468 486 517; x_wconf 77' lang='lat' dir='ltr'>injecissent</span> <span class='ocrx_word' id='word_1_34' title='bbox 506 475 541 504; x_wconf 93' lang='lat' dir='ltr'>et</span> <span class='ocrx_word' id='word_1_35' title='bbox 564 466 784 503; x_wconf 74' lang='lat' dir='ltr'>lassitudine</span> <span class='ocrx_word' id='word_1_36' title='bbox 803 473 839 502; x_wconf 79' lang='lat' dir='ltr'>et</span> <span class='ocrx_word' id='word_1_37' title='bbox 861 478 925 515; x_wconf 69' lang='lat' dir='ltr'>pax</span> <span class='ocrx_word' id='word_1_38' title='bbox 937 479 1013 511; x_wconf 87' lang='lat' dir='ltr'>ore,</span> <span class='ocrx_word' id='word_1_39' title='bbox 1046 474 1081 503; x_wconf 87' lang='lat' dir='ltr'>et</span> <span class='ocrx_word' id='word_1_40' title='bbox 1105 468 1248 516; x_wconf 78' lang='lat' dir='ltr'>inipetu</span> <span class='ocrx_word' id='word_1_41' title='bbox 1282 469 1376 505; x_wconf 82' lang='lat' dir='ltr'>alvei</span> <span class='ocrx_word' id='word_1_42' title='bbox 1410 478 1611 519; x_wconf 78' lang='lat' dir='ltr'>superante</span> <span class='ocrx_word' id='word_1_43' title='bbox 1643 471 1711 508; x_wconf 90' lang='lat' dir='ltr'>de-</span> 
     </span>
     <span class='ocr_line' id='line_1_6' title="bbox 263 530 1711 583; baseline 0.001 -14"><span class='ocrx_word' id='word_1_44' title='bbox 263 532 377 569; x_wconf 82' lang='lat' dir='ltr'>mersi</span> <span class='ocrx_word' id='word_1_45' title='bbox 398 539 498 569; x_wconf 90' lang='lat' dir='ltr'>sunt.</span> <span class='ocrx_word' id='word_1_46' title='bbox 558 533 614 567; x_wconf 85' lang='lat' dir='ltr'>lta</span> <span class='ocrx_word' id='word_1_47' title='bbox 636 543 733 580; x_wconf 86' lang='lat' dir='ltr'>pene</span> <span class='ocrx_word' id='word_1_48' title='bbox 752 544 884 567; x_wconf 85' lang='lat' dir='ltr'>omnes</span> <span class='ocrx_word' id='word_1_49' title='bbox 918 530 1052 579; x_wconf 85' lang='lat' dir='ltr'>partim</span> <span class='ocrx_word' id='word_1_50' title='bbox 1090 544 1228 580; x_wconf 72' lang='lat' dir='ltr'>pugna,</span> <span class='ocrx_word' id='word_1_51' title='bbox 1261 533 1399 581; x_wconf 89' lang='lat' dir='ltr'>partim</span> <span class='ocrx_word' id='word_1_52' title='bbox 1433 534 1537 582; x_wconf 75' lang='lat' dir='ltr'>fuga,</span> <span class='ocrx_word' id='word_1_53' title='bbox 1572 535 1711 583; x_wconf 86' lang='lat' dir='ltr'>partim</span> 
     </span>
     <span class='ocr_line' id='line_1_7' title="bbox 262 593 1710 646; baseline 0.002 -14"><span class='ocrx_word' id='word_1_54' title='bbox 262 607 363 644; x_wconf 84' lang='lat' dir='ltr'>aqua</span> <span class='ocrx_word' id='word_1_55' title='bbox 401 593 649 643; x_wconf 81' lang='lat' dir='ltr'>consumpsit,</span> <span class='ocrx_word' id='word_1_56' title='bbox 688 607 774 631; x_wconf 84' lang='lat' dir='ltr'>cuin</span> <span class='ocrx_word' id='word_1_57' title='bbox 814 601 941 631; x_wconf 82' lang='lat' dir='ltr'>essent</span> <span class='ocrx_word' id='word_1_58' title='bbox 977 594 1081 631; x_wconf 89' lang='lat' dir='ltr'>milia</span> <span class='ocrx_word' id='word_1_59' title='bbox 1111 594 1305 631; x_wconf 89' lang='lat' dir='ltr'>hominum</span> <span class='ocrx_word' id='word_1_60' title='bbox 1337 596 1628 646; x_wconf 81' lang='lat' dir='ltr'>⁸⁵quadraginta</span> <span class='ocrx_word' id='word_1_61' title='bbox 1665 610 1710 635; x_wconf 84' lang='lat' dir='ltr'>ac</span> 
     </span>
     <span class='ocr_line' id='line_1_8' title="bbox 263 658 1711 707; baseline 0.003 -13"><span class='ocrx_word' id='word_1_62' title='bbox 263 658 438 707; x_wconf 86' lang='lat' dir='ltr'>triginta:</span> <span class='ocrx_word' id='word_1_63' title='bbox 471 658 595 694; x_wconf 82' lang='lat' dir='ltr'>suain</span> <span class='ocrx_word' id='word_1_64' title='bbox 625 665 749 695; x_wconf 82' lang='lat' dir='ltr'>castra</span> <span class='ocrx_word' id='word_1_65' title='bbox 781 671 951 695; x_wconf 82' lang='lat' dir='ltr'>reversus</span> <span class='ocrx_word' id='word_1_66' title='bbox 981 659 1109 696; x_wconf 79' lang='lat' dir='ltr'>Caesar</span> <span class='ocrx_word' id='word_1_67' title='bbox 1141 659 1323 696; x_wconf 90' lang='lat' dir='ltr'>incolumi</span> <span class='ocrx_word' id='word_1_68' title='bbox 1354 660 1537 704; x_wconf 77' lang='lat' dir='ltr'>exercitu,</span> <span class='ocrx_word' id='word_1_69' title='bbox 1577 661 1711 698; x_wconf 88' lang='lat' dir='ltr'>mirum</span> 
     </span>
     <span class='ocr_line' id='line_1_9' title="bbox 264 720 1713 774; baseline 0.003 -17"><span class='ocrx_word' id='word_1_70' title='bbox 264 720 370 759; x_wconf 83' lang='lat' dir='ltr'>dictu</span> <span class='ocrx_word' id='word_1_71' title='bbox 392 728 498 759; x_wconf 84' lang='lat' dir='ltr'>tanto</span> <span class='ocrx_word' id='word_1_72' title='bbox 518 736 563 758; x_wconf 82' lang='lat' dir='ltr'>ex</span> <span class='ocrx_word' id='word_1_73' title='bbox 599 722 699 759; x_wconf 90' lang='lat' dir='ltr'>bello</span> <span class='ocrx_word' id='word_1_74' title='bbox 729 721 864 771; x_wconf 87' lang='lat' dir='ltr'>paucis</span> <span class='ocrx_word' id='word_1_75' title='bbox 897 721 1167 759; x_wconf 88' lang='lat' dir='ltr'>tantummodo</span> <span class='ocrx_word' id='word_1_76' title='bbox 1201 723 1417 767; x_wconf 71' lang='lat' dir='ltr'>vulneratis,</span> <span class='ocrx_word' id='word_1_77' title='bbox 1449 737 1538 760; x_wconf 89' lang='lat' dir='ltr'>cum</span> <span class='ocrx_word' id='word_1_78' title='bbox 1572 724 1713 774; x_wconf 82' lang='lat' dir='ltr'>legatos</span> 
     </span>
     <span class='ocr_line' id='line_1_10' title="bbox 261 785 1713 837; baseline 0.002 -15"><span class='ocrx_word' id='word_1_79' title='bbox 261 786 520 835; x_wconf 84' lang='lat' dir='ltr'>reliquosque,</span> <span class='ocrx_word' id='word_1_80' title='bbox 560 799 657 836; x_wconf 87' lang='lat' dir='ltr'>quos</span> <span class='ocrx_word' id='word_1_81' title='bbox 690 785 778 835; x_wconf 87' lang='lat' dir='ltr'>capi</span> <span class='ocrx_word' id='word_1_82' title='bbox 797 785 981 833; x_wconf 82' lang='lat' dir='ltr'>jusserat,</span> <span class='ocrx_word' id='word_1_83' title='bbox 1014 786 1232 830; x_wconf 75' lang='lat' dir='ltr'>invenisset,</span> <span class='ocrx_word' id='word_1_84' title='bbox 1267 787 1413 824; x_wconf 86' lang='lat' dir='ltr'>absolvi</span> <span class='ocrx_word' id='word_1_85' title='bbox 1444 787 1547 833; x_wconf 86' lang='lat' dir='ltr'>fecit,</span> <span class='ocrx_word' id='word_1_86' title='bbox 1577 794 1614 825; x_wconf 88' lang='lat' dir='ltr'>et</span> <span class='ocrx_word' id='word_1_87' title='bbox 1635 800 1713 837; x_wconf 89' lang='lat' dir='ltr'>quo</span> 
     </span>
     <span class='ocr_line' id='line_1_11' title="bbox 265 849 1716 901; baseline 0.002 -15"><span class='ocrx_word' id='word_1_88' title='bbox 265 849 408 886; x_wconf 75' lang='lat' dir='ltr'>vellent</span> <span class='ocrx_word' id='word_1_89' title='bbox 445 850 614 887; x_wconf 89' lang='lat' dir='ltr'>abeundi</span> <span class='ocrx_word' id='word_1_90' title='bbox 653 850 785 887; x_wconf 84' lang='lat' dir='ltr'>tribuit</span> <span class='ocrx_word' id='word_1_91' title='bbox 825 850 1031 887; x_wconf 71' lang='lat' dir='ltr'>licentiam.</span> <span class='ocrx_word' id='word_1_92' title='bbox 1096 850 1153 886; x_wconf 93' lang='lat' dir='ltr'>llli</span> <span class='ocrx_word' id='word_1_93' title='bbox 1191 862 1278 887; x_wconf 90' lang='lat' dir='ltr'>vero</span> <span class='ocrx_word' id='word_1_94' title='bbox 1317 851 1519 888; x_wconf 81' lang='lat' dir='ltr'>Gallorum</span> <span class='ocrx_word' id='word_1_95' title='bbox 1559 859 1716 901; x_wconf 89' lang='lat' dir='ltr'>propter</span> 
     </span>
     <span class='ocr_line' id='line_1_12' title="bbox 262 911 1714 963; baseline 0.001 -13"><span class='ocrx_word' id='word_1_96' title='bbox 262 911 562 951; x_wconf 69' lang='lat' dir='ltr'>&#39;⁵⁶Attoritoru1n</span> <span class='ocrx_word' id='word_1_97' title='bbox 580 914 687 958; x_wconf 86' lang='lat' dir='ltr'>fines,</span> <span class='ocrx_word' id='word_1_98' title='bbox 708 914 945 951; x_wconf 83' lang='lat' dir='ltr'>iracundiam</span> <span class='ocrx_word' id='word_1_99' title='bbox 969 920 1189 960; x_wconf 74' lang='lat' dir='ltr'>metuentes,</span> <span class='ocrx_word' id='word_1_100' title='bbox 1211 914 1316 963; x_wconf 88' lang='lat' dir='ltr'>apud</span> <span class='ocrx_word' id='word_1_101' title='bbox 1339 915 1528 952; x_wconf 80' lang='lat' dir='ltr'>Caesarem</span> <span class='ocrx_word' id='word_1_102' title='bbox 1548 914 1714 952; x_wconf 88' lang='lat' dir='ltr'>residere</span> 
     </span>
     <span class='ocr_line' id='line_1_13' title="bbox 263 977 1714 1028; baseline 0.002 -15"><span class='ocrx_word' id='word_1_103' title='bbox 263 977 428 1014; x_wconf 87' lang='lat' dir='ltr'>muueris</span> <span class='ocrx_word' id='word_1_104' title='bbox 458 977 577 1014; x_wconf 87' lang='lat' dir='ltr'>instar</span> <span class='ocrx_word' id='word_1_105' title='bbox 602 985 798 1027; x_wconf 87' lang='lat' dir='ltr'>optarunt,</span> <span class='ocrx_word' id='word_1_106' title='bbox 826 990 922 1027; x_wconf 86' lang='lat' dir='ltr'>quos</span> <span class='ocrx_word' id='word_1_107' title='bbox 960 991 1089 1015; x_wconf 87' lang='lat' dir='ltr'>secum</span> <span class='ocrx_word' id='word_1_108' title='bbox 1128 978 1189 1014; x_wconf 90' lang='lat' dir='ltr'>ille</span> <span class='ocrx_word' id='word_1_109' title='bbox 1229 979 1489 1028; x_wconf 85' lang='lat' dir='ltr'>magnanimus</span> <span class='ocrx_word' id='word_1_110' title='bbox 1528 991 1714 1016; x_wconf 86' lang='lat' dir='ltr'>concessa</span> 
     </span>
     <span class='ocr_line' id='line_1_14' title="bbox 259 1039 634 1078; baseline 0.003 -2"><span class='ocrx_word' id='word_1_111' title='bbox 259 1039 437 1078; x_wconf 87' lang='lat' dir='ltr'>libertate</span> <span class='ocrx_word' id='word_1_112' title='bbox 457 1040 634 1077; x_wconf 87' lang='lat' dir='ltr'>detinuit.</span> 
     </span>
    </p>

    <p class='ocr_par' dir='ltr' id='par_1_3' title="bbox 258 1104 1716 2496">
     <span class='ocr_line' id='line_1_15' title="bbox 317 1104 1713 1156; baseline 0.001 -15"><span class='ocrx_word' id='word_1_113' title='bbox 317 1105 410 1142; x_wconf 87' lang='lat' dir='ltr'>Post</span> <span class='ocrx_word' id='word_1_114' title='bbox 430 1105 512 1142; x_wconf 79' lang='lat' dir='ltr'>haee</span> <span class='ocrx_word' id='word_1_115' title='bbox 534 1106 664 1143; x_wconf 85' lang='lat' dir='ltr'>Caesar</span> <span class='ocrx_word' id='word_1_116' title='bbox 684 1104 805 1141; x_wconf 84' lang='lat' dir='ltr'>modis</span> <span class='ocrx_word' id='word_1_117' title='bbox 825 1104 1000 1142; x_wconf 89' lang='lat' dir='ltr'>omnibus</span> <span class='ocrx_word' id='word_1_118' title='bbox 1024 1105 1197 1142; x_wconf 82' lang='lat' dir='ltr'>Rhenum</span> <span class='ocrx_word' id='word_1_119' title='bbox 1213 1106 1368 1143; x_wconf 83' lang='lat' dir='ltr'>transire</span> <span class='ocrx_word' id='word_1_120' title='bbox 1388 1106 1583 1156; x_wconf 87' lang='lat' dir='ltr'>disponit:</span> <span class='ocrx_word' id='word_1_121' title='bbox 1615 1107 1713 1144; x_wconf 92' lang='lat' dir='ltr'>mul-</span> 
     </span>
     <span class='ocr_line' id='line_1_16' title="bbox 262 1169 1714 1220; baseline 0.002 -15"><span class='ocrx_word' id='word_1_122' title='bbox 262 1175 311 1206; x_wconf 85' lang='lat' dir='ltr'>tae</span> <span class='ocrx_word' id='word_1_123' title='bbox 330 1181 418 1206; x_wconf 90' lang='lat' dir='ltr'>eum</span> <span class='ocrx_word' id='word_1_124' title='bbox 440 1169 687 1218; x_wconf 85' lang='lat' dir='ltr'>impellebant</span> <span class='ocrx_word' id='word_1_125' title='bbox 707 1181 847 1206; x_wconf 82' lang='lat' dir='ltr'>eausae.</span> <span class='ocrx_word' id='word_1_126' title='bbox 903 1170 999 1206; x_wconf 88' lang='lat' dir='ltr'>Tres</span> <span class='ocrx_word' id='word_1_127' title='bbox 1015 1169 1206 1219; x_wconf 86' lang='lat' dir='ltr'>inprimis:</span> <span class='ocrx_word' id='word_1_128' title='bbox 1237 1183 1322 1206; x_wconf 88' lang='lat' dir='ltr'>nam</span> <span class='ocrx_word' id='word_1_129' title='bbox 1345 1176 1383 1207; x_wconf 87' lang='lat' dir='ltr'>et</span> <span class='ocrx_word' id='word_1_130' title='bbox 1401 1182 1528 1219; x_wconf 72' lang='lat' dir='ltr'>opera:</span> <span class='ocrx_word' id='word_1_131' title='bbox 1549 1171 1714 1220; x_wconf 88' lang='lat' dir='ltr'>pretium</span> 
     </span>
     <span class='ocr_line' id='line_1_17' title="bbox 258 1232 1715 1283; baseline 0.001 -13"><span class='ocrx_word' id='word_1_132' title='bbox 258 1232 470 1270; x_wconf 85' lang='lat' dir='ltr'>extimebat</span> <span class='ocrx_word' id='word_1_133' title='bbox 491 1240 530 1270; x_wconf 90' lang='lat' dir='ltr'>ut</span> <span class='ocrx_word' id='word_1_134' title='bbox 550 1233 734 1271; x_wconf 87' lang='lat' dir='ltr'>Germani</span> <span class='ocrx_word' id='word_1_135' title='bbox 756 1234 822 1283; x_wconf 90' lang='lat' dir='ltr'>qui</span> <span class='ocrx_word' id='word_1_136' title='bbox 843 1234 1002 1271; x_wconf 87' lang='lat' dir='ltr'>cottidie</span> <span class='ocrx_word' id='word_1_137' title='bbox 1021 1234 1056 1270; x_wconf 90' lang='lat' dir='ltr'>in</span> <span class='ocrx_word' id='word_1_138' title='bbox 1083 1235 1234 1271; x_wconf 85' lang='lat' dir='ltr'>Gallias</span> <span class='ocrx_word' id='word_1_139' title='bbox 1265 1234 1421 1271; x_wconf 89' lang='lat' dir='ltr'>transire</span> <span class='ocrx_word' id='word_1_140' title='bbox 1452 1234 1521 1271; x_wconf 82' lang='lat' dir='ltr'>sibi</span> <span class='ocrx_word' id='word_1_141' title='bbox 1555 1247 1715 1272; x_wconf 89' lang='lat' dir='ltr'>consue-</span> 
     </span>
     <span class='ocr_line' id='line_1_18' title="bbox 260 1296 1715 1344; baseline 0.001 -11"><span class='ocrx_word' id='word_1_142' title='bbox 260 1296 430 1334; x_wconf 89' lang='lat' dir='ltr'>tudinem</span> <span class='ocrx_word' id='word_1_143' title='bbox 469 1297 665 1340; x_wconf 84' lang='lat' dir='ltr'>fecerant;</span> <span class='ocrx_word' id='word_1_144' title='bbox 696 1310 847 1335; x_wconf 87' lang='lat' dir='ltr'>suarum</span> <span class='ocrx_word' id='word_1_145' title='bbox 881 1304 985 1334; x_wconf 89' lang='lat' dir='ltr'>metu</span> <span class='ocrx_word' id='word_1_146' title='bbox 1015 1310 1138 1334; x_wconf 91' lang='lat' dir='ltr'>rerum</span> <span class='ocrx_word' id='word_1_147' title='bbox 1169 1298 1272 1335; x_wconf 89' lang='lat' dir='ltr'>domi</span> <span class='ocrx_word' id='word_1_148' title='bbox 1305 1297 1616 1344; x_wconf 86' lang='lat' dir='ltr'>continerentur;</span> <span class='ocrx_word' id='word_1_149' title='bbox 1648 1298 1715 1335; x_wconf 88' lang='lat' dir='ltr'>ubi</span> 
     </span>
     <span class='ocr_line' id='line_1_19' title="bbox 261 1360 1712 1411; baseline 0.001 -14"><span class='ocrx_word' id='word_1_150' title='bbox 261 1360 505 1398; x_wconf 86' lang='lat' dir='ltr'>adverterent</span> <span class='ocrx_word' id='word_1_151' title='bbox 542 1362 751 1399; x_wconf 81' lang='lat' dir='ltr'>exercitum</span> <span class='ocrx_word' id='word_1_152' title='bbox 785 1361 918 1411; x_wconf 89' lang='lat' dir='ltr'>populi</span> <span class='ocrx_word' id='word_1_153' title='bbox 950 1362 1112 1399; x_wconf 86' lang='lat' dir='ltr'>Romani</span> <span class='ocrx_word' id='word_1_154' title='bbox 1150 1375 1262 1411; x_wconf 91' lang='lat' dir='ltr'>posse</span> <span class='ocrx_word' id='word_1_155' title='bbox 1294 1368 1331 1399; x_wconf 85' lang='lat' dir='ltr'>et</span> <span class='ocrx_word' id='word_1_156' title='bbox 1358 1362 1499 1399; x_wconf 83' lang='lat' dir='ltr'>audere</span> <span class='ocrx_word' id='word_1_157' title='bbox 1536 1362 1712 1400; x_wconf 88' lang='lat' dir='ltr'>Rhenum</span> 
     </span>
     <span class='ocr_line' id='line_1_20' title="bbox 261 1425 1714 1475; baseline 0.002 -14"><span class='ocrx_word' id='word_1_158' title='bbox 261 1429 520 1462; x_wconf 85' lang='lat' dir='ltr'>transnatare:</span> <span class='ocrx_word' id='word_1_159' title='bbox 552 1438 678 1475; x_wconf 88' lang='lat' dir='ltr'>neque</span> <span class='ocrx_word' id='word_1_160' title='bbox 699 1437 848 1474; x_wconf 87' lang='lat' dir='ltr'>semper</span> <span class='ocrx_word' id='word_1_161' title='bbox 866 1438 1083 1462; x_wconf 85' lang='lat' dir='ltr'>assuescere</span> <span class='ocrx_word' id='word_1_162' title='bbox 1104 1425 1305 1470; x_wconf 81' lang='lat' dir='ltr'>invadere;</span> <span class='ocrx_word' id='word_1_163' title='bbox 1339 1426 1404 1464; x_wconf 88' lang='lat' dir='ltr'>sed</span> <span class='ocrx_word' id='word_1_164' title='bbox 1439 1425 1567 1463; x_wconf 82' lang='lat' dir='ltr'>invadi</span> <span class='ocrx_word' id='word_1_165' title='bbox 1598 1425 1714 1464; x_wconf 85' lang='lat' dir='ltr'>etiam</span> 
     </span>
     <span class='ocr_line' id='line_1_21' title="bbox 261 1487 1715 1540; baseline 0.002 -16"><span class='ocrx_word' id='word_1_166' title='bbox 261 1487 474 1525; x_wconf 85' lang='lat' dir='ltr'>interdum:</span> <span class='ocrx_word' id='word_1_167' title='bbox 504 1488 644 1526; x_wconf 83' lang='lat' dir='ltr'>deiude</span> <span class='ocrx_word' id='word_1_168' title='bbox 663 1488 768 1538; x_wconf 82' lang='lat' dir='ltr'>quod</span> <span class='ocrx_word' id='word_1_169' title='bbox 792 1501 874 1538; x_wconf 85' lang='lat' dir='ltr'>pars</span> <span class='ocrx_word' id='word_1_170' title='bbox 894 1488 955 1525; x_wconf 88' lang='lat' dir='ltr'>illa</span> <span class='ocrx_word' id='word_1_171' title='bbox 975 1489 1198 1526; x_wconf 85' lang='lat' dir='ltr'>Germanici</span> <span class='ocrx_word' id='word_1_172' title='bbox 1226 1490 1442 1540; x_wconf 83' lang='lat' dir='ltr'>equitatus;</span> <span class='ocrx_word' id='word_1_173' title='bbox 1475 1503 1590 1540; x_wconf 86' lang='lat' dir='ltr'>quam</span> <span class='ocrx_word' id='word_1_174' title='bbox 1619 1502 1715 1540; x_wconf 85' lang='lat' dir='ltr'>prae·</span> 
     </span>
     <span class='ocr_line' id='line_1_22' title="bbox 261 1550 1714 1603; baseline 0.001 -15"><span class='ocrx_word' id='word_1_175' title='bbox 261 1550 380 1588; x_wconf 82' lang='lat' dir='ltr'>dandi</span> <span class='ocrx_word' id='word_1_176' title='bbox 401 1565 514 1589; x_wconf 84' lang='lat' dir='ltr'>causa</span> <span class='ocrx_word' id='word_1_177' title='bbox 537 1559 639 1590; x_wconf 88' lang='lat' dir='ltr'>trans</span> <span class='ocrx_word' id='word_1_178' title='bbox 660 1553 807 1590; x_wconf 70' lang='lat' dir='ltr'>Mosam</span> <span class='ocrx_word' id='word_1_179' title='bbox 831 1553 983 1590; x_wconf 87' lang='lat' dir='ltr'>missam</span> <span class='ocrx_word' id='word_1_180' title='bbox 1017 1553 1195 1603; x_wconf 76' lang='lat' dir='ltr'>proximo</span> <span class='ocrx_word' id='word_1_181' title='bbox 1229 1555 1365 1603; x_wconf 82' lang='lat' dir='ltr'>proelio</span> <span class='ocrx_word' id='word_1_182' title='bbox 1390 1567 1465 1590; x_wconf 81' lang='lat' dir='ltr'>non</span> <span class='ocrx_word' id='word_1_183' title='bbox 1499 1552 1714 1591; x_wconf 79' lang='lat' dir='ltr'>interfuisse</span> 
     </span>
     <span class='ocr_line' id='line_1_23' title="bbox 261 1616 1716 1668; baseline 0.002 -16"><span class='ocrx_word' id='word_1_184' title='bbox 261 1617 568 1662; x_wconf 67' lang='lat' dir='ltr'>memoravimus,</span> <span class='ocrx_word' id='word_1_185' title='bbox 616 1623 718 1654; x_wconf 90' lang='lat' dir='ltr'>trans</span> <span class='ocrx_word' id='word_1_186' title='bbox 761 1616 937 1653; x_wconf 88' lang='lat' dir='ltr'>Rhenum</span> <span class='ocrx_word' id='word_1_187' title='bbox 974 1616 1105 1653; x_wconf 88' lang='lat' dir='ltr'>audita</span> <span class='ocrx_word' id='word_1_188' title='bbox 1143 1630 1295 1654; x_wconf 89' lang='lat' dir='ltr'>suorum</span> <span class='ocrx_word' id='word_1_189' title='bbox 1334 1618 1442 1655; x_wconf 87' lang='lat' dir='ltr'>clade</span> <span class='ocrx_word' id='word_1_190' title='bbox 1477 1617 1716 1668; x_wconf 80' lang='lat' dir='ltr'>confugerat,</span> 
     </span>
     <span class='ocr_line' id='line_1_24' title="bbox 262 1680 1714 1730; baseline 0.003 -14"><span class='ocrx_word' id='word_1_191' title='bbox 262 1692 381 1729; x_wconf 86' lang='lat' dir='ltr'>seque</span> <span class='ocrx_word' id='word_1_192' title='bbox 413 1681 617 1718; x_wconf 88' lang='lat' dir='ltr'>Sicambris</span> <span class='ocrx_word' id='word_1_193' title='bbox 654 1680 906 1729; x_wconf 77' lang='lat' dir='ltr'>adjunxerat3</span> <span class='ocrx_word' id='word_1_194' title='bbox 947 1692 970 1716; x_wconf 90' lang='lat' dir='ltr'>a</span> <span class='ocrx_word' id='word_1_195' title='bbox 1000 1680 1140 1730; x_wconf 87' lang='lat' dir='ltr'>quibus</span> <span class='ocrx_word' id='word_1_196' title='bbox 1179 1681 1310 1718; x_wconf 71' lang='lat' dir='ltr'>Caesar</span> <span class='ocrx_word' id='word_1_197' title='bbox 1339 1694 1427 1718; x_wconf 89' lang='lat' dir='ltr'>cum</span> <span class='ocrx_word' id='word_1_198' title='bbox 1461 1694 1530 1730; x_wconf 91' lang='lat' dir='ltr'>per</span> <span class='ocrx_word' id='word_1_199' title='bbox 1560 1682 1714 1721; x_wconf 87' lang='lat' dir='ltr'>nuntios</span> 
     </span>
     <span class='ocr_line' id='line_1_25' title="bbox 260 1744 1714 1795; baseline 0.002 -15"><span class='ocrx_word' id='word_1_200' title='bbox 260 1744 509 1792; x_wconf 82' lang='lat' dir='ltr'>postulasset,</span> <span class='ocrx_word' id='word_1_201' title='bbox 539 1751 580 1782; x_wconf 90' lang='lat' dir='ltr'>ut</span> <span class='ocrx_word' id='word_1_202' title='bbox 598 1758 662 1782; x_wconf 91' lang='lat' dir='ltr'>eos</span> <span class='ocrx_word' id='word_1_203' title='bbox 684 1745 748 1795; x_wconf 89' lang='lat' dir='ltr'>qui</span> <span class='ocrx_word' id='word_1_204' title='bbox 770 1745 951 1781; x_wconf 88' lang='lat' dir='ltr'>Romanis</span> <span class='ocrx_word' id='word_1_205' title='bbox 972 1744 1084 1781; x_wconf 89' lang='lat' dir='ltr'>simul</span> <span class='ocrx_word' id='word_1_206' title='bbox 1105 1758 1149 1782; x_wconf 84' lang='lat' dir='ltr'>ac</span> <span class='ocrx_word' id='word_1_207' title='bbox 1171 1745 1295 1782; x_wconf 85' lang='lat' dir='ltr'>Gallis</span> <span class='ocrx_word' id='word_1_208' title='bbox 1329 1745 1470 1782; x_wconf 87' lang='lat' dir='ltr'>bellum</span> <span class='ocrx_word' id='word_1_209' title='bbox 1505 1752 1714 1792; x_wconf 87' lang='lat' dir='ltr'>moverent,</span> 
     </span>
     <span class='ocr_line' id='line_1_26' title="bbox 261 1806 1714 1859; baseline 0.002 -15"><span class='ocrx_word' id='word_1_210' title='bbox 261 1806 335 1846; x_wconf 88' lang='lat' dir='ltr'>sibi</span> <span class='ocrx_word' id='word_1_211' title='bbox 366 1808 594 1853; x_wconf 88' lang='lat' dir='ltr'>redderent;</span> <span class='ocrx_word' id='word_1_212' title='bbox 625 1808 917 1858; x_wconf 86' lang='lat' dir='ltr'>responderunt,</span> <span class='ocrx_word' id='word_1_213' title='bbox 949 1813 959 1828; x_wconf 94' lang='lat'>‘</span> <span class='ocrx_word' id='word_1_214' title='bbox 980 1808 1179 1858; x_wconf 85' lang='lat' dir='ltr'>imperium</span> <span class='ocrx_word' id='word_1_215' title='bbox 1215 1809 1349 1859; x_wconf 86' lang='lat' dir='ltr'>populi</span> <span class='ocrx_word' id='word_1_216' title='bbox 1382 1810 1545 1846; x_wconf 84' lang='lat' dir='ltr'>Romani</span> <span class='ocrx_word' id='word_1_217' title='bbox 1579 1811 1714 1847; x_wconf 85' lang='lat' dir='ltr'>Rheno</span> 
     </span>
     <span class='ocr_line' id='line_1_27' title="bbox 261 1872 1713 1922; baseline 0.001 -13"><span class='ocrx_word' id='word_1_218' title='bbox 261 1873 470 1910; x_wconf 87' lang='lat' dir='ltr'>terminari.</span> <span class='ocrx_word' id='word_1_219' title='bbox 527 1874 567 1910; x_wconf 68' lang='lat' dir='ltr'>Si</span> <span class='ocrx_word' id='word_1_220' title='bbox 588 1875 803 1911; x_wconf 87' lang='lat' dir='ltr'>Germanos</span> <span class='ocrx_word' id='word_1_221' title='bbox 835 1873 866 1894; x_wconf 66' lang='lat'>‘³⁷</span> <span class='ocrx_word' id='word_1_222' title='bbox 883 1872 917 1909; x_wconf 92' lang='lat' dir='ltr'>in</span> <span class='ocrx_word' id='word_1_223' title='bbox 940 1872 1069 1909; x_wconf 88' lang='lat' dir='ltr'>Gallia</span> <span class='ocrx_word' id='word_1_224' title='bbox 1092 1873 1249 1909; x_wconf 85' lang='lat' dir='ltr'>transire</span> <span class='ocrx_word' id='word_1_225' title='bbox 1270 1872 1316 1909; x_wconf 88' lang='lat' dir='ltr'>ad</span> <span class='ocrx_word' id='word_1_226' title='bbox 1340 1873 1512 1922; x_wconf 87' lang='lat' dir='ltr'>injuriam</span> <span class='ocrx_word' id='word_1_227' title='bbox 1536 1874 1713 1919; x_wconf 86' lang='lat' dir='ltr'>traheret,</span> 
     </span>
     <span class='ocr_line' id='line_1_28' title="bbox 261 1937 1715 1986; baseline 0.001 -14"><span class='ocrx_word' id='word_1_228' title='bbox 261 1948 330 1973; x_wconf 87' lang='lat' dir='ltr'>cur</span> <span class='ocrx_word' id='word_1_229' title='bbox 350 1937 470 1973; x_wconf 78' lang='lat' dir='ltr'>minus</span> <span class='ocrx_word' id='word_1_230' title='bbox 493 1938 718 1986; x_wconf 78' lang='lat' dir='ltr'>injuriosum</span> <span class='ocrx_word' id='word_1_231' title='bbox 740 1938 901 1974; x_wconf 82' lang='lat' dir='ltr'>duceret</span> <span class='ocrx_word' id='word_1_232' title='bbox 920 1944 1021 1973; x_wconf 86' lang='lat' dir='ltr'>trans</span> <span class='ocrx_word' id='word_1_233' title='bbox 1056 1937 1178 1974; x_wconf 81' lang='lat' dir='ltr'>Rheni</span> <span class='ocrx_word' id='word_1_234' title='bbox 1209 1943 1326 1974; x_wconf 86' lang='lat' dir='ltr'>metas</span> <span class='ocrx_word' id='word_1_235' title='bbox 1356 1938 1554 1986; x_wconf 78' lang='lat' dir='ltr'>imperium</span> <span class='ocrx_word' id='word_1_236' title='bbox 1586 1943 1715 1975; x_wconf 89' lang='lat' dir='ltr'>exten-</span> 
     </span>
     <span class='ocr_line' id='line_1_29' title="bbox 260 1998 1714 2051; baseline 0.002 -15"><span class='ocrx_word' id='word_1_237' title='bbox 260 1998 378 2037; x_wconf 88' lang='lat' dir='ltr'>dere.’</span> <span class='ocrx_word' id='word_1_238' title='bbox 407 2001 493 2051; x_wconf 77' lang='lat'>[70]</span> <span class='ocrx_word' id='word_1_239' title='bbox 524 2003 767 2050; x_wconf 82' lang='lat' dir='ltr'>Quamquam</span> <span class='ocrx_word' id='word_1_240' title='bbox 803 2001 1006 2037; x_wconf 88' lang='lat' dir='ltr'>barbarica</span> <span class='ocrx_word' id='word_1_241' title='bbox 1039 2001 1108 2037; x_wconf 79' lang='lat' dir='ltr'>ista</span> <span class='ocrx_word' id='word_1_242' title='bbox 1145 2001 1341 2050; x_wconf 82' lang='lat' dir='ltr'>responsio</span> <span class='ocrx_word' id='word_1_243' title='bbox 1374 2002 1512 2038; x_wconf 72' lang='lat' dir='ltr'>coloris</span> <span class='ocrx_word' id='word_1_244' title='bbox 1554 2001 1714 2039; x_wconf 86' lang='lat' dir='ltr'>fortasse</span> 
     </span>
     <span class='ocr_line' id='line_1_30' title="bbox 262 2064 1712 2114; baseline 0.001 -13"><span class='ocrx_word' id='word_1_245' title='bbox 262 2064 294 2086; x_wconf 79' lang='lat'>³⁸</span> <span class='ocrx_word' id='word_1_246' title='bbox 305 2064 422 2109; x_wconf 84' lang='lat' dir='ltr'>aliud,</span> <span class='ocrx_word' id='word_1_247' title='bbox 446 2065 510 2102; x_wconf 81' lang='lat' dir='ltr'>sed</span> <span class='ocrx_word' id='word_1_248' title='bbox 534 2065 583 2101; x_wconf 90' lang='lat' dir='ltr'>nil</span> <span class='ocrx_word' id='word_1_249' title='bbox 606 2065 756 2114; x_wconf 83' lang='lat' dir='ltr'>penitus</span> <span class='ocrx_word' id='word_1_250' title='bbox 776 2065 929 2101; x_wconf 81' lang='lat' dir='ltr'>rationis</span> <span class='ocrx_word' id='word_1_251' title='bbox 952 2064 1140 2108; x_wconf 86' lang='lat' dir='ltr'>habuerit,</span> <span class='ocrx_word' id='word_1_252' title='bbox 1165 2077 1238 2101; x_wconf 91' lang='lat' dir='ltr'>non</span> <span class='ocrx_word' id='word_1_253' title='bbox 1269 2065 1369 2101; x_wconf 91' lang='lat' dir='ltr'>enim</span> <span class='ocrx_word' id='word_1_254' title='bbox 1401 2072 1502 2101; x_wconf 89' lang='lat' dir='ltr'>trans</span> <span class='ocrx_word' id='word_1_255' title='bbox 1539 2065 1712 2102; x_wconf 87' lang='lat' dir='ltr'>Rhenum</span> 
     </span>
     <span class='ocr_line' id='line_1_31' title="bbox 260 2127 1712 2178; baseline 0.001 -13"><span class='ocrx_word' id='word_1_256' title='bbox 260 2127 457 2177; x_wconf 82' lang='lat' dir='ltr'>imperium</span> <span class='ocrx_word' id='word_1_257' title='bbox 480 2129 694 2178; x_wconf 84' lang='lat' dir='ltr'>petebatur,</span> <span class='ocrx_word' id='word_1_258' title='bbox 716 2129 780 2165; x_wconf 83' lang='lat' dir='ltr'>sed</span> <span class='ocrx_word' id='word_1_259' title='bbox 803 2135 843 2165; x_wconf 92' lang='lat' dir='ltr'>ut</span> <span class='ocrx_word' id='word_1_260' title='bbox 863 2129 916 2165; x_wconf 81' lang='lat' dir='ltr'>cis</span> <span class='ocrx_word' id='word_1_261' title='bbox 940 2129 1113 2165; x_wconf 84' lang='lat' dir='ltr'>Rhenum</span> <span class='ocrx_word' id='word_1_262' title='bbox 1137 2129 1318 2177; x_wconf 77' lang='lat' dir='ltr'>injuriose</span> <span class='ocrx_word' id='word_1_263' title='bbox 1338 2136 1445 2178; x_wconf 82' lang='lat' dir='ltr'>gesta</span> <span class='ocrx_word' id='word_1_264' title='bbox 1467 2128 1712 2177; x_wconf 87' lang='lat' dir='ltr'>punirentur:</span> 
     </span>
     <span class='ocr_line' id='line_1_32' title="bbox 262 2191 1715 2243; baseline -0.001 -15"><span class='ocrx_word' id='word_1_265' title='bbox 262 2191 330 2229; x_wconf 88' lang='lat' dir='ltr'>nisi</span> <span class='ocrx_word' id='word_1_266' title='bbox 352 2193 450 2229; x_wconf 84' lang='lat' dir='ltr'>forte</span> <span class='ocrx_word' id='word_1_267' title='bbox 471 2193 540 2229; x_wconf 81' lang='lat' dir='ltr'>sibi</span> <span class='ocrx_word' id='word_1_268' title='bbox 572 2193 604 2214; x_wconf 76' lang='lat'>³⁹</span> <span class='ocrx_word' id='word_1_269' title='bbox 616 2192 807 2229; x_wconf 88' lang='lat' dir='ltr'>barbareis</span> <span class='ocrx_word' id='word_1_270' title='bbox 828 2193 991 2230; x_wconf 81' lang='lat' dir='ltr'>insolens</span> <span class='ocrx_word' id='word_1_271' title='bbox 1013 2193 1235 2242; x_wconf 85' lang='lat' dir='ltr'>usurpabat,</span> <span class='ocrx_word' id='word_1_272' title='bbox 1268 2199 1308 2230; x_wconf 90' lang='lat' dir='ltr'>ut</span> <span class='ocrx_word' id='word_1_273' title='bbox 1342 2193 1406 2243; x_wconf 90' lang='lat' dir='ltr'>qui</span> <span class='ocrx_word' id='word_1_274' title='bbox 1439 2193 1485 2229; x_wconf 89' lang='lat' dir='ltr'>ad</span> <span class='ocrx_word' id='word_1_275' title='bbox 1523 2205 1603 2230; x_wconf 87' lang='lat' dir='ltr'>eam</span> <span class='ocrx_word' id='word_1_276' title='bbox 1625 2204 1715 2230; x_wconf 90' lang='lat' dir='ltr'>con—</span> 
     </span>
     <span class='ocr_line' id='line_1_33' title="bbox 261 2254 1710 2306; baseline 0.001 -15"><span class='ocrx_word' id='word_1_277' title='bbox 261 2254 458 2306; x_wconf 85' lang='lat' dir='ltr'>fugissent,</span> <span class='ocrx_word' id='word_1_278' title='bbox 490 2256 726 2294; x_wconf 85' lang='lat' dir='ltr'>inviolabiles</span> <span class='ocrx_word' id='word_1_279' title='bbox 748 2256 988 2300; x_wconf 80' lang='lat' dir='ltr'>haberentur,</span> <span class='ocrx_word' id='word_1_280' title='bbox 1019 2255 1125 2306; x_wconf 82' lang='lat' dir='ltr'>⁹⁰qui</span> <span class='ocrx_word' id='word_1_281' title='bbox 1148 2257 1250 2293; x_wconf 71' lang='lat' dir='ltr'>brevi</span> <span class='ocrx_word' id='word_1_282' title='bbox 1273 2270 1350 2294; x_wconf 90' lang='lat' dir='ltr'>non</span> <span class='ocrx_word' id='word_1_283' title='bbox 1373 2259 1486 2293; x_wconf 79' lang='lat' dir='ltr'>inodo</span> <span class='ocrx_word' id='word_1_284' title='bbox 1507 2255 1613 2301; x_wconf 89' lang='lat' dir='ltr'>alios,</span> <span class='ocrx_word' id='word_1_285' title='bbox 1644 2255 1710 2293; x_wconf 83' lang='lat' dir='ltr'>sed</span> 
     </span>
     <span class='ocr_line' id='line_1_34' title="bbox 260 2318 1714 2370; baseline 0.002 -16"><span class='ocrx_word' id='word_1_286' title='bbox 260 2318 424 2368; x_wconf 84' lang='lat' dir='ltr'>seipsam</span> <span class='ocrx_word' id='word_1_287' title='bbox 446 2320 586 2356; x_wconf 74' lang='lat' dir='ltr'>salvam</span> <span class='ocrx_word' id='word_1_288' title='bbox 607 2320 729 2357; x_wconf 80' lang='lat' dir='ltr'>facere</span> <span class='ocrx_word' id='word_1_289' title='bbox 751 2333 825 2356; x_wconf 92' lang='lat' dir='ltr'>non</span> <span class='ocrx_word' id='word_1_290' title='bbox 848 2320 985 2370; x_wconf 89' lang='lat' dir='ltr'>potuit.</span> <span class='ocrx_word' id='word_1_291' title='bbox 1043 2321 1192 2357; x_wconf 80' lang='lat' dir='ltr'>Certius</span> <span class='ocrx_word' id='word_1_292' title='bbox 1212 2326 1304 2364; x_wconf 84' lang='lat' dir='ltr'>erat,</span> <span class='ocrx_word' id='word_1_293' title='bbox 1325 2319 1504 2368; x_wconf 88' lang='lat' dir='ltr'>quoniam</span> <span class='ocrx_word' id='word_1_294' title='bbox 1528 2319 1618 2356; x_wconf 89' lang='lat' dir='ltr'>Ubii</span> <span class='ocrx_word' id='word_1_295' title='bbox 1643 2319 1714 2357; x_wconf 88' lang='lat' dir='ltr'>soli</span> 
     </span>
     <span class='ocr_line' id='line_1_35' title="bbox 260 2382 1712 2432; baseline 0.002 -15"><span class='ocrx_word' id='word_1_296' title='bbox 260 2394 307 2417; x_wconf 85' lang='lat' dir='ltr'>cx</span> <span class='ocrx_word' id='word_1_297' title='bbox 327 2382 630 2419; x_wconf 84' lang='lat' dir='ltr'>Transrhenanis</span> <span class='ocrx_word' id='word_1_298' title='bbox 654 2384 912 2419; x_wconf 59' lang='lat' dir='ltr'>R‹›1nan‹‘›rum</span> <span class='ocrx_word' id='word_1_299' title='bbox 935 2383 970 2418; x_wconf 93' lang='lat' dir='ltr'>in</span> <span class='ocrx_word' id='word_1_300' title='bbox 990 2383 1192 2419; x_wconf 81' lang='lat' dir='ltr'>amicitiani</span> <span class='ocrx_word' id='word_1_301' title='bbox 1228 2383 1369 2432; x_wconf 87' lang='lat' dir='ltr'>recepti</span> <span class='ocrx_word' id='word_1_302' title='bbox 1400 2382 1712 2421; x_wconf 79' lang='lat' dir='ltr'>affectuosissime</span> 
     </span>
     <span class='ocr_line' id='line_1_36' title="bbox 262 2447 1712 2496; baseline 0.002 -14"><span class='ocrx_word' id='word_1_303' title='bbox 262 2447 534 2495; x_wconf 82' lang='lat' dir='ltr'>precabantur,</span> <span class='ocrx_word' id='word_1_304' title='bbox 555 2453 596 2483; x_wconf 88' lang='lat' dir='ltr'>ut</span> <span class='ocrx_word' id='word_1_305' title='bbox 615 2447 666 2483; x_wconf 81' lang='lat' dir='ltr'>eis</span> <span class='ocrx_word' id='word_1_306' title='bbox 689 2448 883 2483; x_wconf 86' lang='lat' dir='ltr'>Romanus</span> <span class='ocrx_word' id='word_1_307' title='bbox 915 2447 1120 2496; x_wconf 86' lang='lat' dir='ltr'>imperator</span> <span class='ocrx_word' id='word_1_308' title='bbox 1152 2447 1331 2484; x_wconf 76' lang='lat' dir='ltr'>adversus</span> <span class='ocrx_word' id='word_1_309' title='bbox 1352 2449 1509 2493; x_wconf 79' lang='lat' dir='ltr'>Suevos,</span> <span class='ocrx_word' id='word_1_310' title='bbox 1541 2454 1604 2485; x_wconf 87' lang='lat' dir='ltr'>aut</span> <span class='ocrx_word' id='word_1_311' title='bbox 1625 2447 1712 2485; x_wconf 88' lang='lat' dir='ltr'>mit-</span> 
     </span>
    </p>
   </div>
   <div class='ocr_carea' id='block_1_3' title="bbox 261 2597 1711 2743">
    <p class='ocr_par' dir='ltr' id='par_1_4' title="bbox 261 2597 1711 2743">
     <span class='ocr_line' id='line_1_37' title="bbox 307 2597 1711 2637; baseline -0.002 -9"><span class='ocrx_word' id='word_1_312' title='bbox 307 2599 347 2628; x_wconf 60' lang='lat'>&amp;1</span> <span class='ocrx_word' id='word_1_313' title='bbox 379 2597 494 2636; x_wconf 86' lang='lat' dir='ltr'>Forte,</span> <span class='ocrx_word' id='word_1_314' title='bbox 527 2597 721 2627; x_wconf 52' lang='lat' dir='ltr'>Mosa—85</span> <span class='ocrx_word' id='word_1_315' title='bbox 761 2597 863 2636; x_wconf 67' lang='lat' dir='ltr'>Lege,</span> <span class='ocrx_word' id='word_1_316' title='bbox 892 2597 1216 2637; x_wconf 68' lang='lat' dir='ltr'>qi1adringenta.-SG</span> <span class='ocrx_word' id='word_1_317' title='bbox 1253 2598 1368 2635; x_wconf 87' lang='lat' dir='ltr'>Forte,</span> <span class='ocrx_word' id='word_1_318' title='bbox 1401 2599 1562 2636; x_wconf 76' lang='lat' dir='ltr'>occupatos</span> <span class='ocrx_word' id='word_1_319' title='bbox 1597 2604 1711 2626; x_wconf 77' lang='lat' dir='ltr'>eorum.</span> 
     </span>
     <span class='ocr_line' id='line_1_38' title="bbox 261 2648 1711 2692; baseline -0.002 -11"><span class='ocrx_word' id='word_1_320' title='bbox 261 2653 346 2681; x_wconf 73' lang='lat'>-87</span> <span class='ocrx_word' id='word_1_321' title='bbox 372 2651 474 2692; x_wconf 81' lang='lat' dir='ltr'>Lege,</span> <span class='ocrx_word' id='word_1_322' title='bbox 501 2650 533 2682; x_wconf 81' lang='lat' dir='ltr'>in</span> <span class='ocrx_word' id='word_1_323' title='bbox 561 2650 798 2682; x_wconf 64' lang='lat' dir='ltr'>Galliam—ss</span> <span class='ocrx_word' id='word_1_324' title='bbox 821 2651 925 2692; x_wconf 84' lang='lat' dir='ltr'>Lege,</span> <span class='ocrx_word' id='word_1_325' title='bbox 949 2650 1166 2692; x_wconf 77' lang='lat' dir='ltr'>aliquid.-89</span> <span class='ocrx_word' id='word_1_326' title='bbox 1189 2650 1295 2691; x_wconf 86' lang='lat' dir='ltr'>Lege,</span> <span class='ocrx_word' id='word_1_327' title='bbox 1330 2648 1582 2681; x_wconf 53' lang='lat' dir='ltr'>barbaries-90</span> <span class='ocrx_word' id='word_1_328' title='bbox 1606 2649 1711 2689; x_wconf 82' lang='lat' dir='ltr'>Lege,</span> 
     </span>
     <span class='ocr_line' id='line_1_39' title="bbox 263 2713 332 2743; baseline 0.014 -10"><span class='ocrx_word' id='word_1_329' title='bbox 263 2713 332 2743; x_wconf 78' lang='lat' dir='ltr'>qua.</span> 
     </span>
    </p>
   </div>
  </div>
 </body>
</html>
