1850 3109
366 174 460 205 ΜΒ.
486 175 557 205 111.
589 172 696 203 cAr.
725 161 796 203 94.

91 274 148 314 qui
163 274 195 306 iu
211 274 333 314 Vulgg.
355 274 512 314 Spectac.
532 273 647 313 Epigr.
666 274 717 302 19.
735 272 782 301 sic

91 325 255 366 loquitur:
280 327 288 341 ‘
302 323 475 354 occubuit
492 323 627 353 tandem
641 327 783 353 cornuto

89 374 209 405 ardore
224 375 360 415 petitus,
382 375 472 404 Dum
489 372 620 403 facilem
644 373 715 404 tolli
737 373 783 403 sic

89 424 269 464 elephanta
286 422 406 463 putat!
452 423 659 453 Ramiresim
684 433 724 452 ex
752 432 781 452 v.

89 483 119 504 c.
138 474 217 513 legit
231 477 354 504 cor-nuto
371 474 480 503 ardore
493 473 623 512 potitus,
639 472 694 503 alii
714 473 783 503 vul-

89 529 200 564 gatam
233 523 411 554 lectionem
444 523 604 560 retinent,
634 523 783 563 mireque

87 575 366 614 interpretantur.
415 574 681 605 Rescribendum
699 579 783 614 puto

84 628 210 655 cornuto
225 626 334 655 ardore
347 625 476 665 peritus,
496 624 583 666 quod
604 624 783 664 elegantis-

84 674 166 705 sime
183 674 307 705 dicitur
323 675 364 704 dc
383 680 477 706 tauro
495 674 693 705 exercitatis
711 683 783 704 cor-

86 723 184 754 nibus
213 724 388 755 instructo.
417 725 529 755 Daris.
583 724 670 754 Dele
696 723 782 753 hanc

85 776 218 813 notam?
242 785 314 816 quae
341 775 420 805 nibil
450 775 514 805 huc
534 773 627 805 facit.
683 774 782 804 Idem.

84 835 156 856 cur.
175 836 243 857 sec.
270 826 377 857 Notat
403 826 504 865 euim,
527 835 590 866 per
613 835 707 856 usum
725 835 783 855 seu

85 877 327 916 experientiam
373 877 486 908 edocti
525 881 560 907 et
597 876 784 916 prudentes

84 925 176 967 facti,
200 928 269 958 sive
293 938 332 958 ex
346 938 413 958 usu.
460 927 633 958 Didicisse
658 927 720 958 hoc
737 927 783 956 vi-

84 976 186 1008 detur
223 978 381 1009 Davisius
417 988 458 1008 ex
491 978 784 1009 animadversione

86 1028 138 1059 Cl.
167 1029 259 1059 Bosii
287 1029 319 1058 in
347 1030 518 1059 C‘aesarem
548 1038 578 1058 c.
604 1032 660 1066 5.;
685 1038 784 1068 quem

84 1078 240 1109 laudasse
255 1079 440 1109 debuerat:
467 1078 526 1108 sed
538 1084 572 1108 et
590 1088 698 1118 perse
713 1079 784 1118 ipse

84 1138 231 1160 errorem
249 1128 507 1168 deprehendere
524 1129 650 1167 potuit.
696 1127 784 1157 Vide

84 1178 186 1208 etiam
204 1178 292 1208 viros
310 1177 428 1208 doctos
452 1176 494 1207 ad
513 1176 650 1207 Phaedr.
670 1176 705 1206 1³.
729 1178 783 1206 42.

84 1229 93 1246 ‘
109 1238 169 1259 usu
187 1227 337 1268 peritus!

127 1282 145 1309 5
171 1278 236 1318 Ne]
270 1278 310 1309 In
335 1279 442 1317 Bong.
469 1278 568 1308 Voss.
595 1276 691 1308 Leid.
713 1287 783 1307 sec.

86 1330 169 1369 Reg.
186 1329 312 1360 Eliens.
323 1334 359 1360 et
372 1328 459 1359 Edd.
473 1328 590 1369 primis
606 1332 655 1358 est
668 1331 701 1357 ut
713 1337 783 1358 non.

86 1379 329 1411 Edd.Vasco.<.
358 1379 471 1410 Strad.
501 1379 633 1419 Grypli.
660 1383 735 1418 post
751 1382 785 1408 ut

84 1439 133 1460 ne.
180 1429 280 1462 Quod
308 1434 438 1460 rectum
472 1434 566 1469 puto.
610 1430 666 1460 Sic
696 1429 784 1459 enim

85 1481 165 1511 alibi
181 1491 312 1521 quoque
335 1490 412 1512 cum
440 1481 564 1512 ceteris
589 1480 785 1511 auctoribus

83 1531 234 1573 loquitur
250 1532 373 1563 Caesar.

86 1595 88 1597 ·
127 1585 168 1613 18
192 1582 256 1612 Sex
280 1574 348 1612 coh.
378 1581 516 1621 numero]
561 1581 614 1611 Sic
649 1581 784 1621 quidem

85 1631 206 1663 Faern.
220 1631 335 1662 Ursin.
351 1631 490 1663 Hotom.
509 1637 544 1662 et
562 1641 656 1671 seqq.
674 1641 691 1661 e
707 1641 784 1661 con-

79 1682 220 1721 jectura
235 1686 271 1712 et
291 1691 320 1712 c.
333 1684 385 1711 89.
400 1681 580 1712 ediderunt
596 1692 602 1710 :
630 1686 786 1711 constan-

85 1736 136 1762 ter
153 1737 266 1762 tamen
283 1732 367 1762 Mss.
384 1736 421 1762 et
439 1732 524 1762 Edd.
541 1732 636 1762 Vett.
660 1731 785 1761 habent

85 1792 124 1813 aa:
149 1783 214 1812 coh.
241 1791 322 1812 num.
348 1782 409 1811 nisi
441 1782 528 1822 quod
553 1782 586 1812 in
604 1781 699 1812 Leid.
716 1790 785 1811 sec.

86 1832 131 1863 sit
151 1835 192 1871 et,
209 1837 309 1873 atque
325 1832 358 1862 in
374 1832 464 1863 Seal.
483 1832 578 1864 Leid.
598 1842 648 1872 pr.
675 1842 715 1862 ex
738 1842 786 1862 co-

85 1880 235 1912 hortibus.

128 1934 168 1962 19
192 1930 260 1971 Illi]
283 1932 361 1962 Pet.
391 1932 474 1962 Lov.
508 1931 602 1963 Leid.
631 1941 682 1972 pr.
716 1931 785 1962 Ille.

87 1982 162 2012 Pal.
182 1981 276 2013 Leid.
292 1992 360 2013 sec.
379 1987 414 2012 et
430 1982 537 2013 Dorv.
550 1982 604 2013 illa
617 1982 786 2022 procurrit.

86 2031 233 2063 Ultimus
246 2033 348 2063 etiam
361 2032 453 2070 fecit.
477 2033 673 2072 procucurrit
686 2032 786 2063 etiam

85 2082 212 2113 Lovan.
245 2083 308 2114 Sed
324 2093 420 2119 cave,
443 2083 524 2124 quid
551 2088 673 2113 mutes.
720 2081 785 2112 Adi

85 2133 307 2164 conlectanea
328 2134 370 2164 ad
387 2135 428 2164 B.
445 2135 489 2164 G.
512 2143 552 2164 11.
569 2137 600 2164 2.
624 2135 633 2150 ⁴
648 2134 788 2174 Equita-

85 2188 166 2213 tum.
191 2183 254 2214 His
269 2184 311 2215 Q.
329 2184 472 2214 Pedium
487 2183 664 2224 praefecit.’

127 2240 225 2263 xcw.
241 2236 259 2263 4
283 2233 444 2264 Sastbaere
460 2234 641 2274 Pompeiani
662 2245 720 2264 non
735 2245 786 2273 po-

84 2282 224 2322 tuerunt]
249 2283 309 2314 Ait
328 2284 506 2314 Frontinus
522 2285 671 2323 Strateg.
689 2294 737 2315 iv.
755 2289 786 2316 7.

84 2335 94 2351 ⁴
109 2334 148 2365 C.
164 2335 291 2373 Caesar,
316 2345 390 2365 cum
409 2336 442 2365 in
460 2336 612 2376 partibus
629 2336 786 2375 Pompei·

85 2384 156 2415 auis
178 2394 297 2425 magna
324 2386 476 2426 equitum
495 2387 721 2417 Romanorum
739 2396 787 2417 es-

72 2438 136 2465 ¹set
165 2443 295 2472 manus,
320 2444 428 2476 eaque
451 2446 618 2467 armorum
644 2437 787 2467 scientia

85 2484 208 2516 milites
230 2485 426 2527 conficeret,
451 2497 510 2517 ora
531 2489 712 2529 oculosque
731 2498 785 2518 eo-

86 2543 158 2564 rnm
176 2535 294 2575 gladiis
321 2536 394 2576 peti
415 2536 530 2576 jussit,
547 2543 582 2568 et
605 2538 654 2567 sic
668 2537 786 2568 adver-

85 2592 156 2629 sam
170 2582 291 2616 faciem
308 2586 440 2618 caedere
457 2587 592 2627 coegit?
616 2587 786 2628 Corrupta

87 2632 191 2664 v‘erba
205 2636 359 2675 emendo,
384 2639 544 2668 adversum
565 2638 663 2669 aciem
680 2640 786 2669 cedere

85 2682 203 2722 coegit.-
231 2686 411 2717 stewechii
437 2688 638 2728 conjectura
661 2694 726 2727 est,
751 2699 784 2719 ‹1-

86 2741 174 2764 versa
187 2732 273 2771 facie
287 2736 390 2767 cedere
403 2737 516 2777 coegit.
562 2739 683 2780 Neque
699 2739 785 2770 hanc

831 173 892 202 DE
927 172 1082 202 nmmo
1115 173 1285 203 civim.
1422 163 1535 206 1519

838 268 1001 308 improbo.
1031 268 1163 299 Vossius.

878 322 898 348 9
923 318 1022 348 fucta
1049 318 1158 357 coedes]
1197 318 1280 350 Mss.
1312 323 1441 351 tantum
1470 331 1535 353 non

836 378 950 399 omnes
965 375 998 399 et
1013 369 1100 400 Edd.
1117 370 1234 410 primae
1249 370 1536 410 reliqueruntsac-

836 423 877 450 tce
891 421 996 450 credes.
1042 420 1142 452 Quod
1155 420 1283 459 nescio,
1299 430 1357 451 cur
1369 426 1536 451 mutatum

836 471 878 501 sit
903 479 921 499 a
947 470 1210 501 recentioribus:
1244 471 1433 510 praesertim
1460 480 1536 501 cum

837 522 950 552 Caesar
978 526 1068 551 amet
1096 521 1259 560 pluralem
1287 530 1472 560 numerum,
1499 526 1538 552 ut

837 572 978 603 vidium<
1007 572 1198 612 aliquotieS.
1240 573 1320 604 Luc.
1359 581 1438 603 vm.
1461 574 1536 602 447.

836 624 844 640 ‘
860 623 1042 663 Spectabit
1059 622 1101 652 ab
1122 623 1190 653 alto
1216 623 1351 653 AEthere
1378 622 1538 653 Thessali-

835 685 890 707 cas
909 679 1025 707 teneat
1045 685 1120 706 cum
1137 675 1288 714 fulmina,
1313 675 1446 705 caules!
1493 675 1538 705 Et

835 727 882 757 ita
908 727 963 756 ille
986 730 1021 756 et
1049 725 1105 756 alii
1131 725 1265 765 passini.
1319 724 1358 754 In
1388 724 1536 764 Apuleio

835 778 936 807 etiam
949 777 1033 807 Met.
1047 777 1066 806 1.
1082 785 1137 806 nr.
1153 786 1185 816 p.
1198 778 1250 806 46.
1269 776 1277 791 ‘
1289 784 1349 815 per
1363 779 1467 804 totam
1482 774 1537 805 do-

835 837 922 858 mum
937 827 1050 857 caedes
1067 825 1261 857 ambulent!
1306 825 1360 855 Sic
1374 825 1457 854 Mss.
1472 834 1538 855 non

835 877 985 907 ambulet:
1009 880 1229 917 praecesserat
1260 875 1384 906 ibidem
1403 875 1537 905 caulibus

834 931 1019 967 operantem,
1040 927 1213 967 impiatum.

881 981 917 1008 ll
945 976 1176 1016 circumventa]
1200 976 1254 1007 Sic
1266 976 1332 1007 Ms.
1350 976 1434 1015 Reg.
1469 974 1536 1005 Alii

836 1038 962 1066 omne&
981 1031 1048 1058 erat
1060 1028 1275 1057 circumventa.
1321 1025 1387 1056 Sed
1403 1026 1536 1062 elegan-

837 1079 902 1109 tius
932 1079 1038 1109 multu
1061 1078 1232 1108 omittitur
1257 1076 1338 1106 illud
1366 1079 1443 1107 erut.
1491 1076 1538 1106 Ut

837 1128 994 1168 periodus
1012 1138 1077 1158 una
1093 1129 1135 1158 sit
1151 1128 1188 1158 ab
1203 1128 1252 1157 his
1271 1128 1407 1167 primum
1423 1127 1540 1166 equitn-

836 1181 886 1208 tus
911 1181 957 1208 est
977 1178 1099 1217 pulsus:
1127 1177 1174 1207 Ab
1198 1177 1307 1206 iisdem
1327 1176 1419 1212 facta
1444 1177 1540 1206 (πάθε

834 1239 900 1267 sag.
915 1231 1005 1268 atque
1013 1227 1106 1264 fund.
1153 1226 1201 1257 Ab
1212 1226 1319 1256 iisdem
1333 1226 1412 1255 acies
1429 1226 1537 1265 Pomp.

835 1288 854 1308 a
869 1279 928 1308 sin.
953 1280 1041 1317 purte
1063 1278 1287 1315 circumventa,
1307 1279 1397 1315 atque
1413 1275 1540 1305 initium

827 1329 921 1367 fugoe
950 1327 1085 1366 factum.
1126 1328 1233 1357 warh.
1294 1327 1375 1356 Erat
1412 1326 1537 1357 Ursino

836 1388 968 1419 quoque
997 1384 1033 1408 et
1057 1379 1204 1408 Grutero
1229 1377 1293 1407 t'uit
1319 1383 1539 1416 suspeetum3

836 1439 898 1460 nec
917 1429 1084 1459 inmerito.
1118 1427 1316 1467 Agnoscunt
1331 1433 1440 1457 tamen
1455 1427 1539 1458 Mss.

835 1478 912 1509 mei.
959 1478 1025 1509 Sed
1052 1488 1112 1518 pro
1139 1478 1346 1508 circumventa
1371 1477 1403 1506 in
1426 1477 1539 1507 Palat.

836 1530 963 1560 Lovan.
979 1529 1124 1559 Dorvill.
1140 1528 1236 1559 Leid.
1248 1538 1313 1559 see.
1326 1533 1376 1558 est
1389 1527 1541 1563 circuitm

836 1580 870 1610 in
900 1580 996 1610 Voss.
1033 1578 1252 1617 circumunitn,
1291 1583 1325 1608 at
1357 1579 1387 1607 in
1418 1578 1540 1607 Petav.

835 1630 959 1670 scalig.
992 1630 1088 1660 Leid.
1118 1639 1169 1670 pr.
1202 1634 1237 1660 et
1276 1629 1363 1659 Edd.
1396 1630 1538 1659 VaSCOS.

836 1682 950 1722 Steph.
968 1681 1029 1712 Gr.
1044 1685 1133 1721 post.
1150 1681 1216 1711 Str.
1234 1686 1394 1710 exaratur
1411 1680 1542 1709 circum-

837 1734 894 1763 ita.
941 1732 1039 1764 Quod
1068 1741 1246 1772 perperam
1271 1735 1446 1760 mutarunt
1470 1729 1537 1759 alii.

840 1783 1008 1814 Circumiri
1033 1782 1164 1823 passive
1192 1791 1258 1812 non
1284 1790 1358 1811 raro
1375 1779 1538 1811 occurrit.

839 1835 928 1874 Nep.
947 1834 980 1864 in
996 1833 1114 1864 Them.
1133 1842 1161 1864 e.
1176 1835 1207 1863 3.
1232 1834 1240 1848 ‘
1254 1832 1307 1863 Ne
1321 1830 1540 1861 multitudine

838 1883 1097 1921 circumiretur,’
1114 1882 1170 1913 ubi
1186 1882 1262 1912 vide
1279 1881 1450 1912 Gebhard.
1475 1881 1540 1911 Im-

838 1944 892 1965 mo
915 1934 977 1965 hoc
1008 1934 1116 1974 ipsum
1145 1933 1360 1973 participium
1389 1931 1542 1962 adhibuit

838 1988 954 2015 noster
972 1985 1013 2014 B.
1032 1984 1075 2014 G.
1091 1993 1147 2014 111.
1165 1986 1219 2014 25.
1238 1984 1449 2015 ‘Circmnitis
1466 1983 1540 2012 lios-

839 2035 921 2065 tium
938 2034 1083 2065 castris?
1111 2035 1150 2065 B.
1164 2032 1274 2064 Afric.
1299 2044 1327 2063 c.
1344 2036 1396 2064 84.
1422 2034 1430 2048 ⁴
1446 2032 1543 2063 Cele-

838 2085 922 2116 riter
947 2084 1065 2115 bestiis
1090 2083 1300 2115 circumitis!
1319 2084 1358 2114 Β.
1385 2082 1491 2113 Afric.
1509 2091 1541 2113 c.

839 2138 891 2166 14.
925 2134 992 2165 ‘ad
1018 2134 1299 2165 circumeundum
1327 2131 1542 2174 equitatum‚’

838 2185 870 2216 in
898 2185 992 2216 Leid.
1021 2195 1072 2225 pr.
1101 2185 1407 2215 circumreniemlwn.
1452 2182 1542 2212 Vide

838 2236 941 2267 etiam
958 2236 999 2266 ad
1015 2246 1043 2265 c.
1063 2238 1112 2266 18.
1137 2235 1264 2265 Eadem
1282 2233 1436 2265 confusio
1450 2231 1541 2273 apud

838 2287 915 2317 Val.
929 2287 1023 2317 Max.
1043 2295 1075 2316 v.
1089 2289 1120 2316 2.
1140 2286 1215 2315 Ext.
1233 2288 1264 2316 2.

883 2339 921 2367 14
946 2337 1029 2367 Aliis
1038 2336 1168 2377 dzffisus]
1188 2336 1273 2366 Mss.
1289 2336 1382 2365 Carr.
1399 2333 1542 2365 Norvie.

839 2386 962 2427 aliique
1012 2395 1128 2416 omnes
1176 2389 1423 2425 repraesentant
1470 2383 1542 2413 aliis

838 2447 938 2478 quam
962 2437 1106 2467 maxime
1123 2437 1240 2478 ‹ltffsus
1254 2436 1319 2466 acie
1333 2435 1482 2466 excessit.-
1505 2439 1541 2464 et

838 2487 886 2519 sic
911 2488 1050 2519 edidere
1073 2487 1260 2517 Beroaldus
1288 2496 1326 2517 ac
1343 2485 1540 2525 Gryphius;

837 2548 900 2569 nec
916 2547 996 2569 sane
1015 2538 1124 2577 video,
1140 2547 1201 2568 cur
1225 2547 1280 2568 eas
1297 2546 1396 2567 voces
1414 2543 1540 2574 expun-

838 2588 951 2619 xerint
979 2588 1110 2628 nuperi.
1158 2588 1396 2618 Restituautur
1425 2585 1539 2625 igitur,

838 2643 872 2669 ct
889 2649 932 2669 ex
948 2638 1069 2668 Petav.
1087 2643 1255 2678 praeterea
1273 2640 1457 2676 reponatur
1474 2634 1541 2664 ‹mi-

838 2699 920 2719 mum
935 2689 1080 2719 adrev-tit.
1105 2688 1218 2718 Ducis.
1233 2696 1293 2717 cur
1306 2696 1373 2715 sec.
1398 2685 1452 2715 Sic
1465 2688 1541 2724 post

838 2739 971 2770 Manui.
988 2748 1030 2769 ex
1048 2737 1165 2769 Ursini
1193 2736 1275 2767 eod.
1302 2734 1410 2766 edidit
1437 2733 1542 2765 Scali-
