1850 3109
275 222 386 265 1474

274 326 419 366 censuit,
447 328 523 367 post
549 324 769 364 Scaligerum‚
796 322 967 354 Davisius,

272 377 503 408 Veruntamen
532 376 565 406 in
595 384 668 405 eam
698 373 808 413 potius
839 378 970 412 partem

741 228 882 259 NOTAE
915 224 1178 257 VAmoRUM
1212 224 1262 254 ΙΝ

1025 321 1137 351 Palat.
1156 319 1264 350 Dorv.
1281 317 1364 349 dant
1378 317 1481 348 idem.-
1504 314 1595 347 unde
1618 314 1724 347 'facile

1024 369 1185 409 amplecti
1210 376 1382 408 possemus
1408 367 1462 398 Ill.
1490 365 1623 397 Heinsii
1647 375 1726 397 con-

274 426 486 468 propendeo‚
509 430 546 455 ut
569 434 624 455 eas
646 421 841 453 retinendas
857 421 972 451 existi·
1019 420 1190 460 jecturam
1208 418 1333 448 Itidem.
1379 416 1451 448 Nisi
1474 416 1568 446 malis
1593 423 1725 446 sumere

276 487 384 514 mem;
425 475 593 516 quoniam,
624 472 689 503 etsi
717 471 798 502 ferri
827 470 971 511 quodam

275 528 377 560 modo
403 536 499 567 posse
525 525 673 559 videtur,
700 527 736 553 ut
767 521 849 553 illud
871 521 975 561 paullo

275 579 378 609 minus
391 576 528 607 ducentis
543 574 710 605 referatur
723 573 764 603 ad
783 571 976 613 praeceden-

278 633 347 659 tem
362 627 550 662 sustuleram
575 630 699 663 tamen,
713 625 739 654 si
763 624 794 653 id
810 624 858 653 ita
871 626 975 659 esset,

278 677 481 709 crediderim
509 676 621 717 potius
646 675 851 715 scripturum
874 671 976 703 fuisse

280 727 462 766 Caesarem,
516 726 618 767 paullo
669 725 770 755 minus
819 725 975 754 ducentos.

282 779 389 809 Clark.
435 802 437 805 .
464 776 560 817 Ejeci
608 775 770 806 audacter
806 782 905 804 voces
948 782 980 803 se

279 828 490 867 compleverat,
521 835 595 866 quae
624 834 689 855 nou
717 828 918 863 comparent
945 822 978 852 in

280 878 350 908 ullo
366 886 515 907 meorum
539 875 715 911 Codicum,
742 879 779 904 ut
809 875 843 904 in
860 872 978 912 Cujac.

280 928 404 959 Petav.
422 928 531 967 Bong.
547 935 585 956 ac
604 925 676 955 Pal.
694 923 897 954 membranis
914 932 979 952 non

282 984 437 1020 repertas
464 977 666 1019 proscripsit
682 977 784 1007 etiam
801 977 981 1006 Gruterus.

281 1029 373 1060 Nam
391 1029 580 1068 scrupulus,
608 1036 708 1067 quem
726 1026 836 1066 injicit
853 1025 983 1055 Clarki-

282 1090 334 1117 us,
353 1079 517 1109 Caesarein
529 1077 642 1118 potius
658 1076 765 1107 videri
782 1075 984 1115 scripturum

282 1129 385 1160 fuisse
407 1130 562 1165 ducentos,
589 1127 671 1160 nihil
695 1136 754 1156 nos
778 1125 898 1156 morari
927 1135 984 1165 po-

284 1184 364 1211 test.
409 1179 494 1211 Quis
510 1178 597 1208 enim
622 1176 814 1217 praestabit,
843 1176 891 1206 ita
908 1184 985 1206 eum

284 1238 352 1260 non
369 1227 567 1267 scripsisse?
601 1236 677 1256 nam
695 1226 728 1256 iu
748 1226 829 1256 Mss.
853 1225 986 1255 cunctis

285 1283 412 1319 praeter
435 1278 543 1316 Bong.
573 1286 633 1316 per
657 1280 753 1306 notas
783 1283 822 1305 cc
850 1284 891 1305 ea
921 1284 987 1305 vox

287 1332 469 1366 exaratur;
494 1326 672 1366 fateorque
690 1329 864 1355 auctorem
881 1334 920 1355 ea
937 1333 987 1355 so-

286 1381 356 1411 lere
369 1377 492 1410 efferre
504 1386 564 1417 per
579 1375 711 1415 ellipsin
719 1375 775 1405 τοῦ
787 1385 887 1415 quam.
899 1374 988 1404 Vide

287 1430 330 1462 ad
347 1438 427 1461 vm.
447 1431 496 1460 10.
524 1432 560 1458 et
580 1426 689 1458 Drak.
713 1425 755 1456 ad
772 1426 844 1456 Liv.
860 1434 917 1456 ιιι.
933 1428 986 1456 64.

286 1480 367 1512 Non
392 1480 426 1510 id
454 1484 565 1510 tamen
583 1477 614 1508 ei
640 1477 687 1507 ita
703 1480 905 1516 perpetuum
923 1479 987 1514 est,

287 1536 408 1562 utnon
437 1534 472 1560 et
498 1527 696 1559 Ablativum
724 1530 877 1565 usurpet.
923 1525 989 1555 Adi

287 1579 388 1611 modo
403 1578 444 1609 ad
462 1587 512 1609 lv.
529 1579 582 1607 37.
627 1576 717 1609 Quin
743 1575 854 1615 potius
886 1574 990 1605 Abla-

289 1630 380 1661 tivus
406 1629 462 1659 ille
490 1627 627 1658 videtur
651 1635 765 1656 ansani
793 1625 928 1656 dedisse
956 1625 992 1655 li-

290 1679 424 1719 brariis,
449 1678 502 1709 vel
529 1676 728 1708 Editoribns
753 1676 882 1716 primis,
911 1676 991 1706 istas

288 1739 392 1761 voces
423 1728 580 1760 addendi.
639 1727 747 1757 Immo
784 1726 868 1757 Mss.
901 1725 992 1766 apud

290 1780 386 1812 Hirt.
416 1779 456 1810 B.
487 1776 587 1809 Alex.
616 1786 646 1808 c.
674 1780 727 1807 69.
752 1775 879 1807 habent
895 1776 994 1807 minas

290 1830 376 1862 mille
388 1828 578 1863 hominibus;
602 1826 658 1857 ubi
674 1826 775 1866 vulgo
792 1826 957 1857 hominum.

338 1883 376 1912 13
401 1878 566 1917 Perducti]
595 1877 707 1908 Ursin.
741 1877 864 1908 l'ctav.
900 1877 994 1908 Leid.

293 1940 346 1970 pr.
376 1930 502 1960 Lovan.
533 1929 631 1958 Voss.
662 1927 808 1958 Dorvill.
840 1928 994 1967 producti.

295 1979 446 2011 Rectius.
481 1977 550 2008 Adi
572 1977 613 2007 ad
637 1985 702 2008 vu.
730 1979 779 2007 13.
802 1977 810 1993 ‘
825 1976 868 2007 ad
885 1978 996 2008 Caesa-

294 2038 365 2060 rem
383 2027 618 2069 produxerunt
632 2038 638 2056 :
650 2027 657 2039 '
680 2031 715 2057 et
732 2026 821 2057 alibi.
856 2027 947 2058 Dein
963 2028 996 2057 in

293 2081 485 2119 conspectum
501 2077 602 2108 etiam
622 2077 744 2106 Petav.
769 2076 881 2107 Palat.
905 2077 994 2108 Scal-

294 2130 393 2159 Voss.
424 2128 550 2158 Lovan.
579 2131 613 2157 et
641 2127 750 2157 Dorv.
797 2127 898 2159 Quod
929 2137 997 2158 non

295 2178 457 2218 displicet
472 2177 534 2207 hoc
550 2176 637 2216 loco,
666 2186 729 2206 nee
747 2185 776 2206 c.
793 2179 844 2208 71.
890 2177 898 2193 ‘
917 2177 999 2207 Pro-

297 2227 416 2258 ductos
431 2227 464 2257 in
481 2226 627 2257 omnium
652 2231 870 2265 conspectum
896 2227 1000 2257 inter-

296 2276 380 2309 fecit
395 2288 402 2308 :
429 2276 479 2308 uti
496 2281 549 2307 est
565 2276 598 2306 in
615 2276 737 2308 Petav.
753 2276 794 2307 Y.
812 2276 853 2306 ad
883 2277 997 2308 Front.

298 2328 321 2358 Ι.
351 2336 375 2358 ι.
402 2329 453 2358 12.
470 2327 484 2366 §
501 2329 553 2357 10.
597 2326 606 2342 ‘
625 2325 665 2356 ln
694 2331 915 2365 conspectum
931 2336 999 2357 om-

297 2377 390 2409 nium
421 2376 547 2408 collisis
578 2375 746 2416 lapidibus
764 2375 790 2407 :’
813 2380 847 2406 et
878 2377 1000 2416 passim

297 2426 389 2468 apud
406 2431 556 2457 nostrum
574 2426 606 2457 hi
624 2435 720 2456 casus
737 2424 999 2465 confunduntur,

299 2475 350 2509 uti
375 2480 411 2507 et
436 2475 524 2515 apud
548 2484 664 2508 omnes
687 2473 867 2506 Auctores.
912 2475 1000 2506 vide

300 2525 465 2558 Iudicem.

345 2580 384 2608 15
403 2576 496 2616 Item]
511 2575 704 2614 Saepissime
721 2575 792 2606 haec
811 2576 928 2607 vocula
940 2575 996 2605 ad-

300 2626 438 2660 hibetur
454 2635 474 2656 a
490 2626 636 2664 Caesare,
664 2630 701 2656 ut
728 2626 931 2656 monendum
948 2627 1002 2657 lia-

302 2675 360 2707 bui
391 2674 434 2706 ad
462 2674 504 2705 B.
522 2674 566 2707 G.
583 2683 607 2704 1.
624 2677 678 2705 36.
708 2679 743 2705 et
759 2675 872 2705 statim
896 2685 926 2706 c.
949 2678 1002 2708 31.

304 2726 420 2758 Quare
437 2725 485 2756 nil
503 2729 630 2756 temere
646 2730 750 2756 muto.
798 2725 865 2757 Hic
892 2731 1003 2758 tamen

304 2776 389 2809 Mas.
420 2775 542 2808 Petav.
567 2774 655 2808 Scal.
680 2775 775 2808 Leid.
798 2785 852 2817 pr.
878 2775 1004 2808 Lovan.

1028 480 1088 510 pro
1104 470 1208 500 iidem.
1250 469 1332 499 Mox
1350 478 1411 508 pro
1427 478 1484 498 non
1501 468 1532 498 in
1550 467 1626 507 Cuj.
1644 466 1726 498 Pet.

1028 520 1104 550 Pal.
1132 520 1228 551 Leid.
1255 529 1306 559 pr.
1333 519 1461 550 Lovan.
1490 519 1588 549 Voss.
1619 518 1728 550 Dorv.

1029 570 1093 600 Ed.
1112 569 1260 599 Florent.
1276 578 1369 608 neque
1385 569 1539 599 liabetur.
1587 568 1726 608 Optime

1031 628 1092 659 pro
1118 628 1156 649 ne
1182 619 1315 658 quidem.
1361 619 1460 650 Quod
1484 619 1612 649 idcirco
1633 617 1731 649 resti·

1031 670 1091 700 tui.
1139 669 1229 699 Flor.
1249 677 1287 698 ιι.
1304 670 1335 699 2.
1351 669 1366 707 §
1383 671 1413 698 2.
1458 669 1467 684 ‘
1485 668 1544 698 Uti
1571 678 1635 699 nec
1662 677 1730 699 am-

1031 720 1120 760 plius
1149 728 1221 749 eam
1247 718 1387 749 insulam
1418 718 1631 756 cogitarent!
1674 718 1732 749 Sic

1031 769 1135 800 etiam
1150 773 1169 800 4
1188 770 1271 800 Mss.
1289 768 1406 799 Leidd.
1425 777 1464 798 ιι.
1482 771 1512 799 8.
1528 768 1542 807 §
1556 770 1588 798 2.
1632 767 1641 784 ‘
1658 768 1732 799 Rex

1033 819 1188 859 proelium
1217 828 1279 850 nec
1303 823 1458 859 spectare
1481 823 1617 857 poterat
1631 817 1651 849 :'
1673 817 1733 848 ubi

1034 869 1107 899 vide
1125 869 1195 899 Cel.
1213 868 1345 899 Duker.
1364 874 1399 898 et
1415 867 1503 899 infra
1519 878 1548 899 c.
1565 870 1619 899 37.
1634 878 1663 899 c.
1678 870 1732 899 74.

1033 919 1181 959 ‘Neque
1211 918 1293 949 satis
1331 918 1493 948 militibus
1530 917 1736 958 confidebat,

1034 967 1272 1008 spatiumque,'
1289 970 1351 999 διο.
1381 968 1485 1007 Apul.
1512 969 1533 999 l.
1551 977 1606 999 ιιι.
1630 978 1663 1009 p.
1679 971 1734 999 48.

1034 1020 1042 1034 ‘
1061 1028 1123 1048 nec
1141 1017 1326 1048 adsistendi
1355 1018 1511 1048 solatium
1540 1018 1737 1058 perhibuit!

1034 1069 1089 1099 Sic
1107 1069 1209 1099 etiam
1225 1078 1278 1099 nec
1293 1068 1357 1108 ipse
1373 1073 1408 1098 et
1423 1077 1462 1099 ne
1476 1068 1623 1108 ponitur.
1646 1067 1735 1099 Vide

1035 1118 1076 1149 ad
1095 1127 1158 1148 vu.
1177 1122 1208 1149 8.

1079 1168 1123 1198 Et
1139 1169 1330 1208 tempestatis
1345 1172 1376 1199 et
1391 1169 1519 1199 senlinae
1533 1169 1637 1210 vitiis]
1664 1169 1740 1201 Sm-

1035 1218 1110 1247 tinoe
1136 1218 1214 1248 vitia
1241 1218 1456 1249 Latinissime
1483 1220 1656 1250 vocaveris
1681 1219 1739 1252 fae-

1037 1272 1157 1307 torem,
1173 1268 1229 1308 qui
1246 1277 1288 1298 ex
1306 1278 1345 1298 ea
1361 1269 1480 1304 oritur.
1502 1269 1561 1300 secl
1577 1273 1740 1310 tempesta-

1037 1318 1078 1348 tis
1104 1318 1182 1348 vitia
1209 1327 1307 1348 nemo
1337 1328 1483 1359 unquam
1511 1319 1609 1350 dixit.
1653 1320 1740 1351 Sana

1039 1372 1151 1398 tamen
1179 1371 1231 1398 est
1258 1367 1361 1398 lectio
1385 1368 1547 1407 vulgata3
1571 1369 1741 1400 interdum

1039 1418 1126 1449 enim
1151 1422 1283 1449 veteres
1312 1418 1442 1449 duobus
1467 1420 1659 1459 pluribusve
1683 1431 1743 1452 vo·

1039 1469 1169 1500 cabuiis
1200 1478 1318 1499 vocem
1347 1469 1550 1511 adjungunt,
1580 1481 1655 1512 quae
1684 1471 1743 1502 uni

1040 1523 1171 1550 tantum
1198 1518 1390 1549 conveniat.
1415 1520 1516 1550 Corn.
1544 1519 1661 1561 Nepos
1686 1520 1745 1552 Al-

1041 1569 1109 1600 cib.
1136 1579 1166 1600 c.
1194 1578 1249 1600 ιιι.
1274 1570 1282 1585 ⁴
1303 1569 1379 1600 Non
1409 1569 1515 1600 solum
1541 1579 1635 1610 spem
1652 1570 1743 1602 ineo

1040 1620 1209 1650 habebant
1235 1619 1427 1658 maximam,
1454 1619 1513 1650 sed
1530 1620 1631 1650 etiam
1647 1620 1745 1651 timo-

1043 1668 1157 1706 rem;'
1182 1678 1257 1699 cum
1283 1668 1424 1699 timorem
1451 1669 1484 1699 in
1507 1669 1609 1708 aliquo
1634 1669 1746 1700 habere

1043 1729 1167 1750 novum
1183 1728 1320 1758 prorsus
1339 1719 1382 1749 sit
1398 1722 1432 1749 et
1449 1719 1645 1750 inauditum.
1670 1720 1746 1751 Flo-

1045 1778 1101 1799 rus
1117 1777 1173 1799 111.
1190 1770 1243 1799 21.
1265 1767 1274 1783 ‘
1292 1768 1424 1806 Oculis,
1450 1768 1615 1809 manibus,
1639 1769 1748 1800 cruri-

1043 1819 1173 1859 busque
1190 1817 1370 1849 defossis:’
1395 1823 1429 1848 at
1455 1822 1620 1849 eruuntur
1646 1819 1750 1859 oculi,

1044 1879 1111 1900 non
1139 1868 1383 1906 defodiuntur-3
1414 1878 1512 1908 quam
1539 1869 1583 1900 ob
1609 1878 1746 1900 causam

1044 1919 1131 1949 hunc
1155 1920 1266 1950 locum
1287 1918 1401 1949 mendi
1424 1923 1618 1959 suspectum
1643 1920 1746 1950 habu-

1047 1979 1104 2000 ere
1121 1969 1266 2009 Lipsius,
1294 1968 1555 2006 Freinshemius,
1585 1969 1664 2007 alii;
1688 1969 1748 2000 sed

1046 2019 1228 2057 immerito,
1252 2023 1289 2049 ut
1304 2018 1453 2050 ostendit
1468 2019 1519 2049 vir
1535 2019 1748 2050 doctissimus

1047 2071 1146 2102 Joau.
1176 2070 1303 2109 Georg.
1333 2070 1504 2100 Graevius.
1552 2069 1617 2100 Adi
1645 2070 1749 2101 etiam

1049 2130 1123 2161 quae
1161 2119 1294 2150 notavit
1330 2119 1557 2150 eruditissima
1597 2124 1752 2151 matrona

1049 2171 1148 2201 Anna
1163 2170 1315 2201 Daceria
1331 2169 1372 2200 ad
1389 2170 1531 2210 Dictym
1554 2171 1751 2203 Cretensem

1050 2231 1075 2252 1.
1092 2225 1123 2252 9.
1168 2222 1281 2253 Daris.

1093 2275 1131 2303 21
1161 2272 1222 2307 Qui
1253 2282 1317 2303 cam
1347 2276 1469 2313 partem
1497 2283 1560 2304 orae
1585 2274 1752 2305 maritima.-

1050 2322 1262 2362 asserrabant]
1293 2322 1403 2354 Editt.
1435 2322 1535 2353 Rom.
1570 2324 1655 2355 Ven.
1686 2324 1753 2355 Be.-

1051 2373 1158 2405 roald.
1177 2374 1336 2405 exhibent
1357 2383 1423 2404 eam
1443 2378 1567 2414 partem
1580 2384 1644 2405 01·oe
1659 2374 1752 2405 mari-

1051 2426 1136 2456 timae
1151 2425 1371 2461 obser-rabaam
1394 2425 1447 2456 cui
1464 2426 1601 2457 lectioni
1619 2425 1753 2457 firman-

1052 2474 1103 2504 dae
1119 2479 1231 2512 erunt,
1252 2485 1326 2515 quae
1343 2484 1384 2505 ex
1402 2475 1480 2506 Pet.
1498 2475 1607 2506 Fabro
1623 2476 1754 2507 notavit

1051 2525 1152 2557 Joan.
1170 2525 1332 2556 Brantius
1354 2525 1395 2555 ad
1420 2526 1459 2556 B.
1484 2526 1522 2557 C.
1550 2535 1574 2556 1.
1598 2529 1650 2560 21.
1695 2526 1752 2558 Sic

1052 2575 1223 2615 Sulpicius
1249 2574 1363 2605 Sevcr.
1381 2574 1472 2605 Hist.
1488 2575 1582 2606 Sacr.
1599 2585 1623 2607 1.
1648 2578 1700 2608 33.
1722 2578 1754 2608 7.

1052 2626 1061 2641 ‘
1077 2626 1153 2656 Non
1169 2625 1309 2665 imperia
1321 2625 1454 2665 exequi,
1470 2634 1534 2655 non
1551 2626 1682 2657 ordines
1697 2626 1755 2657 ob-

1055 2685 1190 2707 servare
1205 2675 1230 2713 ;'
1255 2684 1353 2715 quem
1368 2675 1477 2707 locum
1495 2676 1620 2708 frustra
1635 2675 1757 2707 solliei-

1055 2730 1105 2757 tat
1127 2725 1228 2758 Joan.
1260 2725 1427 2763 Vorsfius,
1455 2730 1493 2755 ut
1521 2724 1622 2756 fidem
1649 2724 1756 2756 saciet

1056 2776 1251 2818 Eumenius,
1279 2775 1336 2818 qui
1363 2776 1489 2818 Paneg.
1517 2785 1584 2808 vu.
1607 2785 1638 2808 c.
1664 2778 1696 2808 4.
1714 2777 1756 2807 '2-
