1850 3109
235 188 349 232 1828
666 201 704 232 J.
735 199 869 231 GELSI
909 200 1259 231 COMMENTARH

231 300 402 339 facturos
430 300 668 346 obtulerunt,
706 305 822 350 atque
854 299 1058 348 imperanti
1091 299 1227 337 milites
1257 299 1431 337 alacriter
1463 305 1691 349 paruerunt:

235 365 378 404 diffuso
410 370 516 402 metu
547 364 658 402 simul
685 370 721 400 et
755 363 856 400 fama
876 361 1043 407 virtutis,
1071 369 1111 399 et
1134 363 1290 413 vulgato
1321 364 1453 401 horum
1485 363 1534 401 de
1554 364 1694 413 quibus

233 429 401 467 diximus
421 429 523 466 exitu
542 443 551 473 3
588 433 738 464 caeterae
758 437 891 461 omnes
913 424 1172 474 sequebantur
1191 426 1359 476 undique
1380 426 1621 465 deditiones:
1654 434 1694 466 et

233 492 263 530 si
284 492 370 542 quis
397 491 664 541 praefectorum
694 486 977 525 contradiceret
1010 487 1234 537 capiebatur
1258 496 1324 525 aut
1351 489 1576 538 pellebatur.
1637 492 1696 528 lta

234 556 368 606 pulsus
389 567 435 591 ex
452 552 604 590 Etruria
620 551 933 598 Libo‚Tl1ermus
947 564 992 588 ex
1009 551 1323 596 Umbria,Estulo
1340 553 1535 598 Lentulus,
1555 561 1695 604 captus

235 621 365 658 Cneus
387 617 540 667 Magius
558 615 768 667 ”praefecti
789 615 925 652 ambo:
946 622 984 653 et
1005 628 1093 653 cum
1109 615 1262 665 Magius
1284 615 1332 652 ad
1345 616 1534 653 Caesarem
1554 617 1696 654 ductus

233 687 346 727 esset,
367 695 412 720 ac
433 681 590 719 sortasse
611 679 847 729 supplicium
869 678 1103 723 formidaret,
1127 679 1256 716 Caesar
1277 692 1364 716 eum
1384 678 1540 729 placido
1567 680 1696 718 animo

234 745 394 784 dimisit.
452 749 462 765 ‘
484 745 532 782 Et
566 743 689 789 vade,'
726 743 863 793 inquit,
901 747 912 763 ‘
941 742 990 780 ad
1030 742 1273 792 Pompejum,
1307 742 1421 791 eique
1451 743 1542 780 meis
1575 744 1698 782 verbis

234 809 387 848 nuntia:
431 808 612 859 quoniam
632 806 681 845 ad
700 807 802 844 liunc
824 805 925 842 diem
955 818 1032 842 non
1051 805 1164 842 suerit
1184 806 1294 843 nobis
1316 807 1555 855 oportunitas
1583 808 1699 845 collo·

233 873 391 925 quendi,
412 879 528 924 atque
550 885 620 922 ego
642 870 916 915 Brundusium,
948 882 1024 919 quo
1046 869 1157 906 ivisse
1177 869 1283 906 illum
1305 870 1434 915 audio,
1455 871 1696 919 profecturus

234 950 343 982 sum;
385 937 500 987 [185]
533 935 663 981 credo,
678 941 721 972 ut
741 934 1008 983 colloquamur
1026 933 1235 984 expediens
1256 934 1422 983 publicae
1438 934 1563 979 saluti,
1585 936 1697 984 cujus

234 1013 366 1040 curam
387 1013 515 1050 gerere
536 999 698 1036 maxime
718 1005 887 1036 nostrum
907 1005 977 1036 est.
1027 998 1115 1035 Non
1136 1004 1194 1035 est
1213 1004 1340 1034 autem
1362 1010 1432 1048 par
1452 997 1613 1035 effectus
1632 1011 1699 1048 per

233 1064 390 1102 nuntios
411 1063 460 1101 de
488 1062 715 1113 longinquo,
731 1068 849 1113 atque
870 1062 967 1100 inter
979 1067 1185 1112 praesentes
1206 1061 1276 1099 ista
1293 1061 1459 1106 tractari,
1481 1061 1586 1110 qnod
1608 1075 1700 1099 con-

234 1127 355 1178 specti
375 1128 500 1165 vultus
530 1132 569 1165 et
588 1127 685 1164 vivae
705 1140 820 1165 voces
853 1126 902 1164 ad
933 1126 1143 1164 movendos
1172 1126 1317 1163 animos
1345 1125 1506 1162 multum
1528 1125 1698 1175 possint!

235 1193 444 1242 Occupato
477 1191 554 1228 sine
587 1191 667 1231 ictu
696 1190 812 1239 gladii
840 1190 997 1234 Piceno,
1026 1188 1234 1227 Corfinium
1263 1189 1505 1239 progreditur
1534 1189 1698 1238 opidum

237 1256 509 1306 Pelignorum:
563 1266 650 1292 ΧΠ.
674 1255 892 1304 ⁵⁸passuum
931 1253 1075 1291 distans
1106 1267 1126 1290 a
1166 1253 1370 1291 Sulmone:
1411 1252 1518 1302 quod
1553 1252 1700 1292 idcirco

235 1317 411 1364 dixerim,
434 1317 538 1368 quod
561 1318 737 1367 vulgares
759 1316 916 1367 quidam
946 1316 1107 1366 opidum
1138 1323 1273 1365 putant
1305 1329 1385 1354 esse
1426 1317 1698 1354 ⁵⁹Tustorum:

233 1381 288 1419 ibi
304 1382 556 1420 contentionis
573 1381 791 1431 plusculum
806 1380 902 1418 fuit:
932 1380 1124 1430 pendente
1138 1386 1263 1418 tamen
1283 1380 1497 1426 obsidione,
1516 1380 1698 1418 Lentulus

233 1446 389 1496 Spinter
417 1445 534 1483 muris
564 1457 751 1495 egressus,
770 1450 809 1481 et
837 1443 953 1481 finem
987 1450 1161 1481 metuens
1192 1444 1240 1480 ad
1276 1444 1472 1481 Caesarem
1489 1444 1603 1489 venit,
1625 1445 1697 1483 sibi

230 1517 350 1560 atque
382 1509 594 1547 intrinsecis
614 1508 761 1545 veniam
796 1514 941 1557 petens,
970 1507 1019 1545 ad
1051 1521 1163 1557 quem
1190 1508 1351 1545 Caesaris
1382 1508 1578 1558 responsio
1600 1508 1698 1546 suit:

233 1578 245 1594 ‘
265 1573 356 1611 Nou
377 1586 416 1610 se
439 1579 480 1610 ut
500 1572 683 1622 cuiquam
716 1571 963 1608 malefaceret
990 1571 1152 1617 venisse,
1174 1571 1239 1609 sed
1269 1579 1309 1609 ut
1331 1585 1369 1609 se
1389 1572 1439 1609 ab
1461 1572 1698 1610 inimicorum

235 1636 344 1674 malis
364 1642 481 1685 atque
507 1635 656 1684 injuriis
678 1640 857 1679 tueretur,
879 1648 924 1671 ac
954 1634 1129 1672 tribunos
1149 1635 1271 1685 plebis
1290 1635 1347 1672 sui
1376 1636 1466 1673 odio
1486 1636 1522 1673 in
1543 1635 1698 1674 exilium

233 1706 355 1743 actos,
367 1699 404 1736 in
425 1711 533 1735 suam
547 1697 988 1748 reponeretdignitatcm
1006 1711 1015 1735 z
1043 1697 1204 1748 denique
1222 1705 1262 1736 ut
1277 1698 1439 1749 seipsum
1457 1713 1501 1737 ac
1513 1700 1698 1750 populum

233 1762 450 1800 Romanum
484 1763 637 1799 servitio
669 1768 707 1799 et
737 1775 951 1812 paucorum
982 1761 1183 1812 tyrannide
1214 1763 1499 1809 conculcatum,
1527 1763 1698 1814 antiquae

233 1826 413 1864 redderet
427 1826 597 1863 libertati
615 1827 637 1863 :'
655 1825 774 1876 opido
795 1832 888 1862 tunc
908 1832 1071 1875 praeerat
1091 1825 1135 1863 L.
1152 1825 1344 1863 Domitius
1362 1826 1416 1863 vir
1429 1826 1556 1876 magni
1569 1826 1698 1872 animi,

236 1889 304 1926 sed
325 1890 475 1939 exiguae
506 1889 686 1936 fortunae,
708 1896 745 1927 et
779 1889 879 1927 bello
911 1896 1130 1939 promptus,
1163 1889 1228 1926 sed
1262 1889 1474 1927 infaustus:
1514 1890 1543 1927 is
1570 1890 1702 1928 defen-

235 1952 381 1990 sionem
402 1966 555 2002 parans,
578 1954 642 1990 sed
675 1954 724 1991 al)
745 1953 923 2003 opidanis
956 1952 1004 1989 ad
1038 1952 1273 1990 deditionem
1303 1959 1472 1998 coactus,
1495 1966 1583 1990 cum
1604 1953 1699 1990 niori

234 2016 379 2061 mallet,
401 2029 424 2053 a
450 2028 518 2053 suo
540 2016 690 2053 medico
710 2029 896 2053 venenum
929 2015 1120 2065 poposcit,
1144 2015 1247 2063 quod
1269 2015 1330 2050 ille
1365 2027 1431 2051 nec
1460 2015 1548 2051 dare
1570 2015 1698 2053 voleus

232 2091 303 2117 nec
325 2092 464 2129 negare
483 2092 608 2125 ausus,
632 2081 754 2129 utqui
775 2079 920 2116 domini
941 2091 1064 2116 mores
1085 2085 1228 2122 nosset,
1251 2077 1433 2127 poculum
1455 2078 1699 2117 somniferum

233 2155 305 2193 pro
324 2156 472 2180 veneno
500 2131 666 2180 obtulit:
706 2156 784 2192 quo
819 2143 881 2180 ille
912 2143 1063 2188 hausto,
1084 2142 1189 2191 gravi
1223 2154 1360 2191 sopore
1390 2142 1577 2179 resolutus
1609 2155 1701 2180 con-

235 2205 409 2257 quievit:
448 2212 693 2256 experrectus
725 2205 975 2256 postmodum
998 2213 1037 2243 et
1063 2205 1237 2242 delusum
1259 2205 1468 2254 intelligens
1487 2218 1538 2250 se,
1560 2205 1700 2255 vixque

234 2281 256 2306 a
277 2282 346 2307 suo
358 2268 529 2307 ⁶0manus
548 2270 756 2315 abstinens,
769 2284 856 2307 cum
878 2270 1007 2307 multis
1021 2270 1215 2308 nobilibus
1231 2269 1296 2319 qui
1317 2282 1448 2306 secum
1468 2269 1698 2314 sentiebant,

235 2332 389 2370 vinctus
429 2333 477 2370 ad
518 2336 704 2371 Caesarem
745 2340 803 2370 est
838 2333 1062 2384 perductus,
1103 2333 1197 2370 mori
1228 2339 1427 2381 appetens,
1466 2339 1504 2369 et
1538 2345 1698 2381 perosus

235 2395 351 2432 vitam
369 2409 377 2433 :
407 2409 520 2445 quern
543 2398 674 2434 Caesar
695 2397 798 2434 illico
819 2397 911 2433 solvi
925 2397 1061 2445 jussit;
1098 2409 1192 2432 neve
1213 2395 1298 2445 quis
1319 2408 1450 2431 eorum
1473 2408 1494 2431 a
1515 2395 1699 2433 militibus

235 2470 275 2496 re
297 2459 356 2496 vel
376 2458 499 2496 verbis
521 2459 784 2497 offenderetur
814 2460 1002 2497 inhibuit:
1043 2466 1198 2509 questus
1233 2459 1468 2508 perbreviter
1488 2458 1592 2508 quod
1626 2471 1698 2508 pro

238 2521 317 2559 suis
338 2522 554 2572 ingentibus
584 2530 621 2559 ct
642 2523 678 2559 in
709 2523 790 2560 illos
821 2531 859 2560 et
892 2524 928 2560 in
959 2523 1236 2573 rempublicam
1257 2522 1433 2559 6'referre
1457 2522 1595 2559 meritis
1623 2522 1698 2559 sibi

236 2584 406 2622 debitam
427 2586 588 2635 gratiam
625 2585 890 2635 neglexissent,
913 2593 951 2624 et
989 2587 1146 2636 iujurias
1168 2593 1205 2624 et
1230 2585 1479 2623 contumelias
1510 2585 1698 2623 indebitas

279 2672 319 2701 5⁷
332 2670 448 2708 Forte,
457 2669 852 2710 prascctussahrum.—58
866 2669 979 2709 Adde,
991 2670 1187 2702 millia-59
1198 2670 1300 2710 Lege,
1311 2669 1575 2701 Tuscorum-60
1586 2668 1698 2700 Credo

238 2721 367 2764 deesse,
385 2722 596 2755 πηρώσω-61
615 2723 721 2763 Lege,
737 2722 857 2754 meritis
873 2722 1002 2760 referre.
