1850 3109
351 222 441 253 [AB.
467 222 540 252 ΙΙΙ.
573 221 681 251 ΟΛΡ.
711 210 781 250 28.
815 220 877 250 DE
911 219 1066 249 BELLO
1099 221 1268 250 ClvlLl.

84 319 182 355 parte
205 313 362 346 adversus
387 317 451 344 est.
502 313 592 346 Quid
622 313 649 343 si
676 313 780 344 etiam

84 366 238 396 universe
263 364 465 404 accipiamus
482 364 523 395 de
550 365 633 395 mari
661 364 781 395 Adria·

86 415 168 456 tico,
190 422 225 446 ut
240 415 332 446 dicat
350 415 503 445 Lucanus
520 425 610 446 mare
630 417 781 447 concita-

83 469 154 497 turn
170 465 212 497 ab
229 464 464 505 Aquilonibus,
481 465 539 495 sed
568 475 646 495 mox
670 464 780 497 flanti-

84 515 144 547 bus
165 515 299 546 Austris
327 514 495 555 placidum
522 514 646 546 fuisse?
680 517 780 548 Hunc

84 570 193 597 tamen
211 565 324 605 legere
351 565 477 604 malim,
504 566 636 597 ‘motas
653 568 780 608 aquilo-

83 616 180 648 nibus
209 615 314 648 undas
338 616 533 648 Succedens
564 618 684 648 Boreae
707 617 779 658 jam

82 669 219 707 portum
243 664 374 697 fecerat
404 665 553 698 Auster.¹
600 667 685 698 Haec
714 666 780 698 for-

81 715 179 748 tausis
203 715 244 747 ad
272 715 500 747 excusandum
524 716 695 747 Lucanum
713 717 780 748 diei

81 764 222 805 possint.
281 764 328 796 At
359 765 450 804 mihi,
481 770 518 796 ut
548 765 659 797 dicam
689 767 779 807 quod

80 815 200 855 sentio,
211 825 329 856 parum
344 821 504 847 accurate
515 815 589 846 haec
601 817 779 856 scripsisse

79 865 228 905 videtur,
253 866 342 907 quod
374 866 526 898 disertim
565 867 612 898 ait
651 868 778 905 Caesar,

79 926 156 948 suos
181 917 288 948 levius
311 918 524 958 tempestatis
539 927 639 959 quam
665 919 780 950 classis

79 966 265 1007 periculum
296 967 527 999 aestimavisse.
588 969 657 1000 Ubi
689 977 780 1010 nota,

77 1026 142 1057 per
157 1018 274 1049 classis
292 1018 479 1058 periculum
508 1019 594 1050 velle
608 1021 778 1051 Cursarem

79 1068 281 1108 periculum,
298 1068 387 1109 quod
404 1070 472 1099 suis
486 1069 528 1100 ab
540 1070 653 1101 hostili
672 1072 779 1102 classe

80 1117 287 1148 imminebat.
317 1117 400 1148 Voss.
447 1118 502 1148 De
517 1119 578 1148 hac
597 1128 632 1149 re
654 1120 702 1150 ita
716 1121 779 1151 Lu-

81 1176 185 1199 canus
213 1176 245 1199 v.
272 1170 348 1199 720.
386 1168 395 1185 ‘
416 1167 711 1210 Nymphaeumque
734 1176 780 1201 te-

78 1223 173 1258 nent,
189 1218 296 1250 nudas
312 1218 538 1260 Aquilonibus
555 1220 674 1252 undas.
698 1221 779 1252 Suc-

79 1268 202 1300 cedens
233 1269 354 1300 Boreae
385 1269 457 1308 jam
483 1274 619 1309 portum
650 1270 779 1302 fecerat

80 1318 231 1350 Auster?
275 1318 374 1350 Unde
392 1323 491 1359 putat
505 1319 556 1350 vir
566 1329 713 1351 summus
731 1321 778 1352 H.

80 1368 235 1409 Grotius,
255 1373 327 1408 aut,
345 1378 426 1410 quos
439 1378 499 1399 nos
516 1369 690 1410 habemus,
706 1371 779 1403 Cae-

76 1419 161 1450 saris
184 1419 443 1450 commentarios
459 1428 524 1450 non
550 1419 674 1460 legisse
691 1420 778 1452 Ροδ-

77 1474 159 1509 tam,
186 1474 245 1501 aut
269 1478 336 1500 non
362 1469 582 1500 intellexisse.
626 1470 708 1510 Sed,
741 1476 778 1502 ut

78 1519 226 1560 videtur,
250 1520 408 1552 Lucanus
429 1529 449 1551 a
474 1525 594 1552 nostro
619 1530 686 1552 uon
706 1521 779 1554 abit

78 1569 251 1609 diversus;
283 1580 360 1601 nam
376 1571 476 1601 nundus
497 1571 698 1611 Aquilonibus
723 1583 779 1604 nu-

77 1621 132 1652 das
147 1620 232 1652 dixit
242 1630 313 1660 effi,
329 1621 364 1651 in
379 1630 473 1661 quaa,
485 1620 588 1652 flante
599 1622 778 1663 Aquilone,

79 1680 147 1701 non
164 1671 291 1702 intrant
308 1680 410 1702 naves
425 1682 435 1709 ς
469 1676 505 1702 at
527 1673 644 1703 Auster
654 1676 779 1713 portum

71 1719 157 1758 facit
189 1720 407 1761 Nymphaeum,
433 1721 513 1762 quia
529 1726 599 1753 tum
617 1725 779 1763 temporis

78 1770 168 1802 liber
191 1771 292 1802 classi
319 1770 419 1802 datur
447 1771 630 1812 ingressus.
686 1774 778 1805 Hinc

79 1820 187 1861 liquet
212 1829 352 1861 operam
383 1821 500 1852 lusisse
528 1822 697 1863 Vossium‚
725 1824 779 1854 cui

79 1871 209 1911 placuit
221 1874 318 1902 motas
345 1871 548 1911 Aquilonibus
561 1874 669 1905 undas.
713 1875 781 1905 Da-

80 1931 136 1954 tls.

123 1974 164 2004 18
188 1972 254 2008 Quo
280 1973 374 2003 simul
401 1976 492 2013 atque
518 1973 604 2005 intus
618 1977 664 2005 est
687 1974 780 2016 itum]

82 2022 198 2054 Primo
213 2023 396 2055 notandum
420 2023 453 2054 in
477 2024 605 2055 Lovan.
629 2034 668 2056 ae
692 2025 780 2056 Dor-

79 2071 150 2104 vill.
176 2082 242 2103 non
268 2072 412 2113 reperiri
437 2082 556 2104 vocem
572 2077 674 2114 utque.
719 2075 780 2106 Uti

81 2131 172 2164 saepe
188 2132 208 2154 a
222 2126 337 2153 nostro
353 2124 538 2155 omittitur.
581 2123 650 2155 Adi
677 2124 719 2155 ad
736 2126 777 2156 B.

81 2171 125 2203 G.
142 2180 191 2203 lv.
208 2174 262 2204 26.
296 2173 305 2189 ‘
321 2173 427 2203 Simul
442 2172 476 2203 in
503 2173 597 2205 arido
621 2176 781 2206 constite-

79 2222 178 2253 runt!
217 2222 311 2254 Dein
336 2232 398 2263 pro
414 2223 512 2262 intus,
528 2223 618 2264 quod
634 2229 686 2255 est
702 2235 783 2265 quo·

81 2281 145 2313 que
161 2272 194 2312 in
218 2272 308 2304 Edd.
336 2273 452 2313 primis
476 2278 512 2304 et
537 2273 632 2314 Aldi,
648 2274 682 2305 in
699 2276 782 2308 Mss.

80 2322 201 2353 Petav.
218 2321 292 2353 Pal.
307 2322 418 2363 Bong.
434 2323 558 2355 Lovan.
578 2324 685 2355 Dorv.
701 2324 782 2356 Sca·

80 2371 137 2412 lig.
154 2376 188 2403 et
204 2371 291 2404 Edd.
309 2371 412 2404 Vasc.
427 2373 545 2414 Steph.
575 2374 707 2415 Gryph.
722 2375 783 2405 ali-

78 2420 185 2462 isque,
213 2421 367 2453 exhiberi
395 2422 496 2453 Intro.
541 2423 596 2454 De
614 2424 711 2456 Leid.
729 2434 782 2465 pr.

81 2480 149 2502 sec.
165 2476 202 2503 et
215 2472 313 2503 Voss.
327 2472 408 2513 quid
425 2473 549 2513 dicam,
561 2474 673 2506 nescio
687 2486 695 2506 :
720 2476 782 2506 sal-

81 2525 150 2553 tem
177 2522 261 2553 nihil
287 2523 464 2554 varietatis
490 2525 639 2564 enotavi,
654 2530 692 2557 ut
708 2536 781 2557 cre-

80 2570 158 2602 dam
169 2571 351 2604 lectionem
367 2574 423 2605 τοῦ
441 2574 527 2605 intus
540 2576 595 2606 vel
611 2576 693 2607 intro
710 2577 781 2608 illic

81 2620 162 2653 mihi
178 2621 310 2653 dubiam
323 2621 441 2654 fuisse.
487 2625 602 2657 Quare
613 2625 663 2656 nil
679 2630 782 2657 teme-

82 2679 120 2701 re
137 2669 280 2710 defini03
305 2674 494 2712 praesertim
507 2685 608 2716 quum
622 2677 706 2708 intus
721 2687 782 2717 pro

81 2721 163 2751 intro
185 2720 228 2752 ab
256 2722 330 2753 aliis
356 2733 489 2765 quoque
514 2726 559 2756 sit
579 2726 780 2758 adhibitum.

81 2771 150 2803 Adi
160 2771 202 2802 ad
214 2771 256 2803 B.
271 2772 345 2803 Civ.
360 2774 382 2804 l.
397 2783 422 2805 1.
435 2775 502 2807 inf.
514 2776 614 2814 injus
626 2778 782 2809 adierunt.

168 2825 283 2865 Delph.
300 2829 331 2857 et
351 2826 428 2859 Vur.
445 2828 529 2861 Clas.

767 2831 793 2860 C
795 2839 873 2861 cesar

1423 212 1535 254 1473

877 321 991 344 xxvii.
1014 316 1034 343 6
1058 313 1274 354 Eliderentur]
1295 313 1537 346 Scilicetinter

832 363 1001 404 scopulos,
1018 368 1053 394 et
1069 363 1230 394 undarum
1248 364 1452 395 inruentium
1466 374 1535 397 mo·

833 414 908 445 lem.
956 414 1133 445 Quomodo
1158 414 1240 453 ipsae
1268 414 1366 446 undae
1393 420 1533 455 possent

832 463 899 495 dici
927 465 1019 503 elisoe,
1062 474 1137 505 quae
1168 465 1316 506 alioquin
1348 467 1534 506 saepissime

832 516 978 555 scopulis
1008 516 1107 545 inlisoe
1138 515 1308 548 dicuntur.
1352 516 1421 547 Sed
1446 517 1536 548 vari.-

831 570 890 595 aut
917 566 1001 596 Mss.
1032 565 1122 605 apud
1156 567 1282 597 Lucan.
1314 575 1364 597 vr.
1395 569 1470 598 691.
1496 571 1533 599 et

831 614 1009 647 Claudian.
1040 615 1062 646 1.
1094 625 1118 646 ι.
1167 616 1207 647 In
1236 616 1350 648 Rufin.
1378 627 1428 648 vs.
1456 621 1532 651 274.

831 666 840 682 ‘
859 665 952 696 Elisa
980 669 1129 696 montem
1160 667 1387 699 circumtonat
1416 668 1531 699 unda!

830 715 878 746 Ut
891 715 958 746 elisi
973 716 1074 755 ignes,
1087 717 1171 746 elisae
1182 716 1297 755 herbae,
1313 722 1349 748 et
1363 718 1428 748 alia
1439 717 1531 759 apud

830 765 968 796 Poetas.
1008 766 1155 796 Consule
1192 766 1316 798 Heius.
1349 767 1394 798 ad
1425 767 1530 800 Ovid.

831 816 973 847 Metam.
1002 825 1083 846 vin.
1110 819 1184 848 389.
1208 818 1298 848 Fast.
1322 827 1371 849 1v.
1396 821 1471 850 371.
1495 824 1533 851 et

830 866 951 897 similia
968 867 1101 907 passim.
1148 867 1369 909 Nequaquam
1383 879 1462 909 ergo
1475 870 1531 902 hic

830 922 949 948 contra
978 918 1089 949 Mstos
1112 918 1328 950 scribendum
1352 921 1447 953 adlid.
1476 922 1531 953 vel

830 968 1052 999 inliderentur:
1077 973 1115 999 ut
1139 979 1159 999 a
1181 970 1261 1000 viris
1282 971 1392 1001 doctis
1409 971 1452 1002 ad
1470 972 1534 1003 Co-

831 1018 942 1049 dicum
953 1028 1089 1049 suorum
1103 1020 1282 1059 marginem
1297 1021 1439 1052 adlitum
1451 1022 1531 1054 vidi.

874 1072 893 1099 8
917 1070 999 1099 Pars
1021 1080 1040 1100 α
1065 1070 1180 1100 nost-ris
1203 1071 1442 1113 distraheretur]
1469 1073 1533 1104 Lo-

831 1127 889 1148 cus
906 1128 925 1148 a
945 1119 1077 1149 nemine
1100 1124 1266 1159 tentatus,
1294 1129 1392 1160 quem
1418 1126 1532 1153 tamen

829 1179 946 1200 sanum
975 1180 1049 1200 esse
1077 1179 1119 1200 ne
1149 1171 1225 1210 ipsa
1263 1171 1399 1211 quidem
1415 1173 1532 1211 Ὕγιεία

829 1221 1052 1260 persuaserit.
1097 1220 1230 1253 Quaerit
1247 1222 1456 1254 solummodo
1473 1224 1531 1255 Fr.

831 1271 1084 1310 Hotomannus,
1112 1281 1163 1305 an,
1192 1271 1334 1303 verbum
1374 1274 1531 1305 ultimum

829 1321 919 1351 idem
937 1322 1089 1361 denotet,
1105 1331 1144 1352 ae
1167 1321 1389 1363 sublevaretur,
1414 1333 1429 1355 e
1457 1335 1532 1356 nuu-

821 1371 932 1411 sragio
953 1372 1136 1412 eriperetur,
1159 1382 1222 1404 nec
1252 1383 1270 1403 a
1294 1383 1459 1414 quoquam
1482 1384 1532 1406 re-

829 1432 988 1462 sponsum
1003 1422 1092 1453 tulit.
1117 1422 1183 1453 Sed
1197 1423 1229 1453 in
1243 1423 1414 1455 veteribus
1427 1426 1531 1457 talem

831 1472 922 1502 vocis
958 1472 1131 1502 notionem
1176 1471 1302 1503 frustra
1341 1474 1529 1513 indagabis.

831 1521 948 1552 Codex
964 1522 1078 1552 Ursin.
1093 1521 1199 1553 hahet
1213 1533 1233 1553 α
1252 1524 1366 1554 nostris
1390 1525 1532 1556 detrahe·

828 1575 938 1608 retum
970 1572 1072 1610 unde,
1088 1572 1207 1603 littera
1223 1578 1364 1614 mutata,
1388 1576 1532 1617 rescrip-

827 1622 928 1652 serim
952 1633 971 1653 α
987 1623 1101 1653 nostris
1125 1624 1355 1664 extraheretur,
1384 1635 1426 1656 ex
1444 1635 1532 1667 aqua

829 1671 973 1711 scilicet,
989 1672 1023 1702 in
1040 1683 1138 1712 quam
1160 1672 1277 1704 fractis
1303 1675 1446 1706 navibus
1473 1676 1532 1707 de-

830 1722 997 1754 ciderant.
1034 1724 1146 1754 Duris.
1203 1725 1280 1755 Hoc
1303 1730 1368 1763 est,
1390 1727 1533 1767 dispersi

830 1777 1044 1812 caperentur.
1105 1774 1220 1806 Quare
1257 1774 1346 1806 forte
1377 1777 1534 1808 emenda·

831 1822 923 1853 tione
945 1823 1024 1852 nihil
1041 1832 1137 1863 opus.
1181 1823 1216 1854 Si
1234 1825 1323 1855 enim
1346 1827 1535 1859 distrahere-

830 1872 930 1903 turin
947 1882 1033 1911 eam,
1045 1883 1144 1913 quam
1163 1873 1245 1913 dixi,
1261 1877 1465 1908 sententiam
1479 1887 1533 1909 ac-

830 1922 899 1962 cipi
915 1923 1031 1963 possit,
1047 1932 1146 1953 sanus
1163 1924 1230 1954 erit
1256 1924 1311 1955 hic
1339 1926 1432 1957 locus
1459 1927 1531 1959 sine

830 1981 932 2003 manu
947 1972 1088 2003 medica.
1127 1973 1238 2004 Clark.
1283 1974 1452 2007 Detraher.
1479 1981 1533 2008 est

831 2022 933 2052 etiam
959 2022 993 2053 in
1020 2022 1148 2053 Lovan.
1179 2023 1290 2055 Palat.
1318 2030 1354 2056 et
1384 2027 1533 2058 Dor-vill.

832 2073 932 2105 Quod
961 2071 1129 2113 praefer03
1174 2083 1296 2115 nempe
1329 2085 1348 2106 a
1373 2077 1533 2118 scopulis,

832 2123 954 2164 quibus
970 2123 1209 2154 inlidebantur.

877 2182 1009 2204 ,ΗΠ-ιιι.
1035 2176 1055 2204 S
1079 2174 1233 2204 Ducentis
1256 2184 1288 2205 se
1315 2176 1533 2218 compleverat]

831 2225 927 2255 Duas
937 2223 1071 2265 quidem
1085 2224 1292 2264 posteriores
1301 2234 1399 2256 voees
1409 2234 1533 2266 reprae-

833 2279 969 2304 sentant
997 2273 1097 2304 editt.
1124 2274 1222 2304 Rom.
1249 2275 1336 2304 Ven.
1370 2275 1532 2307 Beroald.

832 2324 994 2354 omittunt
1015 2328 1126 2354 autem
1142 2323 1227 2354 Mss.
1251 2324 1392 2355 Norvic.
1413 2325 1534 2357 Brant.

832 2378 869 2405 et
882 2373 1039 2405 Ciaccon.
1063 2373 1205 2414 Integra
1226 2373 1383 2414 profecta
1397 2381 1534 2407 senten-

831 2425 892 2463 tia,
911 2424 1032 2455 abesse
1049 2428 1201 2464 possunt,
1224 2433 1263 2454 ac
1291 2424 1401 2465 inepti
1428 2426 1534 2457 homi·

831 2476 881 2506 nis
897 2474 1168 2506 additamentum
1189 2473 1360 2506 videntur.
1405 2476 1483 2507 Hac
1500 2476 1533 2506 in

831 2525 989 2566 opinione
1007 2524 1074 2555 fuit
1089 2525 1140 2555 vir
1155 2525 1318 2556 maximus
1341 2526 1413 2558 Jos.
1430 2526 1535 2557 Scali-

831 2586 902 2616 ger,
918 2576 953 2606 in
975 2575 1070 2616 cujus
1084 2575 1234 2606 editione
1250 2576 1380 2607 uncinis
1396 2577 1532 2617 cingun-

831 2632 900 2658 tur.
924 2626 1034 2658 Datz's.
1078 2626 1190 2657 Voces
1218 2636 1251 2657 se
1278 2627 1477 2666 compleverat
1497 2627 1532 2657 in

833 2677 1033 2718 quibusdam
1065 2676 1251 2708 Codicibus
1281 2676 1532 2707 desiderantur.

832 2728 965 2768 Easque
994 2732 1089 2756 recte
1116 2726 1248 2765 abesse,
1278 2730 1394 2765 utpote
1424 2726 1532 2767 inepti

835 2777 1010 2817 cujusdam
1061 2775 1205 2806 hominis
1249 2774 1531 2817 additamentum,

1369 2827 1444 2860 5A
