1850 3109
526 226 586 255 nn
631 224 744 253 vrrA
774 223 907 253 sucu
942 224 1174 255 camnis.
1466 219 1576 261 1707

122 324 298 375 igiturex
319 322 495 360 omnibus
528 322 739 360 Galliarum
774 323 934 360 urbibus
969 324 1178 373 legationes
1201 324 1418 374 principum
1442 335 1571 376 gratu-

124 388 242 425 lantes
261 386 308 422 ad
328 386 517 422 Caesarem
542 386 710 424 veniunt.

176 449 245 487 His
276 450 441 498 peractis
461 448 540 486 dics
574 450 690 486 totius
723 450 863 487 Gallim
883 450 1058 494 consilio,
1078 450 1163 499 [30]
1185 451 1319 500 legatis
1342 453 1573 500 petentibus,

123 513 272 550 Caesare
293 514 546 562 permittente,
569 513 791 563 praefigitur.
853 515 887 550 15
919 528 1005 551 cuni
1040 515 1200 551 venisset
1236 516 1418 564 primores
1440 518 1576 555 Gallo-

122 587 204 612 rum
234 582 487 619 revertuntnr‚
523 576 722 626 petitoque
756 585 791 613 ct
828 591 1012 613 concesso
1045 579 1246 615 secretiore
1272 580 1480 629 colloquio,
1510 594 1575 631 ge-

123 646 266 677 mentes
301 655 344 677 ac
381 654 538 677 moerore
571 641 689 677 nimio
723 641 864 690 perfusi
903 641 949 678 ad
982 641 1100 691 pedes
1139 643 1300 680 Caesaris
1340 646 1576 692 procubuere

123 704 277 741 cuncti:
309 705 534 754 praefatique
556 712 642 741 sunt
672 718 709 741 se
749 705 796 741 (lc
819 705 930 741 rebus
950 711 1119 749 acturos,
1143 719 1228 754 quae
1252 708 1278 742 si
1300 721 1377 756 qua
1396 709 1450 744 ve!
1474 709 1577 745 tenui

121 766 255 804 rimula
277 768 312 804 in
335 769 532 817 publicum
553 768 774 817 erupissent,
796 775 956 805 mortem
980 769 1032 805 eis>
1053 775 1171 818 atque
1194 770 1367 806 ultimum
1383 772 1575 808 excidium

120 831 291 870 allaturae
328 841 472 871 essent:
513 834 602 871 (lala
636 833 713 870 fide
744 834 882 870 silentii
915 834 1129 871 Divitiacus
1165 835 1200 870 in
1232 835 1426 883 loquendo
1448 843 1575 884 partes

119 899 284 935 oninium
307 906 503 943 executus,
526 898 704 935 Ariovisti
727 899 890 936 insoleus
911 905 949 935 ot
968 899 1131 935 immane
1146 899 1284 947 juguni
1307 906 1423 948 atque
1444 899 1578 947 abjec-

120 967 197 998 tum
215 969 252 999 ct
270 962 432 999 flebilem
456 963 667 999 Galliarum
689 969 830 999 statum
854 963 979 1000 verbis
1002 963 1128 999 multis
1146 963 1423 1000 miserabilibus
1444 962 1579 1012 deplo-

121 1025 226 1061 ravit.
245 1030 254 1044 ‘
278 1027 403 1062 {Jnnm
420 1040 456 1062 sc
476 1040 521 1062 ex
543 1026 719 1063 omnibus
739 1025 937 1070 dictitans,
972 1039 1041 1063 nec
1057 1027 1314 1075 jurejurando
1342 1040 1411 1064 nec
1434 1027 1578 1066 obsidi-

119 1088 190 1126 bus
211 1088 452 1133 obstrictnm,
470 1098 505 1126 ct
527 1090 615 1126 oiim
639 1091 800 1127 Romam
819 1090 866 1127 ad
899 1097 1050 1127 senatus
1071 1091 1293 1140 praesidium
1324 1092 1545 1141 confugisse
1563 1107 1572 1136 ς

117 1159 155 1189 et
176 1165 275 1189 nunc
306 1165 377 1202 pro
405 1153 582 1189 omnibus
611 1166 741 1190 coram
773 1155 948 1190 Romano
989 1156 1225 1203 Imperatore
1259 1155 1419 1192 liberius
1455 1155 1576 1205 loqui.

118 1217 295 1266 Denique
317 1217 407 1254 nibil
428 1218 480 1254 eis
501 1224 641 1266 practer
662 1217 848 1254 Caesarem
871 1230 916 1254 ac
939 1218 1131 1254 Romanos
1162 1218 1243 1266 spei
1263 1219 1452 1267 reliquum
1471 1233 1478 1255 :
1501 1232 1578 1269 qua

118 1281 148 1318 si
184 1280 501 1325 destituerentur;
535 1281 638 1330 quod
673 1281 835 1318 Helvetii
858 1282 1057 1331 coeperint,
1080 1281 1207 1318 Gallis
1226 1281 1402 1318 omnibus
1425 1282 1576 1319 imitan-

116 1344 222 1389 dum,
246 1352 287 1382 ut
320 1345 478 1382 desertis
517 1345 660 1382 laribus
692 1345 838 1394 patriis,
875 1358 1121 1395 quocumque
1153 1345 1238 1381 illos
1258 1358 1322 1382 sua
1344 1358 1424 1382 sors
1447 1345 1575 1383 tulerit

117 1408 293 1453 evadant,
315 1409 457 1446 nullam
496 1409 595 1446 enim
631 1408 820 1446 fortunam
854 1422 927 1446 non
967 1409 1066 1458 jugo
1108 1409 1342 1446 Germanico
1368 1409 1578 1460 praeferen-

115 1470 233 1509 dam!
286 1473 356 1510 His
395 1473 442 1509 ad
477 1472 590 1510 finem
612 1472 810 1522 peroratis,
832 1478 869 1510 et
892 1479 992 1510 statu
1015 1473 1231 1509 Galliarum
1253 1473 1424 1521 pluribus
1446 1473 1572 1511 verbis

116 1536 305 1585 exposito,
329 1550 415 1586 quae
434 1550 506 1573 non
534 1543 677 1586 repeto,
700 1536 788 1587 quia
810 1537 985 1586 superius
1006 1537 1126 1586 attigi,
1153 1544 1299 1574 certum
1331 1550 1370 1574 se
1399 1550 1480 1574 esse
1509 1537 1573 1581 ait,

116 1599 222 1649 quod
243 1601 274 1637 si
306 1600 379 1638 boc
401 1601 478 1637 uilo
501 1601 614 1638 modo
648 1600 698 1638 ad
721 1601 901 1639 Ariovisti
921 1602 1096 1639 notitiam
1117 1602 1339 1651 perferatur,
1374 1601 1422 1639 dc
1455 1601 1576 1639 omni-

114 1662 199 1707 bus,
223 1677 317 1713 quos
350 1664 519 1709 liaberet,
537 1664 738 1702 obsidibus
758 1665 1010 1702 inhumanum
1032 1666 1092 1702 ille
1114 1666 1340 1715 supplicium
1373 1666 1419 1703 sit
1441 1679 1573 1715 sump-

115 1732 235 1770 turus,
257 1733 294 1764 et
313 1740 428 1776 opem
449 1741 488 1765 se
515 1727 629 1777 igitur
648 1728 761 1766 rebus
778 1728 961 1774 adversis,
982 1736 1019 1766 et
1048 1730 1171 1767 verbis
1191 1731 1417 1768 necessitate
1438 1731 1574 1767 ultima

113 1791 301 1840 expressit
336 1791 458 1828 fidum
492 1792 683 1829 silentium
717 1793 930 1842 implorare.
986 1794 1085 1837 Quae
1121 1807 1208 1830 cum
1249 1793 1407 1831 dixisset
1444 1794 1573 1831 caeteri

114 1866 245 1892 omnes
295 1854 405 1892 affusi
445 1855 620 1892 certatim
659 1855 797 1900 verbis,
838 1863 877 1893 at
914 1856 1084 1901 mitibus,
1119 1857 1417 1895 misericordiam
1457 1864 1573 1907 atque

113 1917 296 1954 auxilium
330 1918 494 1955 Romani
540 1919 786 1968 Imperatoris
818 1927 1050 1968 exposcunt.
1110 1921 1267 1958 Cunctis
1303 1928 1428 1959 autern
1464 1922 1575 1958 obsc-

113 1981 323 2025 crantibus,
344 1982 415 2018 soli
447 1982 616 2032 Sequani
654 1990 791 2021 moesto
824 1984 974 2021 silentio
1009 1983 1159 2021 defixos
1197 1984 1234 2020 in
1267 1993 1404 2022 terram
1439 1985 1572 2022 oculos

114 2043 328 2081 servabant.
385 2044 500 2088 Quod
541 2045 730 2083 admirans
767 2047 911 2091 Caesar,
945 2060 1034 2084 cum
1074 2047 1166 2096 quid
1205 2049 1270 2093 rei,
1300 2061 1388 2098 quae
1421 2049 1574 2086 silentio

113 2119 230 2144 causa
266 2114 365 2145 esset
397 2122 443 2145 ex
478 2108 534 2145 bis
568 2108 705 2146 iterum
733 2116 850 2159 atque
889 2110 1023 2147 iterum
1063 2111 1315 2161 quaesivisset,
1360 2113 1431 2162 ipsi
1482 2125 1573 2150 vero

113 2182 159 2206 ne
189 2169 334 2207 hiscere
364 2172 517 2220 quidem
557 2173 640 2210 ausi
669 2174 704 2210 iu
739 2174 870 2212 eadem
905 2174 1084 2212 moestitia
1113 2188 1157 2212 ac
1188 2175 1450 2213 taciturnitate
1487 2189 1575 2226 per-

112 2239 267 2278 starent,
306 2235 540 2284 respondens
580 2236 791 2274 Divitiacus
841 2250 911 2286 pro
949 2238 1032 2275 eis:
1079 2242 1089 2258 ‘
1112 2238 1248 2282 Scito,’
1283 2239 1350 2282 ait,
1397 2243 1405 2260 ‘
1441 2240 1574 2276 Caesar

111 2295 336 2333 miserorum
376 2298 547 2334 omnium
587 2298 658 2335 hos
693 2311 774 2336 esse
813 2300 1052 2344 miserrimos,
1093 2301 1196 2350 quod
1236 2301 1473 2339 Ariovistum
1512 2302 1575 2340 alii

106 2359 235 2407 juxta,
274 2360 311 2397 hi
357 2367 483 2398 autem
532 2361 630 2399 intra
669 2375 757 2399 suos
798 2361 890 2400 fines
928 2363 1039 2413 quasi
1075 2376 1261 2401 venenum
1308 2365 1345 2401 in
1385 2365 1461 2402 suis
1499 2365 1572 2403 vis-

114 2422 265 2460 ceribus
294 2424 482 2462 habeant:
514 2426 570 2463 his
602 2425 769 2475 denique
799 2426 1017 2463 libertatem
1048 2425 1297 2477 fortunasque
1327 2441 1459 2465 omues
1487 2428 1574 2466 sun-

115 2485 217 2524 ditus
256 2487 460 2526 excidisse:
515 2489 601 2539 [31]
635 2496 673 2527 et
709 2502 796 2539 quae
828 2489 907 2526 aliis
932 2496 1077 2540 pateat,
1106 2490 1163 2528 his
1197 2491 1287 2528 solis
1335 2492 1502 2529 adeundi
1536 2500 1573 2529 te

118 2561 228 2599 spem
249 2550 489 2601 ademptam:
521 2552 722 2602 occupatis
755 2553 854 2590 euim
885 2553 1012 2602 opidis
1045 2554 1319 2605 praeclusisque
1342 2555 1570 2598 tramitibus,

115 2624 187 2649 ceu
207 2613 440 2662 quibusdam
462 2615 718 2665 compedibus
739 2616 940 2653 convictos
961 2630 1063 2654 esse:
1094 2623 1132 2654 et
1161 2631 1200 2654 se
1222 2617 1424 2654 transferre
1448 2617 1573 2653 volen-

117 2675 235 2722 tibus,
253 2689 326 2714 non
344 2678 453 2716 aliter
473 2691 588 2728 quam
609 2692 808 2717 carcerum
826 2679 1109 2725 effractoribus,
1131 2688 1276 2730 praesto
1296 2693 1377 2717 esse
1396 2686 1570 2717 tortores.

116 2739 207 2775 Jure
226 2753 316 2789 ergo
337 2741 552 2793 ubicunque
574 2743 646 2781 siut
675 2750 870 2782 cruentam
893 2743 1041 2794 tyranni
1070 2743 1236 2781 crudelis
1256 2743 1460 2793 imaginem
1481 2750 1570 2781 ante
