1850 3109
288 152 400 194 1666

285 258 468 292 lectionem
504 258 580 289 tecti
616 268 714 299 equos.
764 259 836 291 Mei
871 258 987 300 equites

286 311 458 342 retinent:
498 314 533 341 at
570 309 768 341 Vossianam
804 311 986 342 lectionem

276 361 350 402 jam
386 366 627 402 expresserunt
669 362 807 392 x‘ascos.
854 362 986 401 Grypli.

283 415 375 454 post.
407 414 442 442 et
470 411 588 451 steph.
621 421 696 442 cum
724 411 860 442 strada.
908 411 987 442 Non

282 462 446 504 displicet
473 467 585 492 tamen
618 471 715 501 equos.
775 461 903 501 Equites
925 462 986 492 Ro-

282 513 366 544 mani
381 514 526 544 Astenses
542 512 718 551 dicuntur,
731 516 769 542 ut
781 521 885 553 supra
899 523 988 553 eques

285 564 446 596 Romanus
462 562 648 594 [talicensis.

328 616 368 644 10
391 612 427 643 S.
450 612 488 643 V.
506 612 551 643 G.
566 613 608 644 E.
626 612 682 653 V.]
707 613 771 644 Hae
790 614 915 645 litterae
931 615 989 646 de-

284 667 418 702 notant,
446 662 474 692 si
500 663 623 702 valetis,
648 665 782 703 gaudeo,
810 675 866 705 ego
894 666 988 697 valeo.

284 714 341 746 Sic
358 712 543 746 Dolabella
558 714 591 745 in
602 714 713 755 Epist.
728 715 770 746 ad
788 716 989 747 Ciceronem

284 765 378 796 Fam.
391 765 456 805 Ep.
470 773 522 795 1x.
537 767 570 797 9.
597 765 632 796 S.
645 766 687 796 V.
701 766 745 798 G.
757 767 799 797 V.
814 772 851 798 ut
862 766 989 799 frustra

286 815 356 847 sint
380 815 484 846 Bam.
511 815 703 847 Brissonius
732 816 844 848 Form.
871 818 986 849 l.v1u.

285 871 322 897 et
346 865 424 897 Pet.
449 865 661 905 ciacconius,
679 866 735 907 qui
760 872 928 907 reponunt
955 869 987 898 S.

283 917 328 948 V.
342 917 382 948 B.
398 917 437 948 E.
457 917 497 948 E.
516 917 558 947 V.
583 917 666 947 licet
683 927 723 947 ea
739 917 876 958 quidem
891 919 990 949 usita-

287 967 355 998 tior
367 965 522 998 formula.
567 966 654 997 Vide
671 971 706 997 et
730 967 820 999 Just.
840 968 989 1009 Lipsium

286 1016 372 1047 Inst.
388 1017 499 1056 Epist.
517 1027 547 1048 c.
563 1025 618 1047 111.
664 1017 776 1048 Daris.

329 1069 369 1096 13
396 1067 512 1106 Opinio
530 1066 618 1106 sert]
664 1067 719 1098 Ita
744 1068 927 1108 legendum
945 1069 991 1099 vi-

286 1117 389 1148 detur
406 1126 449 1148 ex
471 1118 538 1149 Ms.
561 1118 689 1149 Eliensi
712 1123 748 1149 et
771 1119 864 1150 Edit.
891 1121 989 1150 Rom.

287 1167 343 1208 qui
372 1167 498 1198 habeut
521 1167 623 1208 opinio
638 1167 712 1205 fere
737 1171 793 1199 est.
837 1169 990 1209 Scaliger

288 1222 324 1249 et
362 1217 586 1249 Recentiores
623 1218 726 1258 opinio
762 1222 818 1250 est.
881 1221 988 1251 Clark.

285 1268 472 1299 Verissime
510 1268 558 1299 ita
587 1269 782 1300 emendavit
811 1269 990 1302 Clarkius:

286 1318 377 1360 quod
394 1322 430 1349 et
440 1318 507 1359 egi,
524 1328 563 1350 eo
575 1319 722 1351 nondum.
735 1320 804 1350 viso
816 1320 859 1350 ad
874 1321 990 1353 Front.

284 1371 307 1401 l.
330 1379 370 1402 11.
386 1370 422 1402 in
438 1370 548 1402 Praef.
564 1375 599 1402 ut
613 1382 679 1404 mea
695 1371 765 1410 sert
781 1372 903 1412 opinio.-
918 1371 991 1410 sere

285 1421 382 1453 addit
397 1422 499 1452 etiam
517 1422 594 1453 Pet.
619 1427 654 1454 et
677 1422 764 1453 Edd.
792 1423 888 1454 Med.
903 1423 989 1454 Ven.

278 1470 368 1509 serre
392 1471 487 1503 Leid.
515 1482 566 1512 pr.
591 1472 652 1503 sed
674 1472 744 1510 fert
762 1473 888 1504 diserte
905 1473 989 1505 Cod.

291 1523 401 1555 L'rsin.
428 1523 559 1554 Similia
572 1523 649 1554 vide
666 1523 708 1554 ad
726 1532 806 1557 vlu.
823 1526 875 1555 36.
894 1525 902 1541 ‘
921 1523 991 1557 fert

290 1573 530 1605 consuetudo!

332 1627 371 1655 1-1
397 1624 583 1655 Exercitum
599 1625 750 1665 tironum]
795 1624 873 1656 Non
896 1623 993 1656 dubi·

288 1678 361 1705 tare
375 1674 448 1716 quis
463 1679 580 1715 potest
595 1674 637 1706 de
651 1675 795 1706 veritate
810 1675 990 1716 scripturae

286 1724 440 1756 codicum
455 1724 552 1756 Leid.
570 1735 621 1765 pr.
637 1731 673 1756 ct
694 1726 818 1766 Scalig.
848 1727 991 1764 tironem,

285 1776 342 1816 qni
355 1775 492 1807 confert
515 1786 592 1807 cum
606 1777 670 1807 hoc
687 1777 759 1807 loco
784 1778 900 1808 Front.
920 1786 943 1807 1.
960 1779 990 1809 3.

284 1827 301 1865 ’ς
321 1829 347 1857 1.
370 1826 380 1843 ‘
398 1826 605 1858 Veterauum
628 1828 821 1858 exercitum
837 1828 992 1867 liaberet,

286 1876 346 1907 sed
384 1877 534 1908 hostium
574 1878 718 1909 tironem
753 1889 827 1909 esse
866 1879 992 1910 seireff

286 1925 374 1957 'Vide
391 1930 426 1956 et
449 1926 539 1957 infra
563 1937 592 1958 c.
616 1931 668 1958 28.
716 1930 724 1945 ‘
741 1928 881 1959 Partem
899 1938 993 1960 ext-1·-

287 1976 374 2008 citus
405 1976 570 2008 tironem.'
618 1978 700 2008 Mox
730 1979 991 2010 circumsederunt

287 2026 393 2067 edidi,
421 2027 618 2058 auctoribus
647 2028 732 2059 Mss.
772 2029 925 2059 omnibus
957 2034 992 2060 et

289 2077 377 2110 Edd.
394 2078 621 2122 principibus.

322 2131 362 2159 19
380 2128 417 2159 In
430 2128 533 2160 animo
548 2128 658 2168 habeo]
672 2129 721 2159 Ex
734 2129 817 2160 Cod.
830 2129 990 2161 Ciaccon.

287 2183 323 2210 et
340 2178 432 2211 Edit.
457 2179 576 2219 steph.
592 2180 867 2219 praepositionem
895 2182 991 2212 resti-

288 2230 350 2270 tui,
381 2240 481 2272 quam
513 2232 673 2262 omittunt
704 2233 818 2272 vulg-g.
879 2233 990 2264 Dacis.

289 2282 374 2313 eum
388 2281 437 2311 his
454 2280 585 2312 faciunt
610 2282 693 2312 Mss.
717 2282 802 2322 Reg.
830 2289 865 2314 et
889 2284 989 2314 Voaes.

286 2340 327 2362 ac
344 2331 510 2362 editiones
527 2331 659 2371 Grypli.
676 2337 712 2362 ot
725 2333 878 2372 Lugduu.
895 2336 989 2364 1576.

288 2379 387 2412 Adeo
403 2382 615 2420 ut‚quanuis
636 2382 723 2412 alter
745 2383 903 2422 loquendi
922 2393 991 2413 mo-

289 2429 351 2460 dus
369 2439 433 2460 non
450 2430 495 2460 sit
507 2430 750 2469 incommodus,
777 2431 991 2471 quemadmo-

290 2479 372 2510 dum
399 2479 499 2511 docet
517 2480 550 2512 J.
569 2481 624 2511 Fr.
641 2481 835 2512 Gronovius
849 2483 891 2512 ad
916 2483 990 2514 Liv.

290 2538 389 2561 xuv.
412 2533 465 2561 25.
485 2530 526 2560 ad
550 2531 643 2560 illum
671 2536 796 2569 tamen,
815 2542 914 2572 quem
941 2542 990 2563 re-

289 2579 379 2620 cepi,
406 2579 513 2612 ducat
537 2581 742 2621 optimorum
771 2582 930 2613 librorum
954 2582 991 2612 fi-

290 2628 363 2660 des.
408 2630 591 2670 1dmn‚cur.
606 2641 674 2662 sec.
699 2631 797 2662 Adde
813 2631 907 2663 Leid.
922 2643 991 2664 soc.

291 2682 328 2710 et
343 2678 431 2711 Edd.
450 2681 590 2712 Vascos.
608 2691 647 2712 ac
663 2683 783 2723 Steph.
798 2688 833 2713 et
850 2683 990 2714 Clarkii.

293 2727 519 2764 Nihilominus
530 2731 619 2764 male
633 2742 642 2772 ;
665 2735 702 2763 et
715 2731 927 2774 praeferenda
939 2739 993 2766 est

744 164 886 195 NOTAE
927 164 1147 196 VARIORU
1157 165 1189 195 M
1223 165 1275 196 ΙΝ

1039 259 1266 301 antiquiorum
1283 258 1448 291 Codicum
1464 258 1642 300 scriptura.
1671 259 1740 293 Adi

1039 310 1195 341 Curtium
1213 310 1254 341 ad
1267 310 1407 341 Sallust.
1425 310 1467 342 B.
1484 309 1623 350 Jugurt.
1641 320 1671 342 c.
1687 313 1744 343 11.

1040 361 1048 377 ‘
1068 361 1117 391 Ea
1134 362 1245 392 animo
1262 361 1412 392 habere.’

1083 419 1200 443 xxvn.
1220 415 1239 443 —1
1262 430 1303 434 --
1321 413 1482 443 Nonarum
1512 412 1639 451 Martii,
1658 423 1739 453 proe-

1038 460 1092 500 lio,
1106 462 1146 490 ad
1161 461 1313 493 Soriciam
1337 462 1549 502 quodsactam
1573 466 1630 503 est,
1654 472 1694 494 ex
1708 474 1742 494 eo

1040 514 1187 551 tempore,
1217 511 1284 551 lya]
1331 513 1493 546 Quamvis
1524 512 1605 544 ferri
1635 513 1743 554 possit

1040 561 1115 593 haec
1147 562 1263 601 lectio,
1279 568 1403 601 tamen,
1417 572 1493 593 cum
1507 563 1540 593 in
1556 564 1638 594 Mss.
1658 564 1743 604 Reg.

1041 619 1078 643 et
1092 612 1202 643 vossii
1219 613 1381 653 scriptum
1396 614 1452 650 sit,
1468 615 1573 644 Nonas
1586 614 1745 656 BIartiaQ-

1042 668 1078 694 et
1093 664 1126 694 in
1153 664 1325 705 plerisque
1344 664 1540 703 Codicibus,
1552 674 1609 704 pra
1622 665 1746 705 proelio,

1039 714 1182 754 proelium
1193 725 1204 745 .·
1229 714 1437 755 conjecerim
1451 714 1610 756 equidem
1631 715 1745 756 potius

1043 764 1237 804 legendum,
1352 766 1469 796 Nonas
1486 766 1640 805 Martias,
1657 775 1745 807 proe-

1041 814 1122 845 lium
1137 816 1177 845 ad
1206 815 1357 847 Sor-iciam
1379 818 1456 857 quod
1475 816 1599 855 sactum
1623 820 1682 855 est,
1706 827 1745 848 α

1043 875 1076 895 eo
1091 868 1238 906 tempore,
1263 869 1314 906 dyc.
1362 868 1470 898 Clark.
1518 868 1628 898 Nonas
1655 868 1744 898 Mar-

1043 916 1106 946 tias
1121 916 1210 948 Edd.
1239 918 1380 958 aliquot.
1426 919 1507 957 Sed,
1535 924 1572 949 ut
1589 918 1744 959 plerique

1043 976 1118 996 cum
1136 966 1223 997 Edd.
1243 968 1359 1007 primis
1373 968 1567 1007 ediderunt,
1585 968 1746 1000 exhibent

1042 1016 1119 1055 mei,
1137 1017 1191 1047 vel
1223 1018 1306 1049 Nos..
1336 1019 1462 1050 Martii.
1495 1020 1586 1050 Dein
1600 1019 1745 1059 proelium

1042 1066 1142 1107 affore
1163 1069 1203 1098 ad
1226 1067 1295 1099 Sor.
1323 1069 1405 1100 dant
1430 1079 1544 1101 omnes
1562 1069 1649 1101 Edd.
1666 1074 1744 1100 ante

1042 1117 1130 1148 Scal.
1147 1118 1202 1159 qui
1218 1128 1236 1148 e
1259 1119 1323 1149 ΜΞ.
1342 1119 1454 1149 [nini
1482 1120 1515 1150 in
1532 1129 1598 1160 qno
1625 1118 1745 1150 deerat

1041 1166 1153 1207 affine,
1174 1169 1282 1208 proelio
1306 1169 1491 1209 rescripsit.
1535 1169 1602 1200 Sed
1629 1178 1744 1200 omnes

1043 1218 1146 1249 etiam
1178 1220 1243 1250 mei
1271 1220 1435 1260 pralium,·
1472 1219 1560 1260 quod
1595 1219 1745 1259 reposui.

1042 1268 1152 1308 Affore
1180 1279 1241 1310 pro
1263 1272 1302 1300 ad
1332 1270 1485 1301 Sor-iciam
1509 1274 1562 1301 est
1587 1269 1621 1300 in
1647 1269 1748 1301 Leid.

1043 1329 1109 1351 sec.
1127 1325 1162 1351 et
1178 1321 1326 1352 Dorvill.
1344 1321 1431 1352 unde
1444 1325 1553 1361 patet,
1570 1320 1604 1352 id
1621 1330 1663 1352 ex
1679 1320 1745 1352 inis

1045 1370 1157 1401 verbis
1176 1377 1291 1403 natum
1307 1382 1394 1403 esse.
1424 1373 1514 1403 Nam
1529 1371 1627 1412 aff'ore
1646 1370 1745 1402 abest

1043 1429 1062 1450 a
1080 1421 1162 1453 Mss.
1190 1423 1340 1464 reliquis.
1388 1423 1503 1453 Pralio
1524 1423 1634 1453 multos
1653 1422 1743 1459 ausu-

1039 1471 1124 1509 gissa
1140 1473 1179 1503 ad
1190 1472 1261 1503 Sor.
1286 1473 1369 1513 legit
1395 1473 1637 1513 Glandorpius.
1677 1473 1745 1508 Quo

1043 1526 1096 1552 est
1128 1521 1161 1552 in
1190 1522 1277 1554 Edd.
1309 1523 1448 1554 Yascos.
1485 1523 1615 1564 Gryph.
1655 1529 1744 1564 poaet.

1043 1570 1161 1612 steph.
1174 1578 1210 1603 et
1226 1573 1369 1605 Stradae.

1087 1621 1258 1662 Sor-icium]
1307 1623 1424 1663 Forte,
1460 1623 1671 1655 Soricariam:
1708 1630 1746 1655 ut

1042 1680 1156 1711 supra,
1181 1682 1211 1703 c.
1229 1675 1300 1703 124.
1349 1674 1454 1704 Clark.
1502 1674 1570 1704 Per
1586 1683 1601 1704 c
1622 1673 1744 1713 scripsi
1784 1694 1787 1695 ν

1043 1730 1062 1753 e
1082 1722 1203 1754 Petav.
1216 1722 1357 1754 Suricam
1370 1723 1464 1754 Leid.
1484 1724 1580 1764 prim.
1609 1723 1746 1755 Siricam

1044 1772 1181 1813 scalig.
1217 1774 1338 1804 Nullus
1353 1774 1473 1804 dubito
1487 1783 1563 1804 cum
1576 1774 1655 1804 viris
1669 1773 1746 1804 doc-

1044 1823 1100 1863 tis,
1119 1824 1198 1865 quin
1217 1824 1373 1855 Soricaria
1399 1830 1431 1855 et
1459 1824 1579 1855 Soricia
1597 1824 1683 1855 idem
1702 1824 1747 1854 sit

1043 1873 1147 1905 locus.
1194 1875 1259 1905 Sed
1289 1874 1368 1915 quid
1406 1872 1656 1914 prael'crendum
1688 1873 1744 1914 sit,

1043 1924 1168 1955 nescio.

1087 1977 1104 2003 7
1133 1976 1250 2005 Contra
1273 1975 1448 2015 Hispalim]
1472 1975 1512 2006 In
1526 1975 1639 2015 vnlgg.
1663 1974 1745 2006 circa

1045 2024 1226 2065 His-patim,-
1249 2026 1307 2056 sed
1325 2027 1504 2057 lectionem
1522 2036 1541 2056 a
1558 2035 1610 2056 me
1627 2035 1746 2065 recep-

1045 2080 1113 2105 tam
1144 2076 1305 2108 exhibent
1330 2077 1394 2107 Ms.
1423 2077 1563 2109 λου-ῖς.
1592 2083 1626 2107 et
1643 2076 1745 2108 editt.

1046 2126 1142 2156 Rom.
1162 2126 1250 2158 Yon.
1264 2128 1421 2159 Beroald.
1439 2138 1538 2169 quam
1555 2128 1658 2160 etiam
1675 2128 1746 2159 Ge-

1044 2177 1160 2207 rardns
1190 2178 1233 2208 G.
1262 2178 1295 2209 J.
1314 2179 1349 2209 1³.
1378 2179 1518 2209 Vossius
1547 2178 1589 2209 ad
1620 2177 1746 2209 Velleii

1045 2227 1220 2258 Paterculi
1237 2238 1276 2259 11.
1299 2232 1350 2259 70.
1369 2239 1411 2259 cx
1440 2228 1526 2260 Coa.
1542 2229 1662 2259 Petav.
1692 2238 1744 2259 re·

1043 2279 1235 2319 cipiendanl
1251 2281 1394 2311 censuit.
1443 2280 1561 2310 Contra
1583 2279 1745 2319 Hispalim

1043 2329 1131 2359 idem
1149 2334 1246 2359 notat
1264 2339 1301 2359 ac
1318 2339 1333 2359 e
1349 2328 1474 2367 regione
1491 2328 1646 2368 Hispalis.
1671 2330 1744 2360 (ἐε-

1043 2389 1096 2409 sar
1126 2380 1166 2409 B.
1185 2381 1223 2410 C.
1258 2388 1280 2410 1.
1298 2382 1350 2409 56.
1398 2382 1406 2395 ⁶
1429 2379 1490 2410 Hae
1517 2380 1558 2410 ad
1588 2380 1744 2421 insulam,

1043 2440 1118 2469 quae
1144 2435 1194 2460 cst
1223 2434 1329 2461 contra
1363 2430 1550 2470 Massiliam,
1578 2431 1743 2462 stationes

1042 2479 1266 2511 obtinebant!
1315 2480 1365 2512 Ac
1396 2482 1434 2512 Β.
1452 2482 1488 2512 C.
1512 2491 1565 2512 111.
1586 2485 1638 2513 23.
1663 2484 1670 2498 ‘
1688 2482 1744 2512 In-

1044 2531 1242 2569 sulamque;
1282 2542 1356 2572 quae
1381 2535 1486 2562 contra
1501 2532 1742 2564 Brundisinum

1043 2586 1177 2619 pontum
1196 2586 1261 2619 cst,
1275 2582 1480 2621 occupavit.'
1519 2582 1575 2613 Sic
1591 2588 1626 2613 ct
1653 2583 1743 2614 inter

1044 2630 1135 2666 alios,
1175 2631 1335 2672 Virgilius
1371 2632 1446 2663 AEn.
1477 2641 1500 2663 1.
1532 2635 1582 2664 17.
1629 2633 1742 2665 Datis.

1044 2681 1099 2712 Ita
1126 2682 1229 2713 etiam
1244 2683 1332 2714 Scal.
1351 2683 1449 2715 Leia.
1481 2693 1531 2724 pr.
1558 2683 1620 2714 Ed.
1646 2684 1744 2718 Med.

1046 2731 1114 2763 Adi
1131 2732 1174 2763 ad
1192 2742 1271 2766 vlu.
1286 2736 1338 2766 41.
1362 2739 1371 2751 ⁶
1386 2733 1513 2766 Contra
1529 2733 1698 2770 montem:
