1850 3109
464 189 569 217 ων.
601 175 670 216 21.
706 185 799 215 Lm.
836 186 896 214 DE
931 185 1087 214 BELLA)
1121 185 1272 215 ALEX.

143 289 180 315 nt
197 294 260 315 nou
286 287 389 323 esset,
410 292 472 314 cur
494 282 594 314 Joan.
620 279 836 311 Rliellieanus

142 336 185 367 de
224 336 359 375 hujusce
399 331 576 364 locutionis
611 330 839 372 infrequentia

141 389 351 426 quereretur.
382 384 494 414 Dacis.

185 439 224 468 13
252 437 340 473 Erat,
356 435 480 473 fornice
494 432 664 473 exstructo]
698 433 752 465 Sic
770 434 839 463 vul—

141 497 184 527 go
214 487 300 518 hunc.
333 487 440 517 locum
475 485 710 525 distinguunt3
745 485 839 525 quasi

142 538 256 569 Caesar
286 535 452 567 fornicem
481 536 731 567 exstruxisset:
765 544 839 575 per-

140 596 266 627 peram.
313 586 432 617 Exitus
449 586 590 617 navibus
614 591 689 617 erat
711 585 839 616 fornice

138 637 209 666 sive
227 645 288 675 per
304 635 481 674 fornicem,
505 645 572 677 quo
590 645 673 676 pons
697 635 839 666 sustiue-

137 685 246 717 batur.
295 686 345 716 lbi
364 685 532 726 lapidibus
549 685 679 725 oppleri
700 689 838 725 pontem

134 734 249 774 jussit.
306 736 430 766 Delevi
460 736 576 775 itaque
609 734 838 766 distinctionis

136 789 275 822 notam;
314 785 362 816 uti
391 790 442 816 est
474 785 506 815 in
537 784 624 816 Edd.
656 785 772 825 primis
804 790 839 815 et

137 834 294 874 Grypliii,
316 844 378 866 nec
395 836 482 865 enim
497 839 619 866 contra
643 835 725 866 Mss.
754 844 837 875 opus

137 890 232 924 puto,
259 895 335 916 cum
354 887 391 917 R.
407 886 579 926 Stephano
603 885 753 917 scribere
768 885 838 924 for-

134 935 233 966 nivem
256 939 464 967 exstructum:
494 946 695 977 quamquam
721 936 837 967 nonni-

136 984 182 1014 hil
199 986 320 1016 clarior
337 984 424 1017 foret
441 986 559 1017 oratio.

182 1038 219 1065 15
246 1035 384 1076 Effecto,
401 1037 484 1067 nulla
500 1037 621 1068 omnino
645 1047 668 1067 s.
696 1047 745 1077 eg.
771 1047 837 1077 pos-

134 1091 203 1120 set,·
225 1087 322 1116 allero
347 1087 501 1123 instituto,
525 1088 577 1125 ὅτ.
599 1087 728 1128 ejecere]
760 1089 836 1118 Non

135 1135 306 1165 cohaerent
323 1136 406 1166 haec.
443 1135 584 1176 Optime
600 1137 683 1168 Msti
698 1144 736 1168 et
749 1138 835 1168 Edd.

134 1184 293 1224 Veteres,
309 1186 336 1216 si
355 1185 500 1216 onmium
524 1187 649 1226 primas
673 1187 837 1227 excipias,

135 1233 261 1265 habent
277 1235 397 1275 effecto,
412 1239 446 1266 ut
464 1246 493 1266 n.
511 1247 538 1266 ο.
553 1247 579 1267 s.
597 1237 703 1276 egredi
724 1243 836 1278 posset,

134 1284 231 1315 altero
258 1285 333 1316 inst.
361 1286 481 1324 ejecere.
528 1287 638 1318 Quum
667 1297 751 1328 pons
779 1287 837 1318 ob-

135 1339 286 1366 structus
316 1341 388 1367 erat
421 1337 481 1376 ita,
515 1341 553 1368 ut
587 1338 681 1368 nulla
713 1339 837 1378 scapha

135 1384 252 1426 egredi
269 1391 396 1426 posset,
418 1390 454 1417 et
471 1388 657 1427 praevallari
674 1388 836 1420 adversus

135 1434 386 1467 Alexandrinos
411 1436 590 1478 inciperet,
612 1437 837 1470 Alexandrini

134 1495 170 1517 se
183 1495 225 1517 ex
240 1486 367 1527 oppido
383 1487 571 1527 ejecerunt.
607 1488 745 1529 Ellipsis
762 1499 837 1530 par-

134 1536 249 1568 ticulae
271 1537 318 1568 ita
334 1537 387 1568 vel
409 1539 484 1569 adeo
507 1548 575 1570 non
599 1544 766 1580 percepta
790 1539 837 1570 vi-

134 1585 235 1617 detur
247 1586 458 1628 corruptioni
475 1598 588 1619 ansam
605 1589 749 1621 dedisse.
788 1590 837 1621 At

133 1636 211 1667 vide
228 1637 269 1668 de
285 1647 325 1668 ea
341 1637 383 1668 ad
400 1639 441 1669 B.
456 1638 501 1670 G.
518 1648 574 1669 ιιι.
594 1642 643 1670 14.
669 1640 836 1679 Ejecerunt

133 1688 238 1718 etiam
272 1688 432 1728 rescripsi
461 1687 529 1719 fide
557 1689 724 1720 Mstorum
757 1690 836 1721 Pet.

133 1736 255 1768 Leidd.
273 1737 347 1768 Pal.
366 1738 461 1768 Voss.
478 1738 587 1779 Bong.
601 1742 636 1769 et
650 1738 803 1771 aliorum.

177 1795 238 1818 xx.
255 1790 295 1818 10
318 1788 530 1819 Alexandrini
546 1799 586 1820 ex
607 1789 737 1820 navibus
750 1800 836 1829 egre-

131 1836 309 1877 diebantur]
334 1838 579 1878 Reponendum
593 1849 635 1870 ex
649 1841 714 1872 Ms.
729 1841 835 1873 Norv.

132 1896 173 1918 ac
190 1887 289 1918 editt.
308 1888 404 1920 Rom.
424 1889 510 1920 Ven.
535 1890 692 1922 Beroald.
738 1892 836 1922 Alex-

132 1939 257 1970 andrini
283 1940 394 1981 plures
421 1951 461 1972 ex
486 1942 617 1973 navibus
639 1944 835 1983 egredieban-

133 1993 205 2021 tur.-
228 1991 285 2021 illa
301 1991 390 2022 enim
415 2002 478 2023 vox
502 1994 611 2033 paucis
637 1993 835 2025 Alexandri-

134 2040 184 2071 nis
199 2041 395 2081 opponitur,
411 2042 465 2083 qui
491 2048 569 2074 ante
593 2044 732 2076 navibus
756 2050 835 2076 sunt

132 2091 269 2131 egressi.
294 2093 404 2124 Dacis.
449 2093 520 2125 Aut
538 2104 614 2124 cum
634 2095 774 2126 Davisio
792 2104 834 2126 ex

133 2140 201 2171 Ms.
232 2141 358 2172 Eliensi
379 2142 483 2182 (adde
511 2148 547 2174 et
575 2144 641 2175 Ms.
671 2144 834 2185 Regium)

134 2194 170 2220 et
195 2190 260 2221 Ed.
285 2191 378 2221 Vett.
406 2192 540 2222 omnino
568 2193 834 2233 rescribendum,

134 2248 266 2270 PLURES
297 2250 335 2271 ex
363 2241 492 2272 naribus
519 2243 769 2284 egrediebantur,
796 2250 834 2275 ut

132 2290 336 2330 respondeat
362 2291 574 2331 praecedenti
599 2293 719 2333 paucis.
764 2293 833 2325 Aut

131 2340 215 2371 illud
227 2341 475 2382 egrediebantur,
488 2342 744 2383 intelligendum
758 2344 835 2384 erit,

133 2391 237 2431 egredi
280 2392 461 2431 pergebant.
509 2394 614 2424 Clark.
690 2394 832 2434 Inserui,

134 2440 223 2482 quod
251 2446 285 2472 et
309 2442 388 2472 olim
410 2442 481 2483 jam
514 2437 664 2474 Grutero
694 2444 834 2485 placuit,

133 2502 247 2523 vocem
272 2495 388 2533 plures,
421 2493 488 2524 fide
516 2494 684 2526 Mstorum
711 2495 831 2535 Cujac.

134 2541 254 2573 l’etav.
286 2544 402 2574 Ursin.
431 2544 527 2575 Leid.
555 2555 606 2585 pr.
645 2545 768 2585 Scalig.
798 2550 834 2576 et

134 2600 202 2622 sec.
246 2592 334 2623 Item
357 2592 432 2624 Pal.
459 2594 566 2635 Bong.
591 2598 626 2625 et
651 2595 738 2626 Edd.
761 2596 833 2626 Me-

136 2639 215 2671 diol.
231 2642 369 2674 Vascos.
388 2644 504 2683 Steph.
523 2650 558 2674 et
575 2644 725 2676 aliorum.

180 2692 218 2719 12
241 2689 340 2721 Simul
354 2691 421 2732 qui]
447 2693 608 2733 Turpiter
631 2693 685 2724 hic
710 2694 834 2725 dormi-

137 2738 222 2770 tavit
246 2740 470 2782 Rhellicanus,
495 2743 552 2784 qui
576 2744 649 2776 haec
672 2744 715 2775 de
735 2745 834 2777 Alex-

1483 175 1497 215 l
1507 175 1592 216 543

887 279 1029 310 andrinis
1054 278 1198 309 absurde
1222 278 1370 318 aecipit3
1398 288 1472 310 cum
1496 290 1589 311 mens

888 329 1046 368 authoris,
1073 329 1169 368 longe
1200 328 1277 367 alia,
1309 327 1487 358 admodum
1517 339 1590 368 per-

887 379 1005 419 spicua
1021 379 1076 410 sit.
1113 379 1188 410 Hoc
1206 379 1358 408 nimirum
1375 378 1422 408 ait
1439 378 1591 410 Hirtius:

889 432 964 463 Quo
991 436 1147 471 tempore
1177 431 1426 460 t'aesareanmum
1451 429 1509 467 illi,
1533 431 1590 470 qui

888 491 928 511 ex
952 481 1053 521 longis
1075 481 1205 512 naribus
1226 490 1258 511 se
1280 481 1440 519 ejecerant,
1465 483 1593 510 temere

889 532 921 562 in
958 542 1059 562 naves
1095 531 1249 572 refugere
1288 530 1480 571 coepissent,
1507 530 1595 560 inse-

890 583 1069 623 quentibus
1095 583 1340 617 .›lle.tamlrinis;
1364 582 1481 612 eodem
1510 586 1595 611 tem-

890 642 971 672 pore
1000 634 1160 674 reliquos,
1193 633 1248 673 qui
1276 633 1309 663 in
1339 633 1439 671 longis
1466 631 1594 662 naribus

888 686 1111 722 remanserant,
1131 683 1250 714 timore
1269 682 1384 713 itidem
1402 687 1593 722 correptos,

887 733 986 762 scalas
1000 742 1119 773 rapere,
1142 743 1287 773 necesque
1312 742 1383 763 suas
1397 743 1415 762 a
1438 735 1522 762 terra
1548 742 1595 761 re-

884 782 1017 821 pellere;
1047 791 1100 821 ne,
1118 782 1260 822 repulsis
1286 781 1461 819 militibus,
1487 781 1592 811 etiam

887 831 1012 862 narium
1027 831 1163 872 ipsarum
1185 832 1376 872 potirentur
1393 830 1594 862 Alexandri-

888 881 933 912 ni.
960 883 1066 912 Clurlc.

932 933 972 962 19
997 932 1300 973 Μυηὶιίοηεηι,ᾅέ.]
1334 932 1457 973 Neque
1483 931 1591 962 minus

887 980 971 1011 mire
988 981 1050 1012 hoc
1067 981 1100 1011 in
1118 982 1194 1012 loco
1219 981 1261 1011 ad
1285 982 1394 1012 lucem
1417 981 1593 1012 caecutivit

888 1029 977 1061 idem
991 1030 1053 1060 Vir
1071 1031 1301 1069 doctissimus,
1319 1040 1420 1071 quum
1436 1031 1592 1060 castellum

887 1081 920 1111 in
933 1084 1026 1121 ponte
1041 1092 1085 1120 eo,
1111 1082 1165 1121 qui
1190 1081 1303 1112 Pharo
1323 1081 1451 1121 propior
1473 1084 1554 1118 erat,
1575 1091 1594 1111 a

890 1132 1012 1161 Caesare
1038 1132 1190 1162 munitum
1215 1141 1317 1172 supra
1344 1141 1373 1162 e.
1404 1141 1510 1171 praec.
1539 1131 1592 1162 hie

886 1180 1079 1210 somniavit.
1126 1181 1220 1211 Nihil
1251 1181 1340 1211 enim
1367 1180 1593 1221 manifestius,

887 1239 987 1270 quam
1015 1230 1235 1261 munitionem
1261 1230 1315 1261 hic
1341 1230 1488 1270 intelligi
1513 1242 1592 1271 eam,

887 1290 987 1321 quam
1005 1279 1200 1311 instituerat
1217 1281 1332 1312 Caesar
1360 1282 1369 1298 ‘
1384 1282 1426 1312 ad
1451 1282 1591 1321 praeval-

887 1331 1024 1362 laudum
1039 1331 1086 1370 (c.
1104 1331 1222 1371 praec.)
1237 1332 1382 1363 alterum
1399 1332 1493 1363 illum
1511 1342 1593 1373 pon-

887 1386 967 1421 tem,
982 1381 1038 1422 qui
1058 1382 1179 1422 Oppido
1206 1382 1344 1422 propior
1360 1388 1446 1422 erat,
1464 1387 1498 1414 et
1513 1392 1593 1414 con-

887 1437 941 1464 tra
956 1442 1055 1474 quam
1068 1433 1300 1473 munitionem,
1314 1443 1429 1464 omncs
1446 1432 1592 1464 Alexan-

887 1484 1060 1515 drinorum
1085 1484 1195 1525 copiae
1213 1495 1255 1515 ex
1272 1485 1399 1526 oppido
1421 1495 1456 1516 se
1479 1485 1591 1526 ejece-

886 1534 987 1566 rant.'
1020 1535 1116 1566 Idem.

928 1589 970 1617 26
995 1586 1142 1618 Adlevati
1158 1586 1267 1627 scutis]
1292 1587 1341 1618 Ut
1369 1586 1487 1627 scutis,
1511 1596 1590 1628 qua-

887 1636 914 1667 si
941 1637 1074 1668 utribus
1114 1638 1222 1668 innixi
1246 1637 1408 1676 natarint,
1439 1637 1473 1667 iu
1500 1636 1589 1668 Edd.

887 1687 1004 1728 primis
1034 1688 1217 1718 exhibetur
1247 1689 1378 1719 elevati:
1414 1687 1474 1719 sed
1505 1687 1591 1719 Mss.

886 1738 1013 1778 Ursini,
1032 1739 1180 1779 Petavii,
1199 1739 1325 1779 Scalig.
1352 1743 1387 1770 et
1415 1738 1511 1770 Leid.
1536 1748 1590 1780 pr.

887 1788 970 1820 dant
998 1790 1159 1820 adlevati&
1208 1789 1310 1822 Quod
1339 1799 1404 1820 nou
1432 1789 1590 1820 inmerito

886 1840 1015 1880 placuit
1033 1839 1171 1880 Ursino,
1186 1844 1221 1870 et
1236 1840 1399 1871 Grutero.
1427 1841 1476 1871 Ut
1492 1844 1590 1871 scuta

886 1891 977 1922 elata
1009 1900 1111 1931 super
1138 1895 1244 1931 caput
1271 1890 1452 1921 habuerint
1481 1889 1523 1920 ad
1554 1899 1590 1921 se

885 1946 1006 1972 contra
1037 1941 1182 1972 telorum
1210 1941 1297 1972 ictus
1339 1940 1588 1980 protegendos:

886 1991 1002 2032 quales
1030 1990 1149 2030 figurae
1176 1991 1210 2021 in
1236 1991 1352 2021 multis
1370 1991 1590 2031 reperiuntur

886 2041 1124 2080 marmoribus,
1152 2051 1191 2072 ae
1215 2051 1307 2081 saepe
1332 2041 1366 2072 in
1394 2041 1548 2081 periculo
1570 2050 1591 2071 a

887 2101 905 2122 a
922 2092 1080 2122 Romanis
1098 2091 1223 2122 tactum
1242 2091 1396 2131 legimus.
1430 2089 1590 2132 Antiqui-

885 2147 938 2173 tas
955 2143 1058 2173 etiam
1081 2147 1117 2174 et
1145 2142 1324 2183 integritas
1351 2151 1468 2173 eorum
1490 2140 1590 2172 Codi-

884 2202 961 2224 cum
997 2193 1171 2234 postulare
1213 2197 1367 2224 nostrum
1408 2191 1589 2223 adsensum

885 2243 1055 2275 videntur.

929 2303 1009 2325 xxi.
1028 2297 1068 2325 12
1092 2295 1190 2324 Paulo
1215 2295 1298 2325 ultra
1322 2304 1389 2325 eum
1413 2293 1589 2334 numerum]

885 2344 1084 2383 Beroaldus,
1097 2344 1283 2384 GrypliiuS‚
1293 2350 1327 2375 et
1338 2344 1481 2375 Ursinus
1497 2344 1591 2375 exhi-

885 2393 968 2424 bent
979 2395 1083 2434 paullo
1097 2399 1173 2434 post
1185 2404 1251 2424 eum
1266 2403 1435 2424 numerum.
1461 2393 1588 2424 Parum

885 2443 1020 2485 quidem
1031 2444 1164 2475 Latine.
1186 2445 1305 2475 Petav.
1321 2448 1435 2475 autem
1452 2449 1487 2474 et
1500 2444 1590 2475 Nor-

885 2494 950 2525 vic.
963 2493 1045 2524 dant
1059 2496 1088 2524 et
1103 2503 1210 2533 prope
1226 2504 1292 2524 enm
1306 2504 1474 2524 numerum.
1509 2493 1586 2524 Hoc

885 2544 1043 2585 equidem
1074 2548 1214 2584 propter
1246 2544 1382 2575 Codicis
1407 2543 1587 2574 Petaviaui

884 2594 1118 2635 praestantiam
1146 2593 1265 2625 lubens
1289 2594 1489 2633 reciperem.
1520 2593 1587 2623 Da-

885 2645 940 2675 tis.
976 2654 1046 2675 cur.
1070 2654 1138 2675 sec.
1183 2643 1371 2675 Adsentior
1386 2643 1535 2674 Grutero
1551 2646 1588 2673 et

884 2694 1037 2733 Davisio,
1049 2703 1144 2734 prope
1161 2691 1427 2732 recipientibus3
1461 2691 1510 2722 ita
1536 2695 1586 2722 ta·

884 2753 961 2775 men
972 2747 1009 2775 ut
1021 2743 1170 2774 retinere
1182 2741 1295 2772 malim
1303 2741 1419 2782 paullo,
1429 2745 1466 2772 ut
1477 2740 1584 2782 scrip-
