1850 3109
240 164 354 207 1612

239 269 327 302 Haec
363 269 555 302 emendatio
588 270 760 306 Scalizero
799 272 940 312 ejusque

239 320 357 352 Codici
377 321 470 362 (nam
486 321 536 352 ita
552 320 583 351 in
601 321 774 360 excerptis
790 321 855 352 Ms.
869 322 940 361 ejus

237 371 366 411 exstat)
399 371 568 402 debetur:
606 381 682 402 cuin
711 372 810 411 vulgo
839 377 940 401 antea

234 421 409 462 legeretur
424 422 626 453 arundinibus
647 422 799 461 coriisque
822 423 940 452 consec-

236 472 279 502 tis
292 472 345 502 vel
360 473 513 503 contextis
524 483 534 503 :
549 472 620 502 sine
637 471 740 502 dubio
754 471 850 510 male,
866 481 940 502 cuin

232 522 401 562 pellesnon
410 523 696 564 haberent‚quare
708 522 840 563 Lipsius
850 522 941 554 Dial.

235 582 268 604 v.
291 572 333 604 de
351 573 426 604 Mil.
443 573 543 604 Rom.
562 583 593 604 c.
607 577 638 604 5.
666 573 802 613 legebat
818 574 941 604 storeis—

236 633 312 663 que:
337 624 391 654 vel
409 624 488 664 quia
504 624 536 654 in
554 624 618 655 Ed.
635 625 751 665 primis
779 624 941 655 scribitur

235 675 421 706 arundinum
462 676 570 716 copiis,
596 677 696 709 etiam
732 677 939 717 conjiciebat

237 735 306 757 non
320 726 500 758 invenuste
513 727 638 768 copulis.
665 727 803 759 Habent
828 733 938 759 autem

236 774 326 806 Edd.
342 775 442 808 Rom.
460 777 602 808 Mediol.
627 778 714 809 Ven.
740 782 775 808 et
800 788 877 808 cnm
900 778 940 808 iis

234 824 381 858 Dorvill.
398 828 583 859 antudinam
598 829 695 868 copiis
709 828 800 859 tectis
814 832 939 859 contex-

231 876 288 908 tie.
343 877 442 909 Unde
470 879 652 910 Salmasius
676 879 826 910 malebat
849 889 940 910 arun-

232 927 339 958 dinum
355 929 459 969 topiis.
506 929 634 960 Verum
659 930 864 961 arundinibus
889 941 938 961 re-

234 976 346 1008 tinent
359 979 444 1009 Mss.
463 979 584 1020 reliqui
601 989 728 1011 omnes.
775 981 849 1011 Nec
862 981 939 1011 voci

232 1027 399 1067 topiorum,
428 1038 503 1069 quae
532 1028 566 1059 in
592 1029 803 1070 elegantiore
830 1031 941 1061 borto-

232 1084 306 1107 rum
336 1078 431 1109 cultu
465 1088 564 1110 usum
600 1079 736 1120 habeut,
775 1081 861 1111 ullus
885 1081 939 1112 hic

230 1126 326 1158 locus
339 1137 412 1159 esse
426 1133 551 1168 potest.
600 1131 707 1171 Copiis
720 1132 822 1162 etiam
839 1138 891 1163 est
906 1133 938 1163 in

232 1177 328 1210 Leid.
348 1188 402 1218 pr.
419 1189 480 1219 pro
501 1181 621 1221 scopis:
643 1182 738 1212 coriis
754 1182 848 1212 Leid.
873 1193 938 1214 sec.

231 1227 275 1259 In
292 1238 377 1260 voce
393 1231 550 1261 contextis
567 1232 797 1268 consentiunt,
822 1237 858 1263 ut
872 1233 938 1263 de-

231 1277 328 1318 bent,
363 1279 445 1310 Mss.
481 1290 596 1311 omnes
629 1290 706 1312 cum
737 1282 822 1314 Edd.
860 1284 938 1316 Bas.

230 1329 370 1362 Vascos.
385 1331 500 1372 Steph.
518 1337 553 1364 ct
570 1334 654 1364 aliis.
702 1334 795 1365 Male
809 1335 939 1374 Ursin„

229 1385 348 1412 contra
373 1391 469 1413 suum
486 1382 650 1423 codicem,
679 1389 790 1416 tamen
808 1387 938 1417 contecti

229 1432 388 1464 malebat.
434 1433 523 1465 Vide
541 1434 581 1464 ad
601 1435 640 1465 B.
655 1435 699 1467 G.
716 1444 755 1466 ιι.
772 1440 822 1468 17.
847 1439 855 1454 ‘
873 1437 938 1468 Ru-

228 1482 280 1514 bis
297 1483 518 1525 sentibusque
533 1485 751 1525 intertextis‚’
774 1493 810 1517 ut
824 1487 938 1528 legen-

229 1532 309 1564 dum
324 1539 419 1574 puto.

271 1593 384 1615 XLvn.
404 1588 443 1616 18
475 1585 718 1626 Permanebant]
757 1586 839 1618 Mss.
856 1597 936 1618 non-

227 1636 311 1667 nulli
323 1637 578 1677 protegebantur.
617 1639 724 1669 CIarlr.
767 1638 805 1668 Id
824 1648 886 1677 ego
903 1640 937 1669 in

226 1696 379 1718 meorum
403 1688 495 1718 nullo
521 1688 646 1727 inveni,
667 1688 725 1719 sed
749 1693 879 1719 tantuin
905 1689 938 1719 in

227 1736 316 1769 Edd.
333 1737 474 1769 Vascos.
500 1737 632 1778 Gryph.
659 1743 747 1778 post.
764 1739 883 1779 Steph.
902 1744 937 1770 et

225 1787 359 1819 Stradae
374 1799 382 1819 :
398 1788 618 1828 permanebant
636 1793 689 1819 est
702 1789 935 1830 pernoctabant.

227 1838 375 1870 Consule
392 1840 464 1870 Cel.
477 1839 511 1871 J.
526 1840 562 1870 F.
577 1840 684 1870 Grou.
700 1839 741 1869 ad
759 1840 880 1871 Seuec.
894 1840 936 1871 de

225 1888 345 1921 Benef.
361 1900 391 1921 c.
410 1893 460 1921 16.
485 1890 602 1921 Heius.
619 1891 660 1921 ad
678 1891 781 1922 Ovid.
799 1891 877 1923 Art.
896 1901 935 1923 ii.

226 1942 303 1971 237.
319 1950 358 1971 ac
373 1940 502 1971 Comm.
521 1940 562 1971 ad
579 1941 658 1973 Ter.
677 1942 762 1973 Eun.
779 1950 819 1973 Π.
839 1946 866 1973 l.
887 1945 935 1973 10.

226 1995 262 2022 et
276 1990 369 2021 alibi.

269 2044 311 2073 19
347 2041 484 2073 Grrwati
510 2043 789 2082 pondere—omnes
813 2041 936 2072 subruti

224 2091 421 2132 disiectique]
453 2092 598 2123 Codices
615 2092 765 2123 nonnulli
782 2094 936 2131 Grai-ata,

224 2142 298 2173 scil.
315 2143 492 2181 tentor-iola,
506 2144 652 2182 pondere,
667 2144 719 2181 85⁶.
744 2143 845 2173 omnia
868 2143 936 2173 sub-

223 2194 297 2222 ruta
323 2192 518 2232 disjectaque.
561 2194 646 2225 Quae
669 2194 696 2224 si
722 2202 803 2223 vera
831 2193 936 2224 lectio

225 2242 282 2281 sit,
302 2247 374 2273 tum
399 2242 510 2273 deerit
529 2242 669 2283 aliquid,
685 2252 751 2283 quo
767 2242 936 2274 referatur

224 2292 260 2323 id
291 2292 381 2333 quod
413 2292 579 2334 sequitur,
608 2303 664 2333 per
694 2295 796 2323 castra
819 2294 937 2334 passim

222 2342 429 2382 vagabantur.
468 2343 574 2374 Clark.
619 2343 660 2373 In
677 2348 798 2374 neutro
810 2343 936 2377 liabent

222 2393 297 2425 haec
325 2393 438 2423 Ursini
469 2398 503 2423 ct
533 2393 658 2433 Scalig.
684 2394 839 2425 Codices.
891 2396 936 2425 Et

223 2448 322 2476 certe
348 2444 407 2474 illa
443 2444 546 2482 magis
582 2444 623 2474 ad
659 2445 805 2481 tentoria,
834 2455 935 2486 quam

220 2493 348 2526 milites
374 2494 547 2533 respicere
574 2493 743 2524 videntur.
791 2495 935 2525 Grai-uta

223 2545 326 2576 etiam
342 2549 392 2575 est
411 2544 443 2574 in
462 2544 554 2574 Leid.
572 2553 641 2574 sec.
663 2545 718 2584 qui
738 2550 772 2574 ct
797 2545 935 2576 tenebra-

218 2605 292 2626 rum
322 2595 438 2634 habet,
468 2603 530 2625 nec
558 2604 623 2624 non
652 2604 731 2634 aqua
761 2606 842 2625 omn.
895 2599 935 2629 In

222 2645 351 2686 Scalig.
383 2654 560 2684 aquamque.
602 2643 670 2674 Pro
696 2654 798 2674 omncs
825 2650 879 2676 est
903 2645 935 2674 iu

224 2695 352 2736 Scalig.
380 2693 476 2726 Leid.
506 2704 558 2735 pr.
577 2698 613 2725 et
635 2695 781 2726 Dorvill.
805 2696 879 2733 τεὴ
903 2695 936 2726 iu

225 2755 370 2787 quorum
380 2745 498 2777 ultimo
510 2745 591 2778 item
598 2745 728 2777 subruta
740 2745 937 2787 disjectaque.

706 175 847 207 NOTAE
881 175 1145 207 vAmoRUM
1180 176 1230 206 IN

992 271 1194 303 Ciacconius
1217 272 1302 311 legit
1325 272 1427 313 lisque
1445 282 1471 303 s.
1488 272 1510 304 i.
1524 281 1559 311 g.
1575 282 1602 304 c.
1621 283 1697 313 gra-

991 322 1072 352 vatis
1091 323 1235 362 pondere,
1256 322 1367 361 ventis,
1391 333 1439 363 aq.
1461 323 1599 354 omnibus
1624 323 1697 354 sub-

992 373 1073 402 rutis
1087 373 1291 413 deiectisque:
1323 373 1381 404 sed
1397 374 1469 404 sine
1494 374 1560 405 ulla
1582 383 1696 406 neces-

992 422 1106 460 sitate,
1121 424 1218 454 nimis
1236 424 1367 455 recedit
1383 434 1402 455 a
1418 426 1555 466 scriptis
1566 426 1699 458 Codici-

993 472 1065 512 bus,
1091 478 1127 504 et
1149 483 1328 514 perperam
1352 476 1486 506 omnino
1513 477 1635 515 disicet.
1664 477 1697 508 in

991 522 1051 559 ἀφ’.
1067 528 1187 555 mutat.
1220 525 1307 555 vide
1325 535 1402 556 num
1416 527 1528 557 verior
1542 527 1697 558 videatur

992 571 1063 602 liaee
1076 572 1177 603 lectio
1190 583 1196 603 :
1210 573 1329 614 Itaque,
1341 576 1394 614 &a
1409 577 1552 615 gravatis
1565 578 1699 617 pondere

991 623 1145 662 tentoriis,
1173 633 1379 665 aquarumque
1411 627 1442 656 vi
1475 627 1576 667 (Mss.
1608 628 1697 659 enim

992 683 1158 714 aquamque
1175 675 1246 714 vel)
1259 675 1398 707 subrutis
1420 677 1622 718 disiectisque,
1635 688 1698 710 om-

991 734 1054 755 nes.
1116 725 1204 756 Vide
1245 726 1330 757 Luc.
1368 736 1416 758 iv.
1445 730 1498 759 88.
1552 731 1699 760 Succur-

993 781 1073 806 runt
1104 781 1139 806 et
1169 777 1243 808 aliae
1281 778 1506 818 conjecturam
1538 779 1597 810 sed
1627 779 1699 812 haec

992 827 1137 858 maxime
1156 829 1280 868 placet.
1318 830 1410 861 Dein
1433 830 1634 870 elegantius,
1660 835 1699 863 ut

992 877 1122 916 opinor,
1146 883 1309 910 exaratur
1333 880 1367 909 in
1391 880 1518 920 Scalig.
1543 886 1579 912 et
1602 880 1698 913 Leid.

994 928 1102 968 primo
1128 928 1228 967 rebus,
1243 940 1311 970 1111ae
1332 931 1373 960 ad
1394 931 1508 961 victum
1526 931 1701 972 pertinent,

993 978 1131 1009 omnibus
1145 989 1230 1011 conv.

1032 1031 1074 1059 23
1114 1030 1265 1061 Pilorum'
1290 1031 1452 1062 cacumina
1495 1041 1551 1062 sua
1593 1034 1700 1072 sponte

990 1080 1150 1120 arserunt]
1220 1081 1296 1112 Hoc
1335 1091 1401 1113 non
1437 1091 1514 1113 raro
1559 1081 1700 1113 accidit.

990 1130 1107 1162 Livius
1122 1138 1218 1162 xxii.
1235 1134 1290 1162 50.
1317 1133 1325 1149 ‘
1346 1132 1507 1172 Prodigia
1531 1142 1573 1163 ex
1598 1132 1700 1172 pluri-

992 1179 1053 1210 bus
1083 1181 1180 1210 simul
1211 1181 1295 1212 locis
1322 1182 1504 1212 nunciata:
1530 1183 1561 1212 in
1582 1182 1701 1213 Sicilia

990 1231 1155 1262 militibus
1193 1232 1518 1272 spicula—arsisse)
1566 1233 1699 1266 Plinius

992 1281 1083 1312 Hist.
1117 1283 1198 1314 Nat.
1225 1292 1266 1314 ιι.
1291 1286 1343 1314 37.
1391 1283 1497 1314 ‘Vidi
1521 1286 1699 1317 nocturnis

990 1331 1134 1362 militum
1166 1333 1302 1373 vigiliis,
1334 1333 1500 1364 iuliaerere
1528 1335 1605 1375 pilis
1636 1345 1698 1376 pro

990 1383 1078 1413 vallo
1102 1381 1292 1423 fulgorem!
1333 1385 1421 1416 Haec
1444 1389 1480 1416 et
1504 1385 1698 1426 hujusmodi

989 1433 1054 1463 alia
1071 1433 1305 1465 miraculorum
1332 1435 1407 1466 loco
1429 1436 1569 1467 credule
1586 1437 1699 1477 posuit

989 1483 1174 1524 antiquitas
1204 1484 1368 1524 Pliysices
1398 1485 1576 1526 imperita;
1616 1486 1699 1518 nibil

989 1533 1077 1564 euim
1105 1533 1196 1564 aliud
1218 1540 1309 1574 sunt,
1336 1545 1434 1576 quam
1465 1536 1698 1568 exhalationes

990 1583 1149 1615 sulfurea:
1176 1586 1289 1616 calore
1305 1586 1392 1616 aeris
1409 1596 1574 1624 accensae,
1594 1588 1700 1619 varia-

989 1644 1055 1674 que
1078 1633 1198 1675 figura,
1228 1645 1290 1676 pro
1319 1634 1481 1668 flantibus
1503 1637 1614 1668 ventis
1641 1642 1700 1669 aut

989 1686 1142 1715 niuteriae
1160 1686 1272 1726 copia,
1288 1686 1458 1726 praedita’„
1495 1686 1584 1718 Vim
1594 1687 1698 1720 dom

989 1735 1116 1766 Clerici
1134 1736 1237 1776 Phys.
1254 1745 1309 1768 111.
1326 1739 1358 1768 4.
1382 1737 1398 1777 ς
1414 1740 1445 1768 7.
1463 1746 1569 1779 seqq.-
1584 1737 1698 1770 navis.

989 1785 1076 1816 Vide
1093 1786 1134 1816 ad
1153 1785 1283 1828 Obseq.
1303 1797 1377 1827 cap.
1404 1790 1476 1819 107.
1507 1790 1516 1805 ‘
1542 1788 1582 1820 In
1598 1789 1700 1821 Circo

987 1835 1079 1866 inter
1107 1837 1176 1877 pila
1189 1837 1208 1876 ;’
1240 1838 1296 1869 ubi
1328 1839 1459 1880 Lipsius
1495 1840 1636 1881 conjicit
1665 1841 1700 1872 in

991 1886 1121 1924 Circeiis
1134 1897 1190 1927 per
1203 1898 1236 1928 p.

1031 1944 1160 1967 xuni.
1200 1940 1218 1967 3
1269 1938 1313 1968 L't
1342 1940 1700 1983 quum—liberaretur]

988 1986 1097 2017 Locus
1114 1987 1145 2016 in
1164 1988 1248 2018 Mss.
1268 1989 1366 2020 valde
1379 1996 1571 2030 corruptus
1586 1992 1696 2024 Editt.

988 2035 1084 2066 Vett.
1127 2036 1253 2068 liabent
1289 2039 1331 2069 Ut
1360 2049 1473 2077 secum,
1500 2043 1555 2077 &00
1611 2042 1697 2074 Quae

988 2087 1158 2118 sententia
1182 2093 1234 2119 est
1258 2089 1361 2119 nulla.
1408 2091 1559 2130 Scaliger
1580 2092 1699 2134 edidit,

988 2140 1021 2167 ut
1047 2138 1074 2167 si
1098 2148 1204 2177 quum,
1220 2140 1272 2177 &a
1302 2138 1402 2171 Quod
1417 2140 1534 2171 itidem
1553 2142 1699 2184 intelligi

987 2188 1116 2228 nequit.
1146 2188 1325 2221 Goduinus
1337 2195 1372 2221 et
1381 2191 1548 2223 Cellarius
1560 2193 1677 2225 melius
1690 2204 1698 2233 ;

987 2240 1022 2267 ut
1043 2237 1088 2267 sic
1111 2241 1282 2278 ᾳιιιιιιι,ὅ·ε.
1324 2241 1485 2273 Davisius
1510 2243 1635 2284 aliique
1661 2248 1697 2276 ut

987 2298 1090 2327 quum,
1127 2290 1180 2328 ὅγε.
1228 2290 1339 2322 Clark.
1377 2291 1418 2322 In
1454 2292 1543 2324 Edd.
1579 2293 1696 2325 Elzev.

987 2340 1156 2369 nonnullis
1170 2345 1223 2370 est
1239 2340 1283 2371 Ut
1293 2341 1340 2371 sic
1351 2352 1457 2381 quiam.
1482 2343 1597 2375 Primo
1611 2345 1697 2376 Mss.

987 2397 1101 2419 omnes
1117 2394 1152 2420 et
1171 2389 1257 2420 Edd.
1277 2390 1372 2422 Vett.
1387 2392 1429 2421 ad
1446 2392 1572 2433 Scalig.
1591 2403 1697 2435 usque

987 2441 1021 2468 ut
1037 2448 1137 2468 secum
1153 2439 1217 2478 ipse
1230 2450 1240 2470 :
1265 2440 1328 2471 nisi
1343 2442 1432 2481 quod
1449 2443 1514 2482 ipse
1528 2444 1615 2474 desit
1631 2443 1696 2475 Pe-

988 2489 1137 2528 taviano,
1161 2490 1239 2520 dein
1255 2501 1290 2521 ac
1315 2494 1432 2522 terrore
1449 2495 1485 2523 C.
1509 2499 1561 2524 est
1578 2494 1612 2524 in
1630 2494 1695 2526 Pe-

988 2544 1055 2570 tav.
1076 2541 1220 2571 Dorvill.
1233 2547 1266 2572 et
1282 2542 1378 2574 Leid.
1392 2553 1460 2574 sec.
1484 2545 1536 2575 Ad
1547 2548 1699 2577 terrorem

991 2591 1028 2620 C.
1046 2591 1141 2621 Leid.
1158 2601 1208 2631 pr.
1229 2602 1303 2623 nam
1321 2593 1507 2626 liberaretur
1523 2605 1542 2626 a
1558 2597 1696 2628 Beroal-

989 2642 1031 2673 do
1061 2643 1102 2673 ad
1133 2653 1266 2675 sensum
1306 2647 1546 2687 supplendum,
1581 2648 1696 2680 invitis

990 2693 1073 2724 Mss.
1090 2694 1245 2726 omnibus
1268 2700 1302 2726 et
1328 2696 1415 2727 Edd.
1440 2698 1622 2738 prioribus,
1642 2702 1696 2730 est

989 2743 1154 2777 additum.
1192 2746 1334 2778 Latinus
1351 2748 1503 2781 Latinius
1523 2757 1696 2791 expunge-
