1850 3109
424 206 529 237 cm».
559 195 631 237 36.
667 205 760 235 mn.
787 205 850 236 ΒΕ
883 206 1040 237 nanno
1074 209 1273 239 nisum.

116 306 182 333 lum
195 301 420 342 indignaretur.
466 300 559 336 Quod
576 300 716 331 Coesaris
734 310 816 341 prce·

115 352 231 385 sidium
254 352 375 383 desunt
404 360 539 392 quoque
562 351 719 382 Leidensi
746 360 815 384 sec.

114 409 149 436 et
163 403 308 435 Dorvill.
324 402 382 443 qui
406 401 467 433 dat
491 407 715 443 receptumque.
763 403 816 434 In·

113 454 297 494 dignaretur
322 452 426 485 etiam
459 453 555 484 Leid.
587 463 638 494 pr.
663 459 698 485 et
728 454 814 485 Edd.

112 503 242 545 primae,
284 503 342 544 qui
383 503 641 543 Pompeianarum
676 505 814 544 partium

111 563 187 585 cum
202 554 343 585 Vascos.
367 554 486 594 Steph.
515 557 550 585 et
567 554 640 585 aliis
659 554 743 585 bene
759 564 815 585 ex·

110 603 249 636 hibent:
298 605 382 635 inlus
419 604 520 635 etiam
559 604 646 635 Edd.
683 605 812 636 multae.

111 653 236 686 Placet
270 654 375 695 magis
415 654 590 687 Ciacconii
619 654 812 686 emendatio

106 714 220 744 magna
236 715 352 736 manus.

151 758 173 786 6
197 755 284 786 Clam
297 757 375 796 quod
394 755 486 787 Philo
501 755 636 797 quidam,
652 756 705 788 ille
717 756 813 798 qui—-

108 804 158 836 hic
172 806 249 836 clam
269 806 429 846 pra-sidio,
443 806 514 847 Bra]
546 807 603 838 Ita
619 806 692 838 fere
717 807 812 839 resti-

109 854 176 888 tuit
202 855 375 895 Davisius,
403 857 467 888 nisi
500 857 590 898 quod
626 857 655 888 is
694 867 812 890 vocem

108 903 234 945 quidam
253 907 424 947 omiserat,
441 918 542 948 quam
555 918 673 940 vocem
687 918 729 940 ex
744 909 812 942 Ms.

106 956 232 995 Yossii,
254 957 328 999 (ubi
355 963 516 998 corrupte
545 959 706 1000 scriptum
736 969 813 1000 rep—

107 1007 179 1047 peri
197 1007 291 1039 ΡΙιίΙο
315 1008 454 1048 quidem)
471 1010 618 1051 reposui.
658 1010 813 1051 Scaliger

107 1061 142 1088 et
159 1057 382 1090 Recentiores
404 1059 596 1100 ediderant,
611 1061 688 1092 clam
707 1061 815 1091 Philo-

106 1116 172 1138 nem
188 1111 348 1148 quendam,
375 1110 465 1140 illum
479 1110 546 1150 qui,
569 1112 620 1149 &a
657 1121 732 1152 quae
761 1117 814 1142 est

106 1159 280 1190 sententia.
317 1169 486 1200 suspensa
522 1164 559 1191 et
596 1160 812 1201 imperfecta.

104 1208 288 1240 Emendari
315 1214 430 1241 autem
460 1214 586 1251 potest,
610 1211 812 1249 scribend03

104 1261 183 1299 quod
207 1260 450 1301 (praesidium‚)
476 1262 529 1292 vel
554 1271 622 1302 quae
646 1261 813 1304 (multitu-

105 1310 165 1351 do)
194 1312 274 1343 clam
302 1312 413 1344 emisit
447 1313 612 1344 Philonem
648 1315 812 1355 quendam,

104 1361 202 1402 illum,
238 1364 291 1403 &a
342 1364 419 1402 Vel,
452 1374 494 1395 ex
526 1364 619 1396 Edit.
650 1365 813 1406 Romana,

103 1413 193 1454 (quae
210 1412 314 1445 habet
329 1420 503 1455 corrupte,
523 1417 601 1446 clam
624 1425 699 1455 erga
709 1415 736 1456 ;)
764 1417 812 1447 le·

102 1462 225 1502 gendo,
252 1465 340 1494 Clam
363 1474 436 1504 ergo
459 1465 600 1507 (emisit,
622 1466 670 1497 vel
693 1465 811 1497 emise-

103 1513 212 1555 runt,)
242 1514 404 1545 Philonem
432 1517 594 1556 quendam,
624 1516 722 1557 illum,
755 1517 808 1556 ὅγε.

103 1564 170 1595 Sed
197 1570 342 1606 praestat
368 1567 462 1607 prior
497 1567 613 1606 lectio,
643 1572 766 1607 utpote
791 1576 810 1598 a

103 1615 188 1647 Mss.
226 1616 427 1657 optimorum
463 1617 618 1658 vestigiis
657 1618 808 1658 propior.

106 1665 214 1697 Clark.
254 1667 342 1697 Clam
357 1669 518 1708 quemdam
535 1668 700 1699 Philonem
722 1669 810 1699 illum

103 1726 146 1747 ex
171 1716 288 1748 Ursini
318 1718 445 1750 Codice
469 1718 621 1760 reposuit
642 1719 807 1759 Scaliger.

101 1765 386 1810 Suffragaturque
416 1770 487 1811 ejus
515 1770 624 1802 codex
651 1774 684 1801 et
708 1770 806 1801 Leid.

102 1827 153 1859 pr.
181 1818 261 1860 (nisi
286 1820 377 1860 quod
405 1821 432 1852 is
459 1821 519 1852 det
545 1819 632 1861 illuc)
659 1826 694 1852 et
718 1821 807 1853 Edd.

102 1868 197 1901 Rom.
226 1870 349 1902 Venet.
375 1880 415 1901 ac
440 1871 582 1902 Mediol.
601 1881 676 1912 quae
705 1872 807 1903 inter-

100 1924 232 1959 ponunt
247 1930 334 1960 erga.
362 1921 495 1952 cuidam
506 1921 633 1953 Philoni
645 1922 692 1953 illi
708 1921 805 1954 Leid.

102 1978 170 2001 sec.
190 1970 338 2002 Dorvill.
357 1971 446 2003 Edd.
474 1971 553 2002 Ald.
581 1971 714 2013 Gryph.
732 1972 807 2003 Ma·

101 2024 173 2050 nut·
191 2021 255 2051 διε.
273 2022 403 2061 quodam
420 2021 549 2052 Philone
574 2022 627 2052 illo
642 2023 721 2054 Pet.
739 2023 806 2063 qui-

100 2071 167 2102 dem
180 2071 271 2103 Philo
286 2072 339 2103 ille
354 2072 440 2104 Edd.
453 2074 553 2105 Vasc.
569 2074 700 2114 Gryph.
718 2078 806 2115 post.

100 2120 218 2162 Steph.
244 2126 280 2153 et
299 2123 444 2156 Stradae.
490 2124 584 2155 Nihil
600 2129 704 2157 muto.
741 2126 806 2156 Re-

101 2176 239 2212 ceptum
269 2174 383 2214 potuit
415 2183 489 2206 esse
517 2176 661 2207 Caesaris
692 2176 806 2217 praesi-

100 2220 192 2252 dium
208 2223 285 2253 clam
312 2223 492 2261 Philonem
515 2225 604 2256 sicut
618 2225 675 2256 ille
692 2235 806 2257 rursus

100 2271 178 2302 clam
200 2272 350 2312 praesidia
375 2272 469 2314 (uam
494 2274 543 2305 ita
566 2274 694 2306 habent
719 2275 804 2306 Mss.

100 2322 178 2354 Urs.
208 2323 334 2364 Scalig.
360 2324 457 2355 Leid.
484 2334 535 2365 pr.
561 2325 708 2356 Dorvill.
736 2335 805 2356 nou

98 2372 272 2415 praesidio,)
299 2374 475 2415 profectus
499 2379 563 2406 est.
609 2375 697 2406 Vide
714 2375 756 2406 ad
773 2386 804 2408 c.

101 2426 132 2455 3.
157 2426 166 2441 ‘
184 2424 273 2456 clam
291 2424 473 2466 praesidia.’
512 2427 568 2456 Dc
597 2426 804 2467 repetitione

101 2478 179 2514 post
205 2475 432 2507 Parenthesin
454 2476 584 2518 egimus
601 2486 735 2518 quoque
762 2477 804 2509 ad

103 2523 142 2555 B.
159 2524 202 2557 G.
220 2534 245 2556 1.
263 2528 318 2556 55.

143 2576 162 2605 8
199 2575 371 2617 Praesidio]
405 2575 462 2607 Sic
497 2577 583 2609 Mss.
619 2581 655 2609 et
692 2578 803 2610 Editt.

101 2624 196 2657 Vett.
205 2625 359 2668 Scaliger
369 2628 506 2669 aliique,
514 2629 677 2669 praesidia.
695 2630 802 2661 Clark.

144 2676 183 2706 In
199 2677 398 2709 Lusitaniam
410 2679 636 2722 proficiscitur]
674 2680 802 2712 Deleri

103 2727 377 2766 praepositionem
392 2728 459 2761 fide
478 2731 565 2762 Mss.
577 2731 700 2762 Petav.
713 2732 801 2763 Scal.

104 2775 330 2819 Leidensium,
343 2779 451 2812 Dorv.
461 2779 544 2812 item
559 2780 649 2813 Edd.
663 2781 802 2814 Vascos.

1459 202 1572 246 1673

866 301 998 342 Gryph.
1031 301 1208 343 Stephani,
1237 304 1456 346 aliarumque.
1503 307 1573 339 Adi

864 353 1000 384 omnino
1028 358 1147 385 notata
1170 354 1212 384 ad
1241 355 1283 385 B.
1311 355 1355 386 G.
1378 364 1433 387 ιιι.
1457 359 1487 388 7.
1510 360 1518 374 ⁴
1538 359 1572 390 in

865 403 1041 444 Illyricum
1060 404 1236 444 profectus
1252 404 1327 436 est.’

910 457 947 484 ll
974 454 1143 494 Rei-ersus]
1165 455 1222 486 Sic
1238 455 1322 487 Mss.
1340 457 1424 497 Reg.
1443 463 1478 489 et
1489 457 1573 490 Vos.

864 503 918 534 sii.
974 503 1069 535 Editi
1107 504 1279 545 exhibent,
1316 506 1450 538 Rursus.
1504 508 1572 540 Sed

865 558 1008 593 praestat
1025 564 1078 594 ea,
1097 565 1197 596 quam
1215 557 1362 596 reposui,
1378 557 1482 589 lectio
1498 568 1506 596 ;
1536 564 1573 590 et

865 608 1009 644 propter
1045 610 1261 646 sequentem,
1288 608 1397 647 denuo,
1440 613 1475 640 et
1506 619 1572 650 quo

863 654 1025 694 Syntaxis
1060 655 1170 687 minus
1198 656 1258 689 fiat
1289 657 1412 689 hiulca.
1461 659 1571 690 Clark.

864 704 1044 737 Accedunt
1072 706 1229 738 Ciaccon.
1265 708 1360 740 Leid.
1386 718 1455 742 sec.
1482 710 1572 741 Dor-

863 754 932 786 vill.
964 760 1000 787 et
1033 756 1123 788 Edd.
1156 758 1296 790 Vascos.
1322 758 1455 800 Gryph.
1481 765 1570 800 post.

863 805 1024 846 Stephani
1048 811 1083 838 et
1109 807 1256 840 Stradae.
1304 809 1432 841 Omnes
1456 816 1571 842 autem

864 857 1008 889 Codices
1041 863 1159 890 carent
1189 861 1234 898 τῷ
1261 859 1311 890 in:
1353 859 1571 892 scribendum

863 907 1017 948 suspicor
1032 908 1190 949 Hispalim
1207 909 1239 940 in
1254 910 1411 951 oppidum.

905 962 1073 990 xxxv1.·2
1100 959 1204 1000 Quod]
1238 961 1368 993 Unicus
1394 962 1449 994 hic
1475 963 1571 994 locus

862 1014 915 1041 est
932 1010 964 1041 in
980 1010 1071 1041 hisce
1087 1011 1242 1042 omnibus
1258 1011 1380 1051 Libris,
1402 1012 1457 1044 ubi
1473 1023 1571 1045 voca-

864 1060 991 1099 bulum,
1007 1062 1098 1101 quod,
1125 1061 1187 1093 hoc
1214 1062 1406 1102 significatu
1433 1073 1572 1105 usurpe-

865 1115 931 1141 tur.
976 1111 1064 1142 Vide
1091 1121 1195 1152 supra
1220 1112 1263 1142 ad
1291 1113 1333 1144 B.
1361 1113 1434 1145 Civ.
1462 1123 1488 1146 1.
1515 1116 1569 1146 26.

866 1161 976 1190 Clark.

904 1211 924 1240 4
950 1209 1109 1250 Hispalim
1125 1212 1317 1252 oppugnare]
1351 1212 1452 1245 Joan.
1467 1213 1571 1245 Glan-

863 1259 1004 1300 dorpius
1019 1261 1177 1292 emendat
1191 1262 1352 1302 Hispalim
1363 1272 1572 1304 propugnare,

862 1320 925 1342 nec
950 1321 1031 1342 sane
1056 1313 1146 1343 mala
1171 1318 1225 1344 est
1246 1314 1467 1354 conjectura3
1491 1314 1570 1347 His-

863 1362 965 1402 palim
991 1362 1080 1393 enim
1108 1363 1142 1394 in
1169 1373 1229 1394 sua
1255 1368 1425 1404 potestate
1443 1364 1570 1396 habue-

862 1417 943 1443 runt
958 1412 1182 1453 Pompeiani:
1220 1414 1280 1446 sed
1298 1414 1410 1454 potior
1434 1420 1487 1446 est
1503 1415 1569 1447 Ms.

862 1463 1003 1495 Norvic.
1034 1465 1231 1506 auctoritas,
1259 1475 1301 1497 ex
1327 1476 1392 1507 quo
1419 1466 1570 1498 scriben-

862 1515 942 1546 dum
973 1516 1102 1557 Hispali
1136 1527 1289 1558 pugnare.
1333 1518 1432 1550 Joau.
1464 1518 1569 1550 etiam

864 1565 1027 1597 Goduinus
1048 1568 1134 1599 hanc
1158 1568 1340 1599 lectionem
1364 1568 1397 1599 in
1415 1577 1443 1599 11
1460 1568 1568 1600 codd.

859 1616 1038 1648 Thuanaeis
1055 1617 1225 1649 inventam
1248 1618 1372 1649 merito
1398 1618 1569 1659 probavit.

859 1665 970 1697 Davis.
988 1671 1023 1697 et
1042 1667 1149 1698 Clark.
1195 1667 1402 1708 Propugnure
1418 1668 1569 1709 adscrip-

861 1716 906 1747 sit
935 1726 1069 1758 quoque
1103 1718 1280 1748 Heinsius.
1335 1719 1401 1750 Sed
1439 1718 1569 1758 Hispali

855 1776 999 1806 pugnare
1025 1772 1140 1798 exstat
1167 1768 1199 1798 in
1225 1768 1347 1799 Petav.
1375 1774 1410 1799 et
1442 1769 1568 1808 Hispali

860 1817 1012 1848 occurrit
1040 1817 1143 1849 etiam
1170 1818 1204 1848 in
1236 1818 1331 1849 Leid.
1359 1829 1412 1859 pr.
1441 1819 1567 1850 Putem

858 1867 961 1900 fuisse
975 1869 1053 1900 olim
1069 1870 1198 1910 Hispali
1215 1871 1245 1900 in
1260 1870 1368 1910 oppido
1378 1880 1533 1911 pugnare.

901 1922 921 1950 9
944 1919 997 1950 Ita
1023 1920 1234 1961 irrumpendo]
1258 1922 1380 1952 Sensus
1397 1921 1498 1952 docet
1522 1921 1568 1951 le-

859 1969 1007 2010 gendum
1037 1970 1084 2000 ita
1114 1971 1307 2010 erumpendo,
1337 1970 1420 2001 licet
1451 1978 1566 2001 omnes

859 2024 986 2060 praeter
1002 2018 1057 2052 ed.
1072 2020 1239 2061 Stephan.
1257 2020 1431 2061 vulgatam
1448 2020 1566 2052 lectio-

858 2079 934 2100 nem
951 2069 1134 2102 retineant.
1159 2070 1271 2102 Daris.
1295 2076 1330 2101 et
1349 2072 1457 2102 Clark.
1497 2071 1565 2102 Re·

858 2120 978 2162 scripsi
995 2121 1207 2153 confidenter
1216 2124 1410 2163 erumpendo,
1423 2123 1568 2154 auctori-

859 2175 932 2203 tate
955 2172 1038 2204 Cod.
1055 2172 1152 2203 Leid.
1181 2182 1231 2213 pr.
1258 2177 1293 2204 et
1319 2174 1406 2204 Edd.
1425 2174 1566 2206 Vascos.

859 2222 989 2263 Gryph.
1007 2227 1098 2263 post.
1112 2232 1151 2254 ac
1163 2223 1314 2254 Stradae:
1341 2223 1383 2254 de
1399 2224 1462 2254 hac
1487 2233 1566 2255 con-

858 2272 991 2304 fusione
1005 2273 1083 2304 vide
1100 2274 1142 2304 ad
1159 2282 1225 2304 vu.
1242 2276 1299 2304 69!

902 2326 942 2354 10
966 2323 1172 2364 Detinentur]
1195 2324 1334 2354 Rectius
1351 2324 1475 2355 Vossii.
1493 2325 1562 2367 MS.

858 2378 894 2404 et
905 2372 992 2404 Edd.
1004 2373 1142 2404 vascos.
1155 2374 1271 2414 Steph.
1286 2374 1419 2414 Gryph.
1431 2375 1563 2407 Stradae

855 2422 1045 2453 distinemur
1059 2423 1129 2454 sive
1143 2423 1302 2463 occupati
1317 2428 1426 2455 erant.
1444 2434 1473 2455 c.
1488 2427 1539 2455 27.
1552 2434 1561 2456 z

856 2475 865 2490 ‘
882 2474 916 2505 in
943 2484 1046 2515 opere
1074 2473 1214 2506 distenti
1243 2474 1351 2506 sunt:'
1388 2480 1489 2516 atque
1514 2476 1563 2507 ita

856 2525 979 2566 passim
997 2525 1117 2556 Cicero
1132 2529 1167 2556 et
1180 2524 1247 2555 alii.

900 2578 941 2606 19
967 2575 1089 2606 Concisi
1115 2575 1303 2605 Mundenses
1325 2576 1426 2605 duces.
1445 2575 1562 2614 Caesar,

855 2626 922 2666 ssa]
945 2626 1106 2665 Omnino,
1122 2630 1252 2656 mutata
1268 2625 1500 2661 distinctione,
1519 2633 1562 2654 ex

856 2677 940 2709 Cod.
984 2676 1126 2708 Norvic.
1164 2674 1416 2706 rescribendum
1456 2673 1559 2705 occisi.

858 2728 1064 2766 Carteienses,
1086 2727 1158 2757 dum
1183 2726 1289 2756 Caesar
1312 2725 1344 2753 in
1359 2722 1471 2753 itinere
1489 2724 1561 2754 reli·

854 2788 914 2819 qna
925 2778 1037 2818 oppida
1050 2778 1219 2818 oppugnat,
1228 2777 1356 2815 propter·
1369 2774 1383 2804 ,1
1388 2774 1560 2816 ὀηιρειιυη,
