<?xml version="1.0" encoding="UTF-8"?>
<!DOCTYPE html PUBLIC "-//W3C//DTD XHTML 1.0 Transitional//EN"
    "http://www.w3.org/TR/xhtml1/DTD/xhtml1-transitional.dtd">
<html xmlns="http://www.w3.org/1999/xhtml" xml:lang="en" lang="en">
 <head>
  <title>
</title>
<meta http-equiv="Content-Type" content="text/html;charset=utf-8" />
  <meta name='ocr-system' content='tesseract 3.04.00' />
  <meta name='ocr-capabilities' content='ocr_page ocr_carea ocr_par ocr_line ocrx_word'/>
</head>
<body>
  <div class='ocr_page' id='page_1' title='image "./operaomniaexedit04caesuoft_0035.png"; bbox 0 0 1850 3109; ppageno 0'>
   <div class='ocr_carea' id='block_1_1' title="bbox 415 188 1305 232">
    <p class='ocr_par' dir='ltr' id='par_1_1' title="bbox 415 188 1305 232">
     <span class='ocr_line' id='line_1_1' title="bbox 415 188 1305 232; baseline 0.003 -3"><span class='ocrx_word' id='word_1_1' title='bbox 415 200 507 229; x_wconf 78' lang='lat' dir='ltr'>Lm.</span> <span class='ocrx_word' id='word_1_2' title='bbox 530 198 581 229; x_wconf 90' lang='lat'>11.</span> <span class='ocrx_word' id='word_1_3' title='bbox 613 198 719 228; x_wconf 82' lang='lat' dir='ltr'>GAP.</span> <span class='ocrx_word' id='word_1_4' title='bbox 744 188 815 229; x_wconf 87' lang='lat'>31.</span> <span class='ocrx_word' id='word_1_5' title='bbox 850 199 911 229; x_wconf 78' lang='lat' dir='ltr'>nn</span> <span class='ocrx_word' id='word_1_6' title='bbox 946 199 1100 230; x_wconf 66' lang='lat' dir='ltr'>nunno</span> <span class='ocrx_word' id='word_1_7' title='bbox 1133 202 1305 232; x_wconf 77' lang='lat' dir='ltr'>eivim.</span> 
     </span>
    </p>
   </div>
   <div class='ocr_carea' id='block_1_2' title="bbox 103 289 829 2848">
    <p class='ocr_par' dir='ltr' id='par_1_2' title="bbox 129 289 829 623">
     <span class='ocr_line' id='line_1_2' title="bbox 133 289 827 332; baseline 0 -10"><span class='ocrx_word' id='word_1_8' title='bbox 133 295 196 322; x_wconf 79' lang='lat' dir='ltr'>tem</span> <span class='ocrx_word' id='word_1_9' title='bbox 224 290 398 332; x_wconf 62' lang='lat' dir='ltr'>praestat?</span> <span class='ocrx_word' id='word_1_10' title='bbox 441 290 497 321; x_wconf 90' lang='lat' dir='ltr'>ubi</span> <span class='ocrx_word' id='word_1_11' title='bbox 526 289 604 320; x_wconf 89' lang='lat' dir='ltr'>vide</span> <span class='ocrx_word' id='word_1_12' title='bbox 638 290 827 322; x_wconf 84' lang='lat' dir='ltr'>Comment.</span> 
     </span>
     <span class='ocr_line' id='line_1_3' title="bbox 134 340 828 382; baseline 0 -10"><span class='ocrx_word' id='word_1_13' title='bbox 134 342 303 382; x_wconf 78' lang='lat' dir='ltr'>Deinceps</span> <span class='ocrx_word' id='word_1_14' title='bbox 319 340 445 371; x_wconf 89' lang='lat' dir='ltr'>veroin</span> <span class='ocrx_word' id='word_1_15' title='bbox 467 340 587 371; x_wconf 86' lang='lat' dir='ltr'>Petav.</span> <span class='ocrx_word' id='word_1_16' title='bbox 605 344 641 371; x_wconf 86' lang='lat' dir='ltr'>et</span> <span class='ocrx_word' id='word_1_17' title='bbox 656 340 755 371; x_wconf 88' lang='lat' dir='ltr'>Leid.</span> <span class='ocrx_word' id='word_1_18' title='bbox 777 351 828 381; x_wconf 88' lang='lat' dir='ltr'>pr.</span> 
     </span>
     <span class='ocr_line' id='line_1_4' title="bbox 130 391 829 432; baseline -0.001 -8"><span class='ocrx_word' id='word_1_19' title='bbox 130 397 288 424; x_wconf 78' lang='lat' dir='ltr'>exaratur</span> <span class='ocrx_word' id='word_1_20' title='bbox 301 391 397 432; x_wconf 82' lang='lat' dir='ltr'>subpl.</span> <span class='ocrx_word' id='word_1_21' title='bbox 411 393 542 431; x_wconf 82' lang='lat' dir='ltr'><em>perpeti.</em></span> <span class='ocrx_word' id='word_1_22' title='bbox 568 392 686 431; x_wconf 78' lang='lat' dir='ltr'>Erant,</span> <span class='ocrx_word' id='word_1_23' title='bbox 705 392 829 423; x_wconf 80' lang='lat' dir='ltr'>omissa</span> 
     </span>
     <span class='ocr_line' id='line_1_5' title="bbox 130 441 828 482; baseline 0 -9"><span class='ocrx_word' id='word_1_24' title='bbox 130 442 248 474; x_wconf 84' lang='lat' dir='ltr'>vocula</span> <span class='ocrx_word' id='word_1_25' title='bbox 267 450 379 481; x_wconf 79' lang='lat' dir='ltr'>porro.-</span> <span class='ocrx_word' id='word_1_26' title='bbox 402 441 508 471; x_wconf 83' lang='lat' dir='ltr'>multo</span> <span class='ocrx_word' id='word_1_27' title='bbox 535 441 725 480; x_wconf 81' lang='lat' dir='ltr'>elegantius</span> <span class='ocrx_word' id='word_1_28' title='bbox 754 452 828 482; x_wconf 89' lang='lat' dir='ltr'>pro-</span> 
     </span>
     <span class='ocr_line' id='line_1_6' title="bbox 130 490 825 523; baseline 0 0"><span class='ocrx_word' id='word_1_29' title='bbox 130 490 232 523; x_wconf 80' lang='lat' dir='ltr'>fecto.</span> <span class='ocrx_word' id='word_1_30' title='bbox 287 490 375 521; x_wconf 87' lang='lat' dir='ltr'><strong>Item</strong></span> <span class='ocrx_word' id='word_1_31' title='bbox 407 491 550 522; x_wconf 84' lang='lat' dir='ltr'>Cornelia</span> <span class='ocrx_word' id='word_1_32' title='bbox 575 491 701 522; x_wconf 85' lang='lat' dir='ltr'>Petav.</span> <span class='ocrx_word' id='word_1_33' title='bbox 730 492 825 523; x_wconf 80' lang='lat' dir='ltr'>Leid.</span> 
     </span>
     <span class='ocr_line' id='line_1_7' title="bbox 129 541 824 581; baseline 0 -9"><span class='ocrx_word' id='word_1_34' title='bbox 129 551 178 581; x_wconf 90' lang='lat' dir='ltr'>pr.</span> <span class='ocrx_word' id='word_1_35' title='bbox 201 541 324 581; x_wconf 84' lang='lat' dir='ltr'>Scalig.</span> <span class='ocrx_word' id='word_1_36' title='bbox 361 541 471 572; x_wconf 84' lang='lat' dir='ltr'>Palat.</span> <span class='ocrx_word' id='word_1_37' title='bbox 490 541 586 573; x_wconf 81' lang='lat' dir='ltr'>Voss.</span> <span class='ocrx_word' id='word_1_38' title='bbox 617 547 652 573; x_wconf 92' lang='lat' dir='ltr'>et</span> <span class='ocrx_word' id='word_1_39' title='bbox 678 543 824 574; x_wconf 91' lang='lat' dir='ltr'>Dorvill.</span> 
     </span>
     <span class='ocr_line' id='line_1_8' title="bbox 131 590 449 623; baseline 0.003 -1"><span class='ocrx_word' id='word_1_40' title='bbox 131 590 265 622; x_wconf 81' lang='lat' dir='ltr'>Rectius</span> <span class='ocrx_word' id='word_1_41' title='bbox 283 591 336 622; x_wconf 90' lang='lat' dir='ltr'>adi</span> <span class='ocrx_word' id='word_1_42' title='bbox 352 601 381 623; x_wconf 89' lang='lat' dir='ltr'>c.</span> <span class='ocrx_word' id='word_1_43' title='bbox 397 594 449 623; x_wconf 76' lang='lat'>24.</span> 
     </span>
    </p>

    <p class='ocr_par' dir='ltr' id='par_1_3' title="bbox 123 644 825 988">
     <span class='ocr_line' id='line_1_9' title="bbox 168 644 825 686; baseline 0.002 -12"><span class='ocrx_word' id='word_1_44' title='bbox 168 652 271 674; x_wconf 76' lang='lat' dir='ltr'>xxxi.</span> <span class='ocrx_word' id='word_1_45' title='bbox 289 648 306 675; x_wconf 87' lang='lat'><strong><em>5</em></strong></span> <span class='ocrx_word' id='word_1_46' title='bbox 333 645 520 684; x_wconf 71' lang='lat' dir='ltr'>Expugnari</span> <span class='ocrx_word' id='word_1_47' title='bbox 531 654 618 685; x_wconf 83' lang='lat' dir='ltr'>posse</span> <span class='ocrx_word' id='word_1_48' title='bbox 631 644 825 686; x_wconf 81' lang='lat' dir='ltr'>confidimus]</span> 
     </span>
     <span class='ocr_line' id='line_1_10' title="bbox 126 694 823 734; baseline 0 -9"><span class='ocrx_word' id='word_1_49' title='bbox 126 694 276 725; x_wconf 83' lang='lat' dir='ltr'>Mediam</span> <span class='ocrx_word' id='word_1_50' title='bbox 292 704 408 726; x_wconf 84' lang='lat' dir='ltr'>vocem</span> <span class='ocrx_word' id='word_1_51' title='bbox 427 695 538 726; x_wconf 89' lang='lat' dir='ltr'>omisit</span> <span class='ocrx_word' id='word_1_52' title='bbox 562 695 635 727; x_wconf 81' lang='lat' dir='ltr'>JOS.</span> <span class='ocrx_word' id='word_1_53' title='bbox 659 694 823 734; x_wconf 80' lang='lat' dir='ltr'>Scaliger,</span> 
     </span>
     <span class='ocr_line' id='line_1_11' title="bbox 126 745 824 786; baseline 0.003 -12"><span class='ocrx_word' id='word_1_54' title='bbox 126 754 236 785; x_wconf 84' lang='lat' dir='ltr'>quam,</span> <span class='ocrx_word' id='word_1_55' title='bbox 261 745 407 776; x_wconf 88' lang='lat' dir='ltr'>omnium</span> <span class='ocrx_word' id='word_1_56' title='bbox 440 745 606 777; x_wconf 85' lang='lat' dir='ltr'>Codicum</span> <span class='ocrx_word' id='word_1_57' title='bbox 635 746 824 786; x_wconf 83' lang='lat' dir='ltr'>voluntate,</span> 
     </span>
     <span class='ocr_line' id='line_1_12' title="bbox 126 795 823 828; baseline 0.003 -3"><span class='ocrx_word' id='word_1_58' title='bbox 126 795 367 827; x_wconf 89' lang='lat' dir='ltr'>revocavimus.</span> <span class='ocrx_word' id='word_1_59' title='bbox 414 796 524 827; x_wconf 76' lang='lat' dir='ltr'>Davis.</span> <span class='ocrx_word' id='word_1_60' title='bbox 543 801 578 828; x_wconf 85' lang='lat' dir='ltr'>et</span> <span class='ocrx_word' id='word_1_61' title='bbox 598 796 707 828; x_wconf 74' lang='lat' dir='ltr'>Clark.</span> <span class='ocrx_word' id='word_1_62' title='bbox 752 796 823 827; x_wconf 88' lang='lat' dir='ltr'>Ab·</span> 
     </span>
     <span class='ocr_line' id='line_1_13' title="bbox 125 847 821 887; baseline 0.001 -10"><span class='ocrx_word' id='word_1_63' title='bbox 125 850 177 877; x_wconf 85' lang='lat' dir='ltr'>est</span> <span class='ocrx_word' id='word_1_64' title='bbox 202 850 314 877; x_wconf 87' lang='lat' dir='ltr'>tamen</span> <span class='ocrx_word' id='word_1_65' title='bbox 340 857 404 878; x_wconf 84' lang='lat' dir='ltr'>vox</span> <span class='ocrx_word' id='word_1_66' title='bbox 431 857 519 887; x_wconf 82' lang='lat' dir='ltr'>posse</span> <span class='ocrx_word' id='word_1_67' title='bbox 547 857 568 878; x_wconf 90' lang='lat' dir='ltr'>a</span> <span class='ocrx_word' id='word_1_68' title='bbox 599 847 707 879; x_wconf 86' lang='lat' dir='ltr'>Codd.</span> <span class='ocrx_word' id='word_1_69' title='bbox 725 847 821 879; x_wconf 83' lang='lat' dir='ltr'>Carr.</span> 
     </span>
     <span class='ocr_line' id='line_1_14' title="bbox 123 896 822 930; baseline 0.004 -4"><span class='ocrx_word' id='word_1_70' title='bbox 123 896 219 927; x_wconf 83' lang='lat' dir='ltr'>voss.</span> <span class='ocrx_word' id='word_1_71' title='bbox 237 901 272 928; x_wconf 90' lang='lat' dir='ltr'>et</span> <span class='ocrx_word' id='word_1_72' title='bbox 294 897 356 930; x_wconf 87' lang='lat' dir='ltr'>Ed.</span> <span class='ocrx_word' id='word_1_73' title='bbox 385 897 476 929; x_wconf 89' lang='lat' dir='ltr'>Flor.</span> <span class='ocrx_word' id='word_1_74' title='bbox 499 907 564 929; x_wconf 88' lang='lat' dir='ltr'>nec</span> <span class='ocrx_word' id='word_1_75' title='bbox 591 898 688 929; x_wconf 88' lang='lat' dir='ltr'>male.</span> <span class='ocrx_word' id='word_1_76' title='bbox 733 898 822 930; x_wconf 64' lang='lat' dir='ltr'>vide</span> 
     </span>
     <span class='ocr_line' id='line_1_15' title="bbox 123 948 762 988; baseline 0.003 -10"><span class='ocrx_word' id='word_1_77' title='bbox 123 951 249 988; x_wconf 76' lang='lat' dir='ltr'>praeter</span> <span class='ocrx_word' id='word_1_78' title='bbox 266 948 331 978; x_wconf 86' lang='lat' dir='ltr'>alia</span> <span class='ocrx_word' id='word_1_79' title='bbox 347 958 406 979; x_wconf 82' lang='lat' dir='ltr'>nos</span> <span class='ocrx_word' id='word_1_80' title='bbox 423 948 463 979; x_wconf 92' lang='lat' dir='ltr'>ad</span> <span class='ocrx_word' id='word_1_81' title='bbox 475 949 516 979; x_wconf 92' lang='lat' dir='ltr'>B.</span> <span class='ocrx_word' id='word_1_82' title='bbox 532 949 623 980; x_wconf 85' lang='lat' dir='ltr'>Gall.</span> <span class='ocrx_word' id='word_1_83' title='bbox 640 958 696 980; x_wconf 83' lang='lat'>111.</span> <span class='ocrx_word' id='word_1_84' title='bbox 710 952 762 981; x_wconf 85' lang='grc'><strong>13.</strong></span> 
     </span>
    </p>

    <p class='ocr_par' dir='ltr' id='par_1_4' title="bbox 103 999 820 2494">
     <span class='ocr_line' id='line_1_16' title="bbox 166 999 820 1040; baseline 0.003 -11"><span class='ocrx_word' id='word_1_85' title='bbox 166 1001 205 1029; x_wconf 84' lang='grc'>12</span> <span class='ocrx_word' id='word_1_86' title='bbox 250 999 335 1030; x_wconf 80' lang='lat' dir='ltr'>Nam</span> <span class='ocrx_word' id='word_1_87' title='bbox 363 1009 457 1039; x_wconf 78' lang='lat' dir='ltr'>neque</span> <span class='ocrx_word' id='word_1_88' title='bbox 482 1000 647 1039; x_wconf 78' lang='lat' dir='ltr'><strong><em>prudentes</em></strong></span> <span class='ocrx_word' id='word_1_89' title='bbox 671 999 820 1040; x_wconf 77' lang='lat' dir='ltr'>suspicari</span> 
     </span>
     <span class='ocr_line' id='line_1_17' title="bbox 120 1048 819 1090; baseline 0.003 -11"><span class='ocrx_word' id='word_1_90' title='bbox 120 1048 254 1088; x_wconf 78' lang='lat' dir='ltr'>oportet]</span> <span class='ocrx_word' id='word_1_91' title='bbox 280 1049 465 1090; x_wconf 87' lang='lat' dir='ltr'>Reponunt</span> <span class='ocrx_word' id='word_1_92' title='bbox 488 1049 640 1080; x_wconf 87' lang='lat' dir='ltr'>nonnulli</span> <span class='ocrx_word' id='word_1_93' title='bbox 652 1052 819 1090; x_wconf 79' lang='lat' dir='ltr'>pudentes.-</span> 
     </span>
     <span class='ocr_line' id='line_1_18' title="bbox 119 1100 818 1140; baseline 0.004 -11"><span class='ocrx_word' id='word_1_94' title='bbox 119 1103 158 1130; x_wconf 90' lang='lat' dir='ltr'>ut</span> <span class='ocrx_word' id='word_1_95' title='bbox 170 1103 266 1130; x_wconf 88' lang='lat' dir='ltr'>notet</span> <span class='ocrx_word' id='word_1_96' title='bbox 281 1109 320 1130; x_wconf 91' lang='lat' dir='ltr'>ea</span> <span class='ocrx_word' id='word_1_97' title='bbox 334 1109 398 1131; x_wconf 85' lang='lat' dir='ltr'>vox</span> <span class='ocrx_word' id='word_1_98' title='bbox 417 1100 571 1138; x_wconf 88' lang='lat' dir='ltr'>militem,</span> <span class='ocrx_word' id='word_1_99' title='bbox 587 1101 643 1140; x_wconf 87' lang='lat' dir='ltr'>qui</span> <span class='ocrx_word' id='word_1_100' title='bbox 665 1110 818 1132; x_wconf 89' lang='lat' dir='ltr'>reveren-</span> 
     </span>
     <span class='ocr_line' id='line_1_19' title="bbox 120 1148 818 1191; baseline 0.006 -12"><span class='ocrx_word' id='word_1_101' title='bbox 120 1148 202 1179; x_wconf 87' lang='lat' dir='ltr'>tiam</span> <span class='ocrx_word' id='word_1_102' title='bbox 226 1149 427 1180; x_wconf 83' lang='lat' dir='ltr'>sacramenti</span> <span class='ocrx_word' id='word_1_103' title='bbox 458 1150 594 1180; x_wconf 86' lang='lat' dir='ltr'>retinet.</span> <span class='ocrx_word' id='word_1_104' title='bbox 650 1151 722 1191; x_wconf 84' lang='lat' dir='ltr'>Ego</span> <span class='ocrx_word' id='word_1_105' title='bbox 753 1152 818 1183; x_wconf 84' lang='lat' dir='ltr'>etsi</span> 
     </span>
     <span class='ocr_line' id='line_1_20' title="bbox 119 1199 817 1242; baseline 0.004 -12"><span class='ocrx_word' id='word_1_106' title='bbox 119 1199 223 1230; x_wconf 89' lang='lat' dir='ltr'>sciam</span> <span class='ocrx_word' id='word_1_107' title='bbox 249 1200 434 1240; x_wconf 81' lang='lat' dir='ltr'>pudentem</span> <span class='ocrx_word' id='word_1_108' title='bbox 460 1205 496 1232; x_wconf 89' lang='lat' dir='ltr'>et</span> <span class='ocrx_word' id='word_1_109' title='bbox 520 1201 729 1241; x_wconf 82' lang='lat' dir='ltr'>petulantem</span> <span class='ocrx_word' id='word_1_110' title='bbox 758 1212 817 1242; x_wconf 90' lang='lat' dir='ltr'>op-</span> 
     </span>
     <span class='ocr_line' id='line_1_21' title="bbox 120 1251 817 1293; baseline 0.003 -12"><span class='ocrx_word' id='word_1_111' title='bbox 120 1251 219 1290; x_wconf 84' lang='lat' dir='ltr'>poni:</span> <span class='ocrx_word' id='word_1_112' title='bbox 236 1255 349 1282; x_wconf 87' lang='lat' dir='ltr'>tamen</span> <span class='ocrx_word' id='word_1_113' title='bbox 366 1251 636 1282; x_wconf 84' lang='lat' dir='ltr'>emendationem</span> <span class='ocrx_word' id='word_1_114' title='bbox 652 1261 724 1283; x_wconf 87' lang='lat' dir='ltr'>eam</span> <span class='ocrx_word' id='word_1_115' title='bbox 741 1262 817 1293; x_wconf 84' lang='lat' dir='ltr'>pro-</span> 
     </span>
     <span class='ocr_line' id='line_1_22' title="bbox 118 1299 816 1343; baseline 0.004 -12"><span class='ocrx_word' id='word_1_116' title='bbox 118 1299 198 1332; x_wconf 83' lang='lat' dir='ltr'>bare</span> <span class='ocrx_word' id='word_1_117' title='bbox 227 1310 371 1342; x_wconf 85' lang='lat' dir='ltr'>nequeo.</span> <span class='ocrx_word' id='word_1_118' title='bbox 438 1302 493 1333; x_wconf 86' lang='lat' dir='ltr'>Ne</span> <span class='ocrx_word' id='word_1_119' title='bbox 519 1302 657 1342; x_wconf 82' lang='lat' dir='ltr'>vulgata</span> <span class='ocrx_word' id='word_1_120' title='bbox 680 1303 816 1343; x_wconf 86' lang='lat' dir='ltr'>quidem</span> 
     </span>
     <span class='ocr_line' id='line_1_23' title="bbox 118 1351 816 1394; baseline 0.006 -13"><span class='ocrx_word' id='word_1_121' title='bbox 118 1351 199 1382; x_wconf 70' lang='lat' dir='ltr'>satis</span> <span class='ocrx_word' id='word_1_122' title='bbox 214 1352 363 1394; x_wconf 75' lang='lat' dir='ltr'>placent,</span> <span class='ocrx_word' id='word_1_123' title='bbox 375 1352 502 1383; x_wconf 88' lang='lat' dir='ltr'>habent</span> <span class='ocrx_word' id='word_1_124' title='bbox 514 1356 626 1383; x_wconf 89' lang='lat' dir='ltr'>tamen</span> <span class='ocrx_word' id='word_1_125' title='bbox 639 1353 687 1384; x_wconf 91' lang='lat' dir='ltr'>ita</span> <span class='ocrx_word' id='word_1_126' title='bbox 701 1363 816 1385; x_wconf 89' lang='lat' dir='ltr'>omnes</span> 
     </span>
     <span class='ocr_line' id='line_1_24' title="bbox 117 1401 815 1436; baseline 0.007 -5"><span class='ocrx_word' id='word_1_127' title='bbox 117 1401 261 1434; x_wconf 85' lang='lat' dir='ltr'>codices.</span> <span class='ocrx_word' id='word_1_128' title='bbox 304 1402 434 1434; x_wconf 81' lang='lat' dir='ltr'>Vossius.</span> <span class='ocrx_word' id='word_1_129' title='bbox 493 1403 545 1433; x_wconf 79' lang='lat' dir='ltr'>Ex</span> <span class='ocrx_word' id='word_1_130' title='bbox 579 1403 673 1434; x_wconf 85' lang='lat' dir='ltr'>Msto</span> <span class='ocrx_word' id='word_1_131' title='bbox 704 1404 815 1436; x_wconf 83' lang='lat' dir='ltr'>Ursin.</span> 
     </span>
     <span class='ocr_line' id='line_1_25' title="bbox 118 1452 815 1493; baseline 0.007 -12"><span class='ocrx_word' id='word_1_132' title='bbox 118 1452 252 1483; x_wconf 73' lang='lat' dir='ltr'>restitui</span> <span class='ocrx_word' id='word_1_133' title='bbox 263 1453 424 1492; x_wconf 78' lang='lat' dir='ltr'>pudenteS,</span> <span class='ocrx_word' id='word_1_134' title='bbox 440 1452 607 1493; x_wconf 81' lang='lat' dir='ltr'>probante</span> <span class='ocrx_word' id='word_1_135' title='bbox 622 1453 700 1485; x_wconf 86' lang='lat' dir='ltr'>Pet.</span> <span class='ocrx_word' id='word_1_136' title='bbox 718 1454 815 1486; x_wconf 87' lang='lat' dir='ltr'>Ciac-</span> 
     </span>
     <span class='ocr_line' id='line_1_26' title="bbox 117 1502 815 1544; baseline 0.006 -12"><span class='ocrx_word' id='word_1_137' title='bbox 117 1502 224 1532; x_wconf 92' lang='lat' dir='ltr'>conio.</span> <span class='ocrx_word' id='word_1_138' title='bbox 270 1502 311 1533; x_wconf 89' lang='lat' dir='ltr'>In</span> <span class='ocrx_word' id='word_1_139' title='bbox 338 1503 412 1534; x_wconf 86' lang='lat' dir='ltr'>aliis</span> <span class='ocrx_word' id='word_1_140' title='bbox 437 1503 529 1534; x_wconf 92' lang='lat' dir='ltr'>nullo</span> <span class='ocrx_word' id='word_1_141' title='bbox 556 1514 693 1544; x_wconf 85' lang='lat' dir='ltr'>prorsus</span> <span class='ocrx_word' id='word_1_142' title='bbox 714 1515 815 1536; x_wconf 80' lang='lat' dir='ltr'>sensu</span> 
     </span>
     <span class='ocr_line' id='line_1_27' title="bbox 115 1551 814 1594; baseline 0.01 -13"><span class='ocrx_word' id='word_1_143' title='bbox 115 1551 291 1592; x_wconf 84' lang='lat' dir='ltr'>legebatur</span> <span class='ocrx_word' id='word_1_144' title='bbox 303 1555 471 1593; x_wconf 79' lang='lat' dir='ltr'>prudentes</span> <span class='ocrx_word' id='word_1_145' title='bbox 481 1555 645 1594; x_wconf 81' lang='lat' dir='ltr'>suspicari.</span> <span class='ocrx_word' id='word_1_146' title='bbox 691 1556 814 1587; x_wconf 84' lang='lat' dir='ltr'>Puden-</span> 
     </span>
     <span class='ocr_line' id='line_1_28' title="bbox 112 1601 813 1646; baseline 0.009 -15"><span class='ocrx_word' id='word_1_147' title='bbox 112 1604 158 1632; x_wconf 82' lang='lat' dir='ltr'>tes</span> <span class='ocrx_word' id='word_1_148' title='bbox 177 1601 387 1643; x_wconf 80' lang='lat' dir='ltr'>interpreter</span> <span class='ocrx_word' id='word_1_149' title='bbox 405 1604 588 1643; x_wconf 86' lang='lat' dir='ltr'>modestos,</span> <span class='ocrx_word' id='word_1_150' title='bbox 616 1605 813 1646; x_wconf 81' lang='lat' dir='ltr'>imperatori</span> 
     </span>
     <span class='ocr_line' id='line_1_29' title="bbox 113 1651 812 1695; baseline 0.007 -14"><span class='ocrx_word' id='word_1_151' title='bbox 113 1651 312 1692; x_wconf 84' lang='lat' dir='ltr'>morigeros,</span> <span class='ocrx_word' id='word_1_152' title='bbox 338 1656 374 1683; x_wconf 88' lang='lat' dir='ltr'>et</span> <span class='ocrx_word' id='word_1_153' title='bbox 389 1654 590 1685; x_wconf 83' lang='lat' dir='ltr'>sacramenti</span> <span class='ocrx_word' id='word_1_154' title='bbox 613 1655 812 1695; x_wconf 83' lang='lat' dir='ltr'>religionem</span> 
     </span>
     <span class='ocr_line' id='line_1_30' title="bbox 114 1703 812 1744; baseline 0.007 -13"><span class='ocrx_word' id='word_1_155' title='bbox 114 1706 303 1733; x_wconf 82' lang='lat' dir='ltr'>servantes.</span> <span class='ocrx_word' id='word_1_156' title='bbox 362 1703 392 1733; x_wconf 89' lang='lat' dir='ltr'>E</span> <span class='ocrx_word' id='word_1_157' title='bbox 418 1703 589 1734; x_wconf 83' lang='lat' dir='ltr'>contrario</span> <span class='ocrx_word' id='word_1_158' title='bbox 615 1714 671 1735; x_wconf 82' lang='lat' dir='ltr'>eos</span> <span class='ocrx_word' id='word_1_159' title='bbox 700 1706 812 1744; x_wconf 89' lang='lat' dir='ltr'>paullo</span> 
     </span>
     <span class='ocr_line' id='line_1_31' title="bbox 113 1752 810 1794; baseline 0.009 -13"><span class='ocrx_word' id='word_1_160' title='bbox 113 1756 191 1791; x_wconf 89' lang='lat' dir='ltr'>post</span> <span class='ocrx_word' id='word_1_161' title='bbox 221 1755 321 1783; x_wconf 88' lang='lat' dir='ltr'>vocat</span> <span class='ocrx_word' id='word_1_162' title='bbox 347 1752 510 1793; x_wconf 83' lang='lat' dir='ltr'>improbos,</span> <span class='ocrx_word' id='word_1_163' title='bbox 537 1754 593 1794; x_wconf 87' lang='lat' dir='ltr'>qui</span> <span class='ocrx_word' id='word_1_164' title='bbox 625 1755 810 1787; x_wconf 79' lang='lat' dir='ltr'>seditiones</span> 
     </span>
     <span class='ocr_line' id='line_1_32' title="bbox 113 1801 811 1843; baseline 0.009 -13"><span class='ocrx_word' id='word_1_165' title='bbox 113 1801 320 1841; x_wconf 75' lang='lat' dir='ltr'>excitarunt,</span> <span class='ocrx_word' id='word_1_166' title='bbox 340 1801 507 1843; x_wconf 86' lang='lat' dir='ltr'>fidemque</span> <span class='ocrx_word' id='word_1_167' title='bbox 524 1804 636 1835; x_wconf 87' lang='lat' dir='ltr'>datam</span> <span class='ocrx_word' id='word_1_168' title='bbox 654 1805 747 1836; x_wconf 82' lang='lat' dir='ltr'>nihili</span> <span class='ocrx_word' id='word_1_169' title='bbox 763 1805 811 1836; x_wconf 87' lang='lat' dir='ltr'>fe-</span> 
     </span>
     <span class='ocr_line' id='line_1_33' title="bbox 111 1852 808 1887; baseline 0.009 -6"><span class='ocrx_word' id='word_1_170' title='bbox 111 1860 200 1882; x_wconf 86' lang='lat' dir='ltr'>cere.</span> <span class='ocrx_word' id='word_1_171' title='bbox 224 1852 336 1882; x_wconf 80' lang='lat' dir='ltr'>Davis.</span> <span class='ocrx_word' id='word_1_172' title='bbox 383 1852 466 1883; x_wconf 89' lang='lat' dir='ltr'>Cum</span> <span class='ocrx_word' id='word_1_173' title='bbox 485 1854 629 1885; x_wconf 83' lang='lat' dir='ltr'>Davisio</span> <span class='ocrx_word' id='word_1_174' title='bbox 645 1854 808 1887; x_wconf 82' lang='lat' dir='ltr'>facitMs.</span> 
     </span>
     <span class='ocr_line' id='line_1_34' title="bbox 112 1901 808 1947; baseline 0.01 -16"><span class='ocrx_word' id='word_1_175' title='bbox 112 1901 248 1941; x_wconf 83' lang='lat' dir='ltr'>Regius.</span> <span class='ocrx_word' id='word_1_176' title='bbox 295 1903 339 1933; x_wconf 90' lang='lat' dir='ltr'>D.</span> <span class='ocrx_word' id='word_1_177' title='bbox 365 1903 505 1935; x_wconf 82' lang='lat' dir='ltr'>Vossius</span> <span class='ocrx_word' id='word_1_178' title='bbox 534 1915 600 1936; x_wconf 89' lang='lat' dir='ltr'>non</span> <span class='ocrx_word' id='word_1_179' title='bbox 628 1907 808 1947; x_wconf 84' lang='lat' dir='ltr'>approbat,</span> 
     </span>
     <span class='ocr_line' id='line_1_35' title="bbox 110 1952 808 1996; baseline 0.01 -15"><span class='ocrx_word' id='word_1_180' title='bbox 110 1952 187 1992; x_wconf 83' lang='lat' dir='ltr'>quia</span> <span class='ocrx_word' id='word_1_181' title='bbox 205 1952 238 1983; x_wconf 90' lang='lat' dir='ltr'>in</span> <span class='ocrx_word' id='word_1_182' title='bbox 254 1953 356 1983; x_wconf 90' lang='lat' dir='ltr'>nullis</span> <span class='ocrx_word' id='word_1_183' title='bbox 371 1954 545 1985; x_wconf 89' lang='lat' dir='ltr'>codicibus</span> <span class='ocrx_word' id='word_1_184' title='bbox 564 1957 706 1996; x_wconf 87' lang='lat' dir='ltr'>reperiri</span> <span class='ocrx_word' id='word_1_185' title='bbox 721 1958 808 1988; x_wconf 83' lang='lat' dir='ltr'>exis-</span> 
     </span>
     <span class='ocr_line' id='line_1_36' title="bbox 110 2001 805 2047; baseline 0.01 -16"><span class='ocrx_word' id='word_1_186' title='bbox 110 2001 251 2034; x_wconf 85' lang='lat' dir='ltr'>timavit.</span> <span class='ocrx_word' id='word_1_187' title='bbox 295 2003 362 2034; x_wconf 88' lang='lat' dir='ltr'>Sed</span> <span class='ocrx_word' id='word_1_188' title='bbox 380 2003 461 2034; x_wconf 89' lang='lat' dir='ltr'>ineo</span> <span class='ocrx_word' id='word_1_189' title='bbox 477 2003 578 2036; x_wconf 86' lang='lat' dir='ltr'>falsus</span> <span class='ocrx_word' id='word_1_190' title='bbox 596 2008 658 2037; x_wconf 76' lang='lat' dir='ltr'>e‘st.</span> <span class='ocrx_word' id='word_1_191' title='bbox 682 2007 805 2047; x_wconf 80' lang='lat' dir='ltr'>Vulgg.</span> 
     </span>
     <span class='ocr_line' id='line_1_37' title="bbox 108 2049 808 2091; baseline 0.01 -10"><span class='ocrx_word' id='word_1_192' title='bbox 108 2049 234 2082; x_wconf 82' lang='lat' dir='ltr'>habent</span> <span class='ocrx_word' id='word_1_193' title='bbox 259 2054 436 2091; x_wconf 58' lang='lat' dir='ltr'>prudentes.</span> <span class='ocrx_word' id='word_1_194' title='bbox 484 2055 590 2086; x_wconf 75' lang='lat' dir='ltr'>Clark.</span> <span class='ocrx_word' id='word_1_195' title='bbox 649 2056 808 2088; x_wconf 77' lang='lat' dir='ltr'>Pudente-s</span> 
     </span>
     <span class='ocr_line' id='line_1_38' title="bbox 108 2100 805 2139; baseline 0.013 -9"><span class='ocrx_word' id='word_1_196' title='bbox 108 2100 325 2132; x_wconf 73' lang='lat' dir='ltr'>confirmatur</span> <span class='ocrx_word' id='word_1_197' title='bbox 355 2108 390 2134; x_wconf 88' lang='lat' dir='ltr'>et</span> <span class='ocrx_word' id='word_1_198' title='bbox 419 2113 438 2134; x_wconf 88' lang='lat' dir='ltr'>a</span> <span class='ocrx_word' id='word_1_199' title='bbox 469 2105 580 2136; x_wconf 88' lang='lat' dir='ltr'>Palat.</span> <span class='ocrx_word' id='word_1_200' title='bbox 615 2106 699 2137; x_wconf 89' lang='lat' dir='ltr'>Cod.</span> <span class='ocrx_word' id='word_1_201' title='bbox 734 2108 805 2139; x_wconf 87' lang='lat' dir='ltr'>Cic.</span> 
     </span>
     <span class='ocr_line' id='line_1_39' title="bbox 108 2150 805 2197; baseline 0.011 -16"><span class='ocrx_word' id='word_1_202' title='bbox 108 2150 199 2182; x_wconf 87' lang='lat' dir='ltr'>Fam.</span> <span class='ocrx_word' id='word_1_203' title='bbox 212 2161 253 2183; x_wconf 83' lang='lat'>11.</span> <span class='ocrx_word' id='word_1_204' title='bbox 269 2155 300 2184; x_wconf 93' lang='grc'>6.</span> <span class='ocrx_word' id='word_1_205' title='bbox 316 2153 325 2169; x_wconf 92' lang='lat'>‘</span> <span class='ocrx_word' id='word_1_206' title='bbox 340 2154 454 2185; x_wconf 84' lang='lat' dir='ltr'>Grave</span> <span class='ocrx_word' id='word_1_207' title='bbox 470 2159 522 2185; x_wconf 87' lang='lat' dir='ltr'>est</span> <span class='ocrx_word' id='word_1_208' title='bbox 537 2156 661 2187; x_wconf 89' lang='lat' dir='ltr'>homini</span> <span class='ocrx_word' id='word_1_209' title='bbox 677 2157 805 2197; x_wconf 90' lang='lat' dir='ltr'>puden-</span> 
     </span>
     <span class='ocr_line' id='line_1_40' title="bbox 107 2201 805 2248; baseline 0.011 -17"><span class='ocrx_word' id='word_1_210' title='bbox 107 2201 154 2232; x_wconf 70' lang='lat' dir='ltr'>ti!</span> <span class='ocrx_word' id='word_1_211' title='bbox 198 2203 315 2234; x_wconf 89' lang='lat' dir='ltr'>Ceteri</span> <span class='ocrx_word' id='word_1_212' title='bbox 333 2209 470 2235; x_wconf 85' lang='lat' dir='ltr'>servant</span> <span class='ocrx_word' id='word_1_213' title='bbox 482 2206 649 2244; x_wconf 75' lang='lat' dir='ltr'>prudentes</span> <span class='ocrx_word' id='word_1_214' title='bbox 664 2208 716 2238; x_wconf 89' lang='lat' dir='ltr'>vel</span> <span class='ocrx_word' id='word_1_215' title='bbox 730 2218 805 2248; x_wconf 82' lang='lat' dir='ltr'>pru-</span> 
     </span>
     <span class='ocr_line' id='line_1_41' title="bbox 106 2252 804 2296; baseline 0.011 -14"><span class='ocrx_word' id='word_1_216' title='bbox 106 2252 220 2292; x_wconf 81' lang='lat' dir='ltr'>dentis,</span> <span class='ocrx_word' id='word_1_217' title='bbox 248 2258 286 2284; x_wconf 89' lang='lat' dir='ltr'>ut</span> <span class='ocrx_word' id='word_1_218' title='bbox 314 2258 366 2285; x_wconf 89' lang='lat' dir='ltr'>est</span> <span class='ocrx_word' id='word_1_219' title='bbox 392 2254 426 2285; x_wconf 91' lang='lat' dir='ltr'>in</span> <span class='ocrx_word' id='word_1_220' title='bbox 454 2255 549 2286; x_wconf 88' lang='lat' dir='ltr'>Leid.</span> <span class='ocrx_word' id='word_1_221' title='bbox 576 2266 625 2296; x_wconf 88' lang='lat' dir='ltr'>pr.</span> <span class='ocrx_word' id='word_1_222' title='bbox 650 2262 686 2288; x_wconf 90' lang='lat' dir='ltr'>et</span> <span class='ocrx_word' id='word_1_223' title='bbox 709 2259 804 2290; x_wconf 84' lang='lat' dir='ltr'>Voss.</span> 
     </span>
     <span class='ocr_line' id='line_1_42' title="bbox 108 2302 804 2344; baseline 0.01 -12"><span class='ocrx_word' id='word_1_224' title='bbox 108 2302 197 2342; x_wconf 87' lang='lat' dir='ltr'>quod</span> <span class='ocrx_word' id='word_1_225' title='bbox 214 2307 348 2334; x_wconf 89' lang='lat' dir='ltr'>notaret</span> <span class='ocrx_word' id='word_1_226' title='bbox 359 2304 489 2344; x_wconf 84' lang='lat' dir='ltr'>probos,·</span> <span class='ocrx_word' id='word_1_227' title='bbox 502 2310 539 2336; x_wconf 88' lang='lat' dir='ltr'>ut</span> <span class='ocrx_word' id='word_1_228' title='bbox 556 2306 716 2338; x_wconf 86' lang='lat' dir='ltr'>observat</span> <span class='ocrx_word' id='word_1_229' title='bbox 731 2308 804 2339; x_wconf 91' lang='lat' dir='ltr'>Ma-</span> 
     </span>
     <span class='ocr_line' id='line_1_43' title="bbox 105 2351 803 2390; baseline 0.01 -8"><span class='ocrx_word' id='word_1_230' title='bbox 105 2351 231 2383; x_wconf 84' lang='lat' dir='ltr'>nutius.</span> <span class='ocrx_word' id='word_1_231' title='bbox 276 2353 373 2384; x_wconf 88' lang='lat' dir='ltr'>Idem</span> <span class='ocrx_word' id='word_1_232' title='bbox 390 2364 484 2385; x_wconf 88' lang='lat' dir='ltr'>error</span> <span class='ocrx_word' id='word_1_233' title='bbox 497 2354 530 2384; x_wconf 89' lang='lat' dir='ltr'>in</span> <span class='ocrx_word' id='word_1_234' title='bbox 546 2355 658 2387; x_wconf 85' lang='lat' dir='ltr'>Editis</span> <span class='ocrx_word' id='word_1_235' title='bbox 671 2361 706 2387; x_wconf 89' lang='lat' dir='ltr'>et</span> <span class='ocrx_word' id='word_1_236' title='bbox 722 2358 803 2390; x_wconf 85' lang='lat' dir='ltr'>Mss.</span> 
     </span>
     <span class='ocr_line' id='line_1_44' title="bbox 106 2402 803 2447; baseline 0.01 -15"><span class='ocrx_word' id='word_1_237' title='bbox 106 2402 305 2442; x_wconf 84' lang='lat' dir='ltr'>quibusdam</span> <span class='ocrx_word' id='word_1_238' title='bbox 322 2405 362 2434; x_wconf 91' lang='lat' dir='ltr'>B.</span> <span class='ocrx_word' id='word_1_239' title='bbox 381 2404 419 2435; x_wconf 91' lang='lat' dir='ltr'>C.</span> <span class='ocrx_word' id='word_1_240' title='bbox 444 2413 500 2435; x_wconf 85' lang='lat'>111.</span> <span class='ocrx_word' id='word_1_241' title='bbox 516 2407 569 2436; x_wconf 80' lang='lat'>26.</span> <span class='ocrx_word' id='word_1_242' title='bbox 592 2407 601 2421; x_wconf 81' lang='lat'><strong><em>⁴</em></strong></span> <span class='ocrx_word' id='word_1_243' title='bbox 616 2407 717 2447; x_wconf 88' lang='lat' dir='ltr'>Cujus</span> <span class='ocrx_word' id='word_1_244' title='bbox 735 2409 803 2439; x_wconf 87' lang='lat' dir='ltr'>ani-</span> 
     </span>
     <span class='ocr_line' id='line_1_45' title="bbox 103 2451 652 2494; baseline 0.011 -13"><span class='ocrx_word' id='word_1_245' title='bbox 103 2451 147 2481; x_wconf 88' lang='lat' dir='ltr'>mi</span> <span class='ocrx_word' id='word_1_246' title='bbox 163 2457 222 2484; x_wconf 86' lang='lat' dir='ltr'>aut</span> <span class='ocrx_word' id='word_1_247' title='bbox 237 2453 330 2493; x_wconf 86' lang='lat' dir='ltr'>cujus</span> <span class='ocrx_word' id='word_1_248' title='bbox 343 2454 550 2494; x_wconf 80' lang='lat' dir='ltr'>inpudentiae</span> <span class='ocrx_word' id='word_1_249' title='bbox 567 2460 619 2487; x_wconf 88' lang='lat' dir='ltr'>est</span> <span class='ocrx_word' id='word_1_250' title='bbox 630 2456 652 2486; x_wconf 85' lang='lat'>?&#39;</span> 
     </span>
    </p>

    <p class='ocr_par' dir='ltr' id='par_1_5' title="bbox 104 2503 802 2848">
     <span class='ocr_line' id='line_1_46' title="bbox 147 2503 802 2548; baseline 0.012 -16"><span class='ocrx_word' id='word_1_251' title='bbox 147 2504 185 2532; x_wconf 83' lang='lat'>13</span> <span class='ocrx_word' id='word_1_252' title='bbox 209 2503 299 2538; x_wconf 81' lang='lat' dir='ltr'>Quod</span> <span class='ocrx_word' id='word_1_253' title='bbox 314 2505 376 2535; x_wconf 85' lang='lat' dir='ltr'>illis</span> <span class='ocrx_word' id='word_1_254' title='bbox 390 2506 546 2536; x_wconf 76' lang='lat' dir='ltr'>licentiam</span> <span class='ocrx_word' id='word_1_255' title='bbox 570 2507 802 2548; x_wconf 71' lang='lat' dir='ltr'>timor-augeat,</span> 
     </span>
     <span class='ocr_line' id='line_1_47' title="bbox 104 2551 801 2595; baseline 0.013 -14"><span class='ocrx_word' id='word_1_256' title='bbox 104 2551 215 2582; x_wconf 53' lang='lat' dir='ltr'>nostris</span> <span class='ocrx_word' id='word_1_257' title='bbox 227 2554 330 2584; x_wconf 79' lang='lat' dir='ltr'>studia</span> <span class='ocrx_word' id='word_1_258' title='bbox 344 2554 514 2595; x_wconf 82' lang='lat' dir='ltr'>diminuat]</span> <span class='ocrx_word' id='word_1_259' title='bbox 536 2555 577 2586; x_wconf 91' lang='lat' dir='ltr'>In</span> <span class='ocrx_word' id='word_1_260' title='bbox 591 2567 623 2587; x_wconf 90' lang='lat' dir='ltr'>v.</span> <span class='ocrx_word' id='word_1_261' title='bbox 639 2567 669 2588; x_wconf 94' lang='lat' dir='ltr'>c.</span> <span class='ocrx_word' id='word_1_262' title='bbox 685 2564 801 2590; x_wconf 89' lang='lat' dir='ltr'>nostro</span> 
     </span>
     <span class='ocr_line' id='line_1_48' title="bbox 104 2604 801 2651; baseline 0.017 -22"><span class='ocrx_word' id='word_1_263' title='bbox 104 2605 139 2630; x_wconf 85' lang='lat' dir='ltr'>et</span> <span class='ocrx_word' id='word_1_264' title='bbox 168 2610 333 2635; x_wconf 81' lang='lat' dir='ltr'>manuscr.</span> <span class='ocrx_word' id='word_1_265' title='bbox 371 2604 487 2645; x_wconf 87' lang='lat' dir='ltr'>Cujac.</span> <span class='ocrx_word' id='word_1_266' title='bbox 519 2616 558 2637; x_wconf 89' lang='lat' dir='ltr'>ac</span> <span class='ocrx_word' id='word_1_267' title='bbox 588 2608 711 2641; x_wconf 86' lang='lat' dir='ltr'>Petav.</span> <span class='ocrx_word' id='word_1_268' title='bbox 743 2611 801 2651; x_wconf 92' lang='lat' dir='ltr'>qui</span> 
     </span>
     <span class='ocr_line' id='line_1_49' title="bbox 106 2654 797 2701; baseline 0.016 -20"><span class='ocrx_word' id='word_1_269' title='bbox 106 2659 219 2683; x_wconf 86' lang='lat' dir='ltr'>omnes</span> <span class='ocrx_word' id='word_1_270' title='bbox 233 2654 369 2694; x_wconf 82' lang='lat' dir='ltr'>optimae</span> <span class='ocrx_word' id='word_1_271' title='bbox 385 2660 474 2687; x_wconf 63' lang='lat' dir='ltr'>notae</span> <span class='ocrx_word' id='word_1_272' title='bbox 491 2657 638 2698; x_wconf 89' lang='lat' dir='ltr'>codices,</span> <span class='ocrx_word' id='word_1_273' title='bbox 655 2659 797 2701; x_wconf 82' lang='lat' dir='ltr'>legitur:</span> 
     </span>
     <span class='ocr_line' id='line_1_50' title="bbox 104 2702 799 2747; baseline 0.017 -18"><span class='ocrx_word' id='word_1_274' title='bbox 104 2702 181 2738; x_wconf 83' lang='lat' dir='ltr'>quod</span> <span class='ocrx_word' id='word_1_275' title='bbox 200 2702 249 2732; x_wconf 80' lang='lat' dir='ltr'>his</span> <span class='ocrx_word' id='word_1_276' title='bbox 269 2704 425 2736; x_wconf 83' lang='lat' dir='ltr'>licentiam</span> <span class='ocrx_word' id='word_1_277' title='bbox 439 2706 534 2737; x_wconf 85' lang='lat' dir='ltr'>timor</span> <span class='ocrx_word' id='word_1_278' title='bbox 548 2712 663 2747; x_wconf 82' lang='lat' dir='ltr'>augeat</span> <span class='ocrx_word' id='word_1_279' title='bbox 677 2713 799 2741; x_wconf 83' lang='lat' dir='ltr'>noster:</span> 
     </span>
     <span class='ocr_line' id='line_1_51' title="bbox 105 2750 798 2800; baseline 0.02 -22"><span class='ocrx_word' id='word_1_280' title='bbox 105 2750 153 2779; x_wconf 73' lang='lat' dir='ltr'>his</span> <span class='ocrx_word' id='word_1_281' title='bbox 172 2752 276 2782; x_wconf 77' lang='lat' dir='ltr'>studia</span> <span class='ocrx_word' id='word_1_282' title='bbox 300 2754 463 2786; x_wconf 75' lang='lat' dir='ltr'>diminuat.</span> <span class='ocrx_word' id='word_1_283' title='bbox 510 2758 631 2789; x_wconf 86' lang='lat' dir='ltr'>Recte.</span> <span class='ocrx_word' id='word_1_284' title='bbox 675 2761 798 2800; x_wconf 83' lang='lat' dir='ltr'>Neque</span> 
     </span>
     <span class='ocr_line' id='line_1_52' title="bbox 104 2802 800 2848; baseline 0.017 -19"><span class='ocrx_word' id='word_1_285' title='bbox 104 2808 188 2839; x_wconf 86' lang='lat' dir='ltr'>opus</span> <span class='ocrx_word' id='word_1_286' title='bbox 217 2804 271 2833; x_wconf 81' lang='lat' dir='ltr'>est</span> <span class='ocrx_word' id='word_1_287' title='bbox 299 2802 459 2844; x_wconf 85' lang='lat' dir='ltr'>scribere,</span> <span class='ocrx_word' id='word_1_288' title='bbox 480 2805 528 2836; x_wconf 70' lang='lat' dir='ltr'>liis</span> <span class='ocrx_word' id='word_1_289' title='bbox 550 2807 680 2848; x_wconf 80' lang='lat' dir='ltr'>suspicio</span> <span class='ocrx_word' id='word_1_290' title='bbox 694 2810 800 2841; x_wconf 83' lang='lat' dir='ltr'>studia</span> 
     </span>
    </p>
   </div>
   <div class='ocr_carea' id='block_1_3' title="bbox 1473 195 1585 237">
    <p class='ocr_par' dir='ltr' id='par_1_6' title="bbox 1473 195 1585 237">
     <span class='ocr_line' id='line_1_53' title="bbox 1473 195 1585 237; baseline 0.009 -1"><span class='ocrx_word' id='word_1_291' title='bbox 1473 195 1585 237; x_wconf 78' lang='lat'>14:33</span> 
     </span>
    </p>
   </div>
   <div class='ocr_carea' id='block_1_4' title="bbox 855 291 1596 1591">
    <p class='ocr_par' dir='ltr' id='par_1_7' title="bbox 855 291 1596 1591">
     <span class='ocr_line' id='line_1_54' title="bbox 879 291 1586 335; baseline 0.016 -14"><span class='ocrx_word' id='word_1_292' title='bbox 879 291 1044 332; x_wconf 75' lang='lat' dir='ltr'>diminuat,</span> <span class='ocrx_word' id='word_1_293' title='bbox 1062 293 1188 335; x_wconf 86' lang='lat' dir='ltr'>quippe</span> <span class='ocrx_word' id='word_1_294' title='bbox 1202 294 1331 327; x_wconf 77' lang='lat' dir='ltr'>timoris</span> <span class='ocrx_word' id='word_1_295' title='bbox 1345 306 1408 328; x_wconf 91' lang='lat' dir='ltr'>vox</span> <span class='ocrx_word' id='word_1_296' title='bbox 1422 298 1462 328; x_wconf 89' lang='lat' dir='ltr'>ad</span> <span class='ocrx_word' id='word_1_297' title='bbox 1478 305 1586 331; x_wconf 73' lang='lat' dir='ltr'>utros-</span> 
     </span>
     <span class='ocr_line' id='line_1_55' title="bbox 880 343 1584 388; baseline 0.014 -16"><span class='ocrx_word' id='word_1_298' title='bbox 880 352 948 383; x_wconf 90' lang='lat' dir='ltr'>que</span> <span class='ocrx_word' id='word_1_299' title='bbox 974 343 1131 376; x_wconf 71' lang='lat' dir='ltr'>refertur.</span> <span class='ocrx_word' id='word_1_300' title='bbox 1178 346 1271 376; x_wconf 90' lang='lat' dir='ltr'>Nota</span> <span class='ocrx_word' id='word_1_301' title='bbox 1298 357 1432 388; x_wconf 87' lang='lat' dir='ltr'>quoque</span> <span class='ocrx_word' id='word_1_302' title='bbox 1458 350 1495 380; x_wconf 79' lang='grc' dir='ltr'>τὸ</span> <span class='ocrx_word' id='word_1_303' title='bbox 1520 352 1584 383; x_wconf 80' lang='lat' dir='ltr'>iuis</span> 
     </span>
     <span class='ocr_line' id='line_1_56' title="bbox 879 393 1584 444; baseline 0.014 -21"><span class='ocrx_word' id='word_1_304' title='bbox 879 393 921 424; x_wconf 89' lang='lat' dir='ltr'>ad</span> <span class='ocrx_word' id='word_1_305' title='bbox 933 395 1141 434; x_wconf 77' lang='lat' dir='ltr'>proximum,</span> <span class='ocrx_word' id='word_1_306' title='bbox 1156 396 1205 427; x_wconf 76' lang='lat' dir='ltr'>his</span> <span class='ocrx_word' id='word_1_307' title='bbox 1217 397 1258 427; x_wconf 86' lang='lat' dir='ltr'>ad</span> <span class='ocrx_word' id='word_1_308' title='bbox 1275 400 1435 430; x_wconf 90' lang='lat' dir='ltr'>remotius</span> <span class='ocrx_word' id='word_1_309' title='bbox 1451 401 1584 444; x_wconf 80' lang='lat' dir='ltr'>referri,</span> 
     </span>
     <span class='ocr_line' id='line_1_57' title="bbox 878 443 1582 488; baseline 0.016 -15"><span class='ocrx_word' id='word_1_310' title='bbox 878 443 928 474; x_wconf 84' lang='lat' dir='ltr'>uti</span> <span class='ocrx_word' id='word_1_311' title='bbox 963 454 983 474; x_wconf 90' lang='lat' dir='ltr'>a</span> <span class='ocrx_word' id='word_1_312' title='bbox 1014 445 1186 477; x_wconf 85' lang='lat' dir='ltr'>veteribus</span> <span class='ocrx_word' id='word_1_313' title='bbox 1223 447 1405 488; x_wconf 86' lang='lat' dir='ltr'>aliquando</span> <span class='ocrx_word' id='word_1_314' title='bbox 1442 450 1582 484; x_wconf 81' lang='lat' dir='ltr'>factum.</span> 
     </span>
     <span class='ocr_line' id='line_1_58' title="bbox 883 494 1582 540; baseline 0.013 -16"><span class='ocrx_word' id='word_1_315' title='bbox 883 494 1020 526; x_wconf 78' lang='lat' dir='ltr'>Vossius.</span> <span class='ocrx_word' id='word_1_316' title='bbox 1058 496 1184 537; x_wconf 68' lang='lat' dir='ltr'>Vulgg.</span> <span class='ocrx_word' id='word_1_317' title='bbox 1201 498 1377 530; x_wconf 88' lang='lat' dir='ltr'>invenuste</span> <span class='ocrx_word' id='word_1_318' title='bbox 1394 509 1582 540; x_wconf 67' lang='lat' dir='ltr'>repracsen-</span> 
     </span>
     <span class='ocr_line' id='line_1_59' title="bbox 878 544 1582 589; baseline 0.013 -16"><span class='ocrx_word' id='word_1_319' title='bbox 878 546 953 574; x_wconf 85' lang='lat' dir='ltr'>tant</span> <span class='ocrx_word' id='word_1_320' title='bbox 968 544 1031 574; x_wconf 85' lang='lat' dir='ltr'>illis</span> <span class='ocrx_word' id='word_1_321' title='bbox 1043 544 1198 576; x_wconf 78' lang='lat' dir='ltr'>licentiam</span> <span class='ocrx_word' id='word_1_322' title='bbox 1213 548 1306 577; x_wconf 78' lang='lat' dir='ltr'>timor</span> <span class='ocrx_word' id='word_1_323' title='bbox 1321 554 1447 589; x_wconf 69' lang='lat' dir='ltr'>augeat,</span> <span class='ocrx_word' id='word_1_324' title='bbox 1463 552 1582 583; x_wconf 81' lang='lat' dir='ltr'>nostris</span> 
     </span>
     <span class='ocr_line' id='line_1_60' title="bbox 875 593 1583 643; baseline 0.017 -22"><span class='ocrx_word' id='word_1_325' title='bbox 875 593 980 623; x_wconf 80' lang='lat' dir='ltr'>studia</span> <span class='ocrx_word' id='word_1_326' title='bbox 1008 594 1183 627; x_wconf 80' lang='lat' dir='ltr'>diminuat:</span> <span class='ocrx_word' id='word_1_327' title='bbox 1215 601 1285 627; x_wconf 89' lang='lat' dir='ltr'>tam</span> <span class='ocrx_word' id='word_1_328' title='bbox 1314 599 1400 630; x_wconf 80' lang='lat' dir='ltr'>enim</span> <span class='ocrx_word' id='word_1_329' title='bbox 1425 600 1583 643; x_wconf 86' lang='lat' dir='ltr'>improbi,</span> 
     </span>
     <span class='ocr_line' id='line_1_61' title="bbox 880 644 1582 686; baseline 0.016 -14"><span class='ocrx_word' id='word_1_330' title='bbox 880 652 978 683; x_wconf 86' lang='lat' dir='ltr'>quam</span> <span class='ocrx_word' id='word_1_331' title='bbox 995 644 1175 686; x_wconf 90' lang='lat' dir='ltr'>pudentes,</span> <span class='ocrx_word' id='word_1_332' title='bbox 1200 646 1395 679; x_wconf 87' lang='lat' dir='ltr'>Curioniani</span> <span class='ocrx_word' id='word_1_333' title='bbox 1412 657 1507 682; x_wconf 90' lang='lat' dir='ltr'>erant</span> <span class='ocrx_word' id='word_1_334' title='bbox 1524 662 1582 683; x_wconf 87' lang='lat' dir='ltr'>ex-</span> 
     </span>
     <span class='ocr_line' id='line_1_62' title="bbox 875 693 1580 735; baseline 0.017 -13"><span class='ocrx_word' id='word_1_335' title='bbox 875 693 1003 725; x_wconf 78' lang='lat' dir='ltr'>ercitus</span> <span class='ocrx_word' id='word_1_336' title='bbox 1034 704 1133 735; x_wconf 88' lang='lat' dir='ltr'>pars:</span> <span class='ocrx_word' id='word_1_337' title='bbox 1168 697 1348 729; x_wconf 85' lang='lat' dir='ltr'>lectionem</span> <span class='ocrx_word' id='word_1_338' title='bbox 1373 710 1452 731; x_wconf 86' lang='lat' dir='ltr'>vero</span> <span class='ocrx_word' id='word_1_339' title='bbox 1480 712 1498 732; x_wconf 92' lang='lat' dir='ltr'>a</span> <span class='ocrx_word' id='word_1_340' title='bbox 1525 712 1580 734; x_wconf 90' lang='lat' dir='ltr'>me</span> 
     </span>
     <span class='ocr_line' id='line_1_63' title="bbox 876 745 1582 794; baseline 0.014 -21"><span class='ocrx_word' id='word_1_341' title='bbox 876 748 1050 784; x_wconf 88' lang='lat' dir='ltr'>receptam</span> <span class='ocrx_word' id='word_1_342' title='bbox 1087 745 1121 776; x_wconf 91' lang='lat' dir='ltr'>in</span> <span class='ocrx_word' id='word_1_343' title='bbox 1155 747 1249 779; x_wconf 85' lang='lat' dir='ltr'>Msto</span> <span class='ocrx_word' id='word_1_344' title='bbox 1288 748 1426 781; x_wconf 74' lang='lat' dir='ltr'>Norvic.</span> <span class='ocrx_word' id='word_1_345' title='bbox 1459 753 1582 794; x_wconf 83' lang='lat' dir='ltr'>reperi,</span> 
     </span>
     <span class='ocr_line' id='line_1_64' title="bbox 874 793 1579 842; baseline 0.017 -20"><span class='ocrx_word' id='word_1_346' title='bbox 874 793 1098 836; x_wconf 80' lang='lat' dir='ltr'>eandemque,</span> <span class='ocrx_word' id='word_1_347' title='bbox 1123 796 1284 829; x_wconf 78' lang='lat' dir='ltr'>laudante</span> <span class='ocrx_word' id='word_1_348' title='bbox 1302 800 1347 830; x_wconf 88' lang='lat' dir='ltr'>D.</span> <span class='ocrx_word' id='word_1_349' title='bbox 1367 801 1499 842; x_wconf 82' lang='lat' dir='ltr'>Vossio,</span> <span class='ocrx_word' id='word_1_350' title='bbox 1522 812 1579 834; x_wconf 84' lang='lat' dir='ltr'>ex-</span> 
     </span>
     <span class='ocr_line' id='line_1_65' title="bbox 871 842 1581 884; baseline 0.017 -11"><span class='ocrx_word' id='word_1_351' title='bbox 871 842 1036 876; x_wconf 86' lang='lat' dir='ltr'>hibebant</span> <span class='ocrx_word' id='word_1_352' title='bbox 1052 847 1160 878; x_wconf 88' lang='lat' dir='ltr'>Codd.</span> <span class='ocrx_word' id='word_1_353' title='bbox 1178 848 1277 880; x_wconf 88' lang='lat' dir='ltr'>Voss.</span> <span class='ocrx_word' id='word_1_354' title='bbox 1305 850 1427 882; x_wconf 87' lang='lat' dir='ltr'>Petav.</span> <span class='ocrx_word' id='word_1_355' title='bbox 1457 856 1492 883; x_wconf 86' lang='lat' dir='ltr'>et</span> <span class='ocrx_word' id='word_1_356' title='bbox 1515 853 1581 884; x_wconf 90' lang='lat' dir='ltr'>Cu·</span> 
     </span>
     <span class='ocr_line' id='line_1_66' title="bbox 865 893 1578 944; baseline 0.017 -20"><span class='ocrx_word' id='word_1_357' title='bbox 865 893 935 934; x_wconf 83' lang='lat' dir='ltr'>jac.</span> <span class='ocrx_word' id='word_1_358' title='bbox 971 895 1041 927; x_wconf 82' lang='lat' dir='ltr'>Illis</span> <span class='ocrx_word' id='word_1_359' title='bbox 1057 901 1170 929; x_wconf 89' lang='lat' dir='ltr'>autem</span> <span class='ocrx_word' id='word_1_360' title='bbox 1187 899 1370 941; x_wconf 79' lang='lat' dir='ltr'>improb0S,</span> <span class='ocrx_word' id='word_1_361' title='bbox 1384 903 1433 933; x_wconf 79' lang='lat' dir='ltr'>his</span> <span class='ocrx_word' id='word_1_362' title='bbox 1451 904 1578 944; x_wconf 86' lang='lat' dir='ltr'>puden-</span> 
     </span>
     <span class='ocr_line' id='line_1_67' title="bbox 872 945 1573 994; baseline 0.017 -20"><span class='ocrx_word' id='word_1_363' title='bbox 872 948 925 975; x_wconf 88' lang='lat' dir='ltr'>tes</span> <span class='ocrx_word' id='word_1_364' title='bbox 947 945 1128 987; x_wconf 79' lang='lat' dir='ltr'>significat,</span> <span class='ocrx_word' id='word_1_365' title='bbox 1152 959 1227 982; x_wconf 87' lang='lat' dir='ltr'>cum</span> <span class='ocrx_word' id='word_1_366' title='bbox 1254 951 1453 994; x_wconf 86' lang='lat' dir='ltr'>plerumque</span> <span class='ocrx_word' id='word_1_367' title='bbox 1481 954 1514 984; x_wconf 83' lang='lat' dir='ltr'>hi</span> <span class='ocrx_word' id='word_1_368' title='bbox 1531 955 1573 986; x_wconf 86' lang='lat' dir='ltr'>ad</span> 
     </span>
     <span class='ocr_line' id='line_1_68' title="bbox 871 996 1575 1041; baseline 0.017 -16"><span class='ocrx_word' id='word_1_369' title='bbox 871 996 1060 1035; x_wconf 85' lang='lat' dir='ltr'>proximum</span> <span class='ocrx_word' id='word_1_370' title='bbox 1089 997 1292 1041; x_wconf 82' lang='lat' dir='ltr'>referantur,</span> <span class='ocrx_word' id='word_1_371' title='bbox 1324 1002 1370 1033; x_wconf 84' lang='lat' dir='ltr'>illi</span> <span class='ocrx_word' id='word_1_372' title='bbox 1400 1004 1441 1035; x_wconf 88' lang='lat' dir='ltr'>ad</span> <span class='ocrx_word' id='word_1_373' title='bbox 1469 1014 1575 1036; x_wconf 89' lang='lat' dir='ltr'>remo-</span> 
     </span>
     <span class='ocr_line' id='line_1_69' title="bbox 870 1045 1574 1086; baseline 0.016 -11"><span class='ocrx_word' id='word_1_374' title='bbox 870 1045 949 1076; x_wconf 85' lang='lat' dir='ltr'>tius.</span> <span class='ocrx_word' id='word_1_375' title='bbox 995 1046 1173 1080; x_wconf 84' lang='lat' dir='ltr'>Interdum</span> <span class='ocrx_word' id='word_1_376' title='bbox 1196 1055 1309 1082; x_wconf 90' lang='lat' dir='ltr'>tamen</span> <span class='ocrx_word' id='word_1_377' title='bbox 1334 1053 1434 1084; x_wconf 88' lang='lat' dir='ltr'>aliter</span> <span class='ocrx_word' id='word_1_378' title='bbox 1460 1064 1495 1085; x_wconf 89' lang='lat' dir='ltr'>se</span> <span class='ocrx_word' id='word_1_379' title='bbox 1520 1065 1574 1086; x_wconf 83' lang='lat' dir='ltr'>res</span> 
     </span>
     <span class='ocr_line' id='line_1_70' title="bbox 868 1095 1572 1144; baseline 0.018 -20"><span class='ocrx_word' id='word_1_380' title='bbox 868 1095 982 1126; x_wconf 87' lang='lat' dir='ltr'>habet.</span> <span class='ocrx_word' id='word_1_381' title='bbox 1026 1098 1158 1130; x_wconf 86' lang='lat' dir='ltr'>Plinius</span> <span class='ocrx_word' id='word_1_382' title='bbox 1186 1101 1251 1141; x_wconf 86' lang='lat' dir='ltr'>Ep.</span> <span class='ocrx_word' id='word_1_383' title='bbox 1276 1111 1300 1133; x_wconf 92' lang='lat'>1.</span> <span class='ocrx_word' id='word_1_384' title='bbox 1319 1106 1371 1135; x_wconf 78' lang='lat'>20.</span> <span class='ocrx_word' id='word_1_385' title='bbox 1397 1114 1429 1144; x_wconf 90' lang='lat' dir='ltr'>p.</span> <span class='ocrx_word' id='word_1_386' title='bbox 1448 1107 1498 1137; x_wconf 85' lang='lat'>19.</span> <span class='ocrx_word' id='word_1_387' title='bbox 1517 1105 1572 1137; x_wconf 82' lang='lat' dir='ltr'>ed.</span> 
     </span>
     <span class='ocr_line' id='line_1_71' title="bbox 869 1144 1574 1187; baseline 0.02 -13"><span class='ocrx_word' id='word_1_388' title='bbox 869 1144 981 1177; x_wconf 75' lang='lat' dir='ltr'>Oxon.</span> <span class='ocrx_word' id='word_1_389' title='bbox 1016 1147 1107 1178; x_wconf 86' lang='lat' dir='ltr'>‘Sed</span> <span class='ocrx_word' id='word_1_390' title='bbox 1137 1158 1201 1180; x_wconf 92' lang='lat' dir='ltr'>non</span> <span class='ocrx_word' id='word_1_391' title='bbox 1229 1152 1337 1183; x_wconf 89' lang='lat' dir='ltr'>minus</span> <span class='ocrx_word' id='word_1_392' title='bbox 1364 1163 1429 1185; x_wconf 91' lang='lat' dir='ltr'>non</span> <span class='ocrx_word' id='word_1_393' title='bbox 1459 1160 1574 1187; x_wconf 84' lang='lat' dir='ltr'>servat</span> 
     </span>
     <span class='ocr_line' id='line_1_72' title="bbox 867 1195 1578 1245; baseline 0.018 -21"><span class='ocrx_word' id='word_1_394' title='bbox 867 1195 1014 1236; x_wconf 89' lang='lat' dir='ltr'>modum,</span> <span class='ocrx_word' id='word_1_395' title='bbox 1041 1197 1098 1237; x_wconf 90' lang='lat' dir='ltr'>qui</span> <span class='ocrx_word' id='word_1_396' title='bbox 1114 1197 1204 1230; x_wconf 85' lang='lat' dir='ltr'>infra</span> <span class='ocrx_word' id='word_1_397' title='bbox 1227 1210 1298 1232; x_wconf 89' lang='lat' dir='ltr'>rem</span> <span class='ocrx_word' id='word_1_398' title='bbox 1319 1212 1420 1243; x_wconf 90' lang='lat' dir='ltr'>quam</span> <span class='ocrx_word' id='word_1_399' title='bbox 1444 1205 1499 1245; x_wconf 90' lang='lat' dir='ltr'>qui</span> <span class='ocrx_word' id='word_1_400' title='bbox 1525 1215 1578 1237; x_wconf 88' lang='lat' dir='ltr'>su-</span> 
     </span>
     <span class='ocr_line' id='line_1_73' title="bbox 866 1247 1575 1296; baseline 0.017 -21"><span class='ocrx_word' id='word_1_401' title='bbox 866 1255 940 1285; x_wconf 89' lang='lat' dir='ltr'>pra,</span> <span class='ocrx_word' id='word_1_402' title='bbox 961 1247 1018 1288; x_wconf 89' lang='lat' dir='ltr'>qui</span> <span class='ocrx_word' id='word_1_403' title='bbox 1040 1249 1219 1281; x_wconf 79' lang='lat' dir='ltr'>adstrictius</span> <span class='ocrx_word' id='word_1_404' title='bbox 1241 1261 1341 1292; x_wconf 89' lang='lat' dir='ltr'>quam</span> <span class='ocrx_word' id='word_1_405' title='bbox 1357 1255 1414 1294; x_wconf 86' lang='lat' dir='ltr'>qui</span> <span class='ocrx_word' id='word_1_406' title='bbox 1442 1255 1575 1296; x_wconf 81' lang='lat' dir='ltr'>effusius</span> 
     </span>
     <span class='ocr_line' id='line_1_74' title="bbox 868 1296 1574 1345; baseline 0.017 -19"><span class='ocrx_word' id='word_1_407' title='bbox 868 1296 963 1328; x_wconf 91' lang='lat' dir='ltr'>dicit.</span> <span class='ocrx_word' id='word_1_408' title='bbox 1008 1298 1131 1340; x_wconf 89' lang='lat' dir='ltr'>Itaque</span> <span class='ocrx_word' id='word_1_409' title='bbox 1169 1302 1264 1334; x_wconf 88' lang='lat' dir='ltr'>audis</span> <span class='ocrx_word' id='word_1_410' title='bbox 1302 1302 1501 1345; x_wconf 87' lang='lat' dir='ltr'>frequenter</span> <span class='ocrx_word' id='word_1_411' title='bbox 1535 1311 1574 1338; x_wconf 87' lang='lat' dir='ltr'>ut</span> 
     </span>
     <span class='ocr_line' id='line_1_75' title="bbox 865 1347 1572 1395; baseline 0.016 -18"><span class='ocrx_word' id='word_1_412' title='bbox 865 1347 941 1378; x_wconf 79' lang='lat' dir='ltr'>illud</span> <span class='ocrx_word' id='word_1_413' title='bbox 964 1348 1124 1381; x_wconf 77' lang='lat' dir='ltr'>immodice</span> <span class='ocrx_word' id='word_1_414' title='bbox 1148 1354 1178 1381; x_wconf 86' lang='lat' dir='ltr'>et</span> <span class='ocrx_word' id='word_1_415' title='bbox 1199 1354 1418 1395; x_wconf 80' lang='lat' dir='ltr'>redundunter,</span> <span class='ocrx_word' id='word_1_416' title='bbox 1443 1356 1493 1387; x_wconf 84' lang='lat' dir='ltr'>ita</span> <span class='ocrx_word' id='word_1_417' title='bbox 1515 1358 1572 1388; x_wconf 80' lang='lat' dir='ltr'>lzoc</span> 
     </span>
     <span class='ocr_line' id='line_1_76' title="bbox 855 1396 1596 1440; baseline 0.018 -14"><span class='ocrx_word' id='word_1_418' title='bbox 855 1396 962 1435; x_wconf 79' lang='lat' dir='ltr'>jejune</span> <span class='ocrx_word' id='word_1_419' title='bbox 975 1401 1005 1428; x_wconf 84' lang='lat' dir='ltr'>et</span> <span class='ocrx_word' id='word_1_420' title='bbox 1028 1398 1162 1440; x_wconf 79' lang='lat' dir='ltr'>infirme.</span> <span class='ocrx_word' id='word_1_421' title='bbox 1207 1401 1304 1434; x_wconf 83' lang='lat' dir='ltr'>Alius</span> <span class='ocrx_word' id='word_1_422' title='bbox 1321 1406 1484 1437; x_wconf 73' lang='lat' dir='ltr'>excessisse</span> <span class='ocrx_word' id='word_1_423' title='bbox 1505 1417 1574 1438; x_wconf 85' lang='lat' dir='ltr'>ma·</span> <span class='ocrx_word' id='word_1_424' title='bbox 1592 1415 1596 1417; x_wconf 82' lang='lat'>&#39;</span> 
     </span>
     <span class='ocr_line' id='line_1_77' title="bbox 866 1447 1571 1496; baseline 0.018 -20"><span class='ocrx_word' id='word_1_425' title='bbox 866 1447 999 1487; x_wconf 83' lang='lat' dir='ltr'>teriam,</span> <span class='ocrx_word' id='word_1_426' title='bbox 1036 1449 1120 1480; x_wconf 85' lang='lat' dir='ltr'>alius</span> <span class='ocrx_word' id='word_1_427' title='bbox 1159 1450 1286 1483; x_wconf 90' lang='lat' dir='ltr'>dicitur</span> <span class='ocrx_word' id='word_1_428' title='bbox 1322 1464 1381 1485; x_wconf 81' lang='lat' dir='ltr'>non</span> <span class='ocrx_word' id='word_1_429' title='bbox 1418 1455 1571 1496; x_wconf 81' lang='lat' dir='ltr'>implesse.</span> 
     </span>
     <span class='ocr_line' id='line_1_78' title="bbox 866 1497 1573 1547; baseline 0.017 -20"><span class='ocrx_word' id='word_1_430' title='bbox 866 1497 973 1538; x_wconf 82' lang='lat' dir='ltr'>AEque</span> <span class='ocrx_word' id='word_1_431' title='bbox 1000 1503 1156 1541; x_wconf 89' lang='lat' dir='ltr'>uterque,</span> <span class='ocrx_word' id='word_1_432' title='bbox 1186 1502 1246 1533; x_wconf 83' lang='lat' dir='ltr'>sed</span> <span class='ocrx_word' id='word_1_433' title='bbox 1272 1503 1326 1534; x_wconf 83' lang='lat' dir='ltr'>ille</span> <span class='ocrx_word' id='word_1_434' title='bbox 1348 1505 1573 1547; x_wconf 81' lang='lat' dir='ltr'>imbecillitate,</span> 
     </span>
     <span class='ocr_line' id='line_1_79' title="bbox 864 1547 1572 1591; baseline 0.02 -15"><span class='ocrx_word' id='word_1_435' title='bbox 864 1547 914 1577; x_wconf 79' lang='lat' dir='ltr'>hie</span> <span class='ocrx_word' id='word_1_436' title='bbox 930 1548 1047 1580; x_wconf 73' lang='lat' dir='ltr'>viribus</span> <span class='ocrx_word' id='word_1_437' title='bbox 1063 1552 1210 1591; x_wconf 86' lang='lat' dir='ltr'>peccat.&#39;</span> <span class='ocrx_word' id='word_1_438' title='bbox 1265 1554 1406 1586; x_wconf 86' lang='lat' dir='ltr'>Latinus</span> <span class='ocrx_word' id='word_1_439' title='bbox 1423 1557 1572 1590; x_wconf 85' lang='lat' dir='ltr'>Pacatus</span> 
     </span>
    </p>
   </div>
   <div class='ocr_carea' id='block_1_5' title="bbox 864 1598 1620 1640">
    <p class='ocr_par' dir='ltr' id='par_1_8' title="bbox 864 1598 1620 1640">
     <span class='ocr_line' id='line_1_80' title="bbox 864 1598 1620 1640; baseline 0.017 -12"><span class='ocrx_word' id='word_1_440' title='bbox 864 1598 948 1630; x_wconf 89' lang='lat' dir='ltr'>Pan.</span> <span class='ocrx_word' id='word_1_441' title='bbox 972 1608 1036 1631; x_wconf 75' lang='grc' dir='ltr'><strong>ΧΠ.</strong></span> <span class='ocrx_word' id='word_1_442' title='bbox 1059 1604 1111 1631; x_wconf 77' lang='grc'><strong>24.</strong></span> <span class='ocrx_word' id='word_1_443' title='bbox 1128 1605 1158 1633; x_wconf 91' lang='grc'>5.</span> <span class='ocrx_word' id='word_1_444' title='bbox 1183 1604 1191 1619; x_wconf 88' lang='lat'>‘</span> <span class='ocrx_word' id='word_1_445' title='bbox 1210 1603 1293 1635; x_wconf 84' lang='lat' dir='ltr'>Alta</span> <span class='ocrx_word' id='word_1_446' title='bbox 1319 1606 1401 1637; x_wconf 91' lang='lat' dir='ltr'>licet</span> <span class='ocrx_word' id='word_1_447' title='bbox 1430 1609 1570 1640; x_wconf 83' lang='lat' dir='ltr'>vulnera</span> <span class='ocrx_word' id='word_1_448' title='bbox 1616 1620 1620 1622; x_wconf 90' lang='lat'>·</span> 
     </span>
    </p>
   </div>
   <div class='ocr_carea' id='block_1_6' title="bbox 852 1650 1572 2849">
    <p class='ocr_par' dir='ltr' id='par_1_9' title="bbox 852 1650 1572 2849">
     <span class='ocr_line' id='line_1_81' title="bbox 862 1650 1572 1700; baseline 0.018 -23"><span class='ocrx_word' id='word_1_449' title='bbox 862 1650 1077 1688; x_wconf 73' lang='lat' dir='ltr'>—proximus</span> <span class='ocrx_word' id='word_1_450' title='bbox 1094 1652 1188 1684; x_wconf 79' lang='lat' dir='ltr'>nobis</span> <span class='ocrx_word' id='word_1_451' title='bbox 1206 1654 1320 1695; x_wconf 81' lang='lat' dir='ltr'>Italus,</span> <span class='ocrx_word' id='word_1_452' title='bbox 1342 1661 1378 1688; x_wconf 90' lang='lat' dir='ltr'>et</span> <span class='ocrx_word' id='word_1_453' title='bbox 1395 1659 1572 1700; x_wconf 81' lang='lat' dir='ltr'>contiguus</span> 
     </span>
     <span class='ocr_line' id='line_1_82' title="bbox 863 1699 1569 1746; baseline 0.018 -18"><span class='ocrx_word' id='word_1_454' title='bbox 863 1699 1022 1731; x_wconf 88' lang='lat' dir='ltr'>ostendat</span> <span class='ocrx_word' id='word_1_455' title='bbox 1048 1701 1484 1746; x_wconf 80' lang='lat' dir='ltr'>Hispanus—Tyrannidem</span> <span class='ocrx_word' id='word_1_456' title='bbox 1517 1711 1569 1741; x_wconf 83' lang='lat' dir='ltr'>ille</span> 
     </span>
     <span class='ocr_line' id='line_1_83' title="bbox 863 1750 1571 1794; baseline 0.02 -17"><span class='ocrx_word' id='word_1_457' title='bbox 863 1757 928 1778; x_wconf 92' lang='lat' dir='ltr'>non</span> <span class='ocrx_word' id='word_1_458' title='bbox 958 1750 1056 1790; x_wconf 81' lang='lat' dir='ltr'>vidit,</span> <span class='ocrx_word' id='word_1_459' title='bbox 1087 1753 1136 1782; x_wconf 83' lang='lat' dir='ltr'>hic</span> <span class='ocrx_word' id='word_1_460' title='bbox 1164 1757 1427 1794; x_wconf 84' lang='lat' dir='ltr'>tyrannicidium</span> <span class='ocrx_word' id='word_1_461' title='bbox 1458 1759 1571 1791; x_wconf 67' lang='lat' dir='ltr'>vidit!</span> 
     </span>
     <span class='ocr_line' id='line_1_84' title="bbox 862 1797 1564 1841; baseline 0.021 -15"><span class='ocrx_word' id='word_1_462' title='bbox 862 1797 967 1828; x_wconf 86' lang='lat' dir='ltr'>Plura</span> <span class='ocrx_word' id='word_1_463' title='bbox 996 1802 1167 1840; x_wconf 83' lang='lat' dir='ltr'>congessit</span> <span class='ocrx_word' id='word_1_464' title='bbox 1189 1803 1223 1835; x_wconf 87' lang='lat' dir='ltr'>J.</span> <span class='ocrx_word' id='word_1_465' title='bbox 1240 1805 1339 1836; x_wconf 88' lang='lat' dir='ltr'>Fred.</span> <span class='ocrx_word' id='word_1_466' title='bbox 1369 1808 1564 1841; x_wconf 80' lang='lat' dir='ltr'>Gronovius</span> 
     </span>
     <span class='ocr_line' id='line_1_85' title="bbox 863 1846 1567 1898; baseline 0.021 -22"><span class='ocrx_word' id='word_1_467' title='bbox 863 1846 1010 1879; x_wconf 76' lang='lat' dir='ltr'>observ.</span> <span class='ocrx_word' id='word_1_468' title='bbox 1036 1858 1091 1882; x_wconf 88' lang='lat'>111.</span> <span class='ocrx_word' id='word_1_469' title='bbox 1120 1854 1171 1882; x_wconf 81' lang='lat'>16.</span> <span class='ocrx_word' id='word_1_470' title='bbox 1194 1863 1226 1893; x_wconf 90' lang='lat' dir='ltr'>p.</span> <span class='ocrx_word' id='word_1_471' title='bbox 1242 1858 1316 1886; x_wconf 82' lang='grc'><strong>576.</strong></span> <span class='ocrx_word' id='word_1_472' title='bbox 1335 1866 1406 1898; x_wconf 81' lang='lat' dir='ltr'>seq.</span> <span class='ocrx_word' id='word_1_473' title='bbox 1452 1859 1567 1892; x_wconf 77' lang='lat' dir='ltr'>Daris.</span> 
     </span>
     <span class='ocr_line' id='line_1_86' title="bbox 861 1897 1568 1943; baseline 0.023 -17"><span class='ocrx_word' id='word_1_474' title='bbox 861 1897 988 1938; x_wconf 86' lang='lat' dir='ltr'>Noster,</span> <span class='ocrx_word' id='word_1_475' title='bbox 1000 1899 1059 1931; x_wconf 74' lang='lat' dir='ltr'>his.</span> <span class='ocrx_word' id='word_1_476' title='bbox 1100 1901 1153 1932; x_wconf 85' lang='lat' dir='ltr'>Ita</span> <span class='ocrx_word' id='word_1_477' title='bbox 1170 1904 1398 1943; x_wconf 84' lang='lat' dir='ltr'>pulcherrime</span> <span class='ocrx_word' id='word_1_478' title='bbox 1414 1910 1568 1942; x_wconf 81' lang='lat' dir='ltr'>restitue-</span> 
     </span>
     <span class='ocr_line' id='line_1_87' title="bbox 859 1949 1564 1999; baseline 0.021 -22"><span class='ocrx_word' id='word_1_479' title='bbox 859 1952 950 1989; x_wconf 89' lang='lat' dir='ltr'>runt,</span> <span class='ocrx_word' id='word_1_480' title='bbox 965 1958 1007 1980; x_wconf 85' lang='lat' dir='ltr'>ex</span> <span class='ocrx_word' id='word_1_481' title='bbox 1022 1949 1131 1982; x_wconf 90' lang='lat' dir='ltr'>tribus</span> <span class='ocrx_word' id='word_1_482' title='bbox 1147 1953 1229 1986; x_wconf 86' lang='lat' dir='ltr'>Mss.</span> <span class='ocrx_word' id='word_1_483' title='bbox 1246 1956 1292 1986; x_wconf 95' lang='lat' dir='ltr'>D.</span> <span class='ocrx_word' id='word_1_484' title='bbox 1310 1957 1458 1999; x_wconf 77' lang='lat' dir='ltr'>Vossius,</span> <span class='ocrx_word' id='word_1_485' title='bbox 1473 1964 1508 1991; x_wconf 83' lang='lat' dir='ltr'>et</span> <span class='ocrx_word' id='word_1_486' title='bbox 1522 1971 1564 1992; x_wconf 80' lang='lat' dir='ltr'>ex</span> 
     </span>
     <span class='ocr_line' id='line_1_88' title="bbox 860 1997 1561 2042; baseline 0.021 -15"><span class='ocrx_word' id='word_1_487' title='bbox 860 1997 925 2029; x_wconf 86' lang='lat' dir='ltr'>Ms.</span> <span class='ocrx_word' id='word_1_488' title='bbox 942 1998 1070 2031; x_wconf 90' lang='lat' dir='ltr'>Eliensi</span> <span class='ocrx_word' id='word_1_489' title='bbox 1087 2002 1260 2036; x_wconf 89' lang='lat' dir='ltr'>Davisius.</span> <span class='ocrx_word' id='word_1_490' title='bbox 1306 2007 1377 2038; x_wconf 82' lang='lat' dir='ltr'>Illis</span> <span class='ocrx_word' id='word_1_491' title='bbox 1403 2010 1561 2042; x_wconf 88' lang='lat' dir='ltr'>nimirum</span> 
     </span>
     <span class='ocr_line' id='line_1_89' title="bbox 859 2047 1566 2093; baseline 0.023 -16"><span class='ocrx_word' id='word_1_492' title='bbox 859 2047 1044 2088; x_wconf 88' lang='lat' dir='ltr'>improbis;</span> <span class='ocrx_word' id='word_1_493' title='bbox 1069 2051 1130 2091; x_wconf 87' lang='lat' dir='ltr'>his,</span> <span class='ocrx_word' id='word_1_494' title='bbox 1160 2053 1379 2093; x_wconf 83' lang='lat' dir='ltr'>pudentibus.</span> <span class='ocrx_word' id='word_1_495' title='bbox 1433 2061 1480 2091; x_wconf 73' lang='lat' dir='ltr'>Ut</span> <span class='ocrx_word' id='word_1_496' title='bbox 1507 2061 1566 2093; x_wconf 87' lang='lat' dir='ltr'>mi-</span> 
     </span>
     <span class='ocr_line' id='line_1_90' title="bbox 859 2100 1565 2147; baseline 0.02 -18"><span class='ocrx_word' id='word_1_497' title='bbox 859 2108 930 2130; x_wconf 87' lang='lat' dir='ltr'>rum</span> <span class='ocrx_word' id='word_1_498' title='bbox 945 2100 1001 2141; x_wconf 89' lang='lat' dir='ltr'>sit,</span> <span class='ocrx_word' id='word_1_499' title='bbox 1016 2102 1212 2143; x_wconf 87' lang='lat' dir='ltr'>Cellarium,</span> <span class='ocrx_word' id='word_1_500' title='bbox 1226 2106 1281 2145; x_wconf 90' lang='lat' dir='ltr'>qui</span> <span class='ocrx_word' id='word_1_501' title='bbox 1298 2106 1393 2147; x_wconf 86' lang='lat' dir='ltr'>hujus</span> <span class='ocrx_word' id='word_1_502' title='bbox 1408 2109 1565 2142; x_wconf 83' lang='lat' dir='ltr'>lectionis</span> 
     </span>
     <span class='ocr_line' id='line_1_91' title="bbox 857 2153 1566 2198; baseline 0.021 -19"><span class='ocrx_word' id='word_1_503' title='bbox 857 2154 1067 2182; x_wconf 87' lang='lat' dir='ltr'>vetustatem</span> <span class='ocrx_word' id='word_1_504' title='bbox 1091 2153 1198 2185; x_wconf 89' lang='lat' dir='ltr'>minus</span> <span class='ocrx_word' id='word_1_505' title='bbox 1215 2155 1398 2198; x_wconf 85' lang='lat' dir='ltr'>intellexit,</span> <span class='ocrx_word' id='word_1_506' title='bbox 1424 2170 1496 2192; x_wconf 81' lang='lat' dir='ltr'>eam</span> <span class='ocrx_word' id='word_1_507' title='bbox 1515 2166 1566 2193; x_wconf 80' lang='lat' dir='ltr'>ta-</span> 
     </span>
     <span class='ocr_line' id='line_1_92' title="bbox 856 2203 1565 2244; baseline 0.02 -14"><span class='ocrx_word' id='word_1_508' title='bbox 856 2210 933 2232; x_wconf 90' lang='lat' dir='ltr'>men</span> <span class='ocrx_word' id='word_1_509' title='bbox 952 2203 1143 2242; x_wconf 83' lang='lat' dir='ltr'>amplexum</span> <span class='ocrx_word' id='word_1_510' title='bbox 1172 2215 1256 2237; x_wconf 88' lang='lat' dir='ltr'>esse.</span> <span class='ocrx_word' id='word_1_511' title='bbox 1299 2208 1371 2239; x_wconf 87' lang='lat' dir='ltr'>Illis</span> <span class='ocrx_word' id='word_1_512' title='bbox 1396 2211 1484 2242; x_wconf 88' lang='lat' dir='ltr'>enim</span> <span class='ocrx_word' id='word_1_513' title='bbox 1513 2222 1565 2244; x_wconf 89' lang='lat' dir='ltr'>re-</span> 
     </span>
     <span class='ocr_line' id='line_1_93' title="bbox 855 2249 1564 2298; baseline 0.017 -17"><span class='ocrx_word' id='word_1_514' title='bbox 855 2249 922 2282; x_wconf 86' lang='lat' dir='ltr'>fert</span> <span class='ocrx_word' id='word_1_515' title='bbox 940 2253 988 2282; x_wconf 92' lang='lat' dir='ltr'>vir</span> <span class='ocrx_word' id='word_1_516' title='bbox 1004 2253 1216 2286; x_wconf 75' lang='lat' dir='ltr'>doctissimus</span> <span class='ocrx_word' id='word_1_517' title='bbox 1233 2257 1275 2288; x_wconf 89' lang='lat' dir='ltr'>ad</span> <span class='ocrx_word' id='word_1_518' title='bbox 1298 2259 1401 2290; x_wconf 76' lang='lat' dir='ltr'>hostes</span> <span class='ocrx_word' id='word_1_519' title='bbox 1414 2272 1427 2298; x_wconf 91' lang='lat'><em>;</em></span> <span class='ocrx_word' id='word_1_520' title='bbox 1450 2262 1500 2292; x_wconf 82' lang='lat' dir='ltr'>his</span> <span class='ocrx_word' id='word_1_521' title='bbox 1521 2263 1564 2293; x_wconf 86' lang='lat' dir='ltr'>ad</span> 
     </span>
     <span class='ocr_line' id='line_1_94' title="bbox 855 2304 1564 2353; baseline 0.017 -22"><span class='ocrx_word' id='word_1_522' title='bbox 855 2305 984 2333; x_wconf 74' lang='lat' dir='ltr'>nostros.</span> <span class='ocrx_word' id='word_1_523' title='bbox 1031 2304 1131 2335; x_wconf 76' lang='lat' dir='ltr'>Quod</span> <span class='ocrx_word' id='word_1_524' title='bbox 1151 2306 1251 2337; x_wconf 90' lang='lat' dir='ltr'>valde</span> <span class='ocrx_word' id='word_1_525' title='bbox 1277 2308 1474 2349; x_wconf 81' lang='lat' dir='ltr'>languidum</span> <span class='ocrx_word' id='word_1_526' title='bbox 1499 2317 1564 2353; x_wconf 85' lang='lat' dir='ltr'>est,</span> 
     </span>
     <span class='ocr_line' id='line_1_95' title="bbox 857 2355 1562 2399; baseline 0.017 -17"><span class='ocrx_word' id='word_1_527' title='bbox 857 2357 892 2383; x_wconf 88' lang='lat' dir='ltr'>et</span> <span class='ocrx_word' id='word_1_528' title='bbox 913 2362 1048 2384; x_wconf 88' lang='lat' dir='ltr'>sensum</span> <span class='ocrx_word' id='word_1_529' title='bbox 1078 2355 1133 2385; x_wconf 78' lang='lat' dir='ltr'>vix</span> <span class='ocrx_word' id='word_1_530' title='bbox 1159 2357 1264 2388; x_wconf 90' lang='lat' dir='ltr'>ullum</span> <span class='ocrx_word' id='word_1_531' title='bbox 1296 2360 1459 2399; x_wconf 75' lang='lat' dir='ltr'>exbibet3</span> <span class='ocrx_word' id='word_1_532' title='bbox 1484 2372 1562 2393; x_wconf 89' lang='lat' dir='ltr'>cum</span> 
     </span>
     <span class='ocr_line' id='line_1_96' title="bbox 856 2408 1562 2452; baseline 0.017 -20"><span class='ocrx_word' id='word_1_533' title='bbox 856 2412 976 2434; x_wconf 84' lang='lat' dir='ltr'>revera</span> <span class='ocrx_word' id='word_1_534' title='bbox 993 2408 1134 2446; x_wconf 88' lang='lat' dir='ltr'>utraque</span> <span class='ocrx_word' id='word_1_535' title='bbox 1152 2414 1187 2437; x_wconf 84' lang='lat' dir='ltr'>et</span> <span class='ocrx_word' id='word_1_536' title='bbox 1201 2409 1351 2447; x_wconf 77' lang='lat' dir='ltr'>pudentes</span> <span class='ocrx_word' id='word_1_537' title='bbox 1366 2416 1400 2441; x_wconf 90' lang='lat' dir='ltr'>et</span> <span class='ocrx_word' id='word_1_538' title='bbox 1429 2412 1562 2452; x_wconf 80' lang='lat' dir='ltr'>improbi</span> 
     </span>
     <span class='ocr_line' id='line_1_97' title="bbox 855 2453 1559 2496; baseline 0.017 -13"><span class='ocrx_word' id='word_1_539' title='bbox 855 2453 1093 2495; x_wconf 86' lang='lat' dir='ltr'>intelligantur</span> <span class='ocrx_word' id='word_1_540' title='bbox 1104 2458 1287 2491; x_wconf 82' lang='lat' dir='ltr'>Curioniani</span> <span class='ocrx_word' id='word_1_541' title='bbox 1299 2462 1434 2493; x_wconf 82' lang='lat' dir='ltr'>milites.</span> <span class='ocrx_word' id='word_1_542' title='bbox 1450 2465 1559 2496; x_wconf 84' lang='lat' dir='ltr'>Quam</span> 
     </span>
     <span class='ocr_line' id='line_1_98' title="bbox 854 2505 1559 2551; baseline 0.013 -16"><span class='ocrx_word' id='word_1_543' title='bbox 854 2505 889 2535; x_wconf 92' lang='lat' dir='ltr'>in</span> <span class='ocrx_word' id='word_1_544' title='bbox 917 2507 1122 2550; x_wconf 86' lang='lat' dir='ltr'>sententiam</span> <span class='ocrx_word' id='word_1_545' title='bbox 1150 2509 1177 2539; x_wconf 88' lang='lat' dir='ltr'>si</span> <span class='ocrx_word' id='word_1_546' title='bbox 1203 2511 1405 2551; x_wconf 85' lang='lat' dir='ltr'>accipiatur,</span> <span class='ocrx_word' id='word_1_547' title='bbox 1432 2513 1559 2545; x_wconf 80' lang='lat' dir='ltr'>locutio</span> 
     </span>
     <span class='ocr_line' id='line_1_99' title="bbox 855 2557 1556 2603; baseline 0.01 -16"><span class='ocrx_word' id='word_1_548' title='bbox 855 2557 921 2588; x_wconf 89' lang='lat' dir='ltr'>erit</span> <span class='ocrx_word' id='word_1_549' title='bbox 950 2558 1195 2590; x_wconf 85' lang='lat' dir='ltr'>venustissima.</span> <span class='ocrx_word' id='word_1_550' title='bbox 1243 2562 1406 2602; x_wconf 80' lang='lat' dir='ltr'>Scaliger,</span> <span class='ocrx_word' id='word_1_551' title='bbox 1431 2563 1556 2603; x_wconf 84' lang='lat' dir='ltr'>aliique</span> 
     </span>
     <span class='ocr_line' id='line_1_100' title="bbox 854 2607 1558 2649; baseline 0.009 -12"><span class='ocrx_word' id='word_1_552' title='bbox 854 2607 1046 2649; x_wconf 89' lang='lat' dir='ltr'>ediderunt,</span> <span class='ocrx_word' id='word_1_553' title='bbox 1076 2611 1154 2649; x_wconf 84' lang='lat' dir='ltr'>quod</span> <span class='ocrx_word' id='word_1_554' title='bbox 1184 2610 1248 2641; x_wconf 81' lang='lat' dir='ltr'>illis</span> <span class='ocrx_word' id='word_1_555' title='bbox 1279 2611 1437 2642; x_wconf 82' lang='lat' dir='ltr'>licentiam</span> <span class='ocrx_word' id='word_1_556' title='bbox 1464 2613 1558 2643; x_wconf 81' lang='lat' dir='ltr'>timor</span> 
     </span>
     <span class='ocr_line' id='line_1_101' title="bbox 852 2659 1555 2696; baseline 0.011 -10"><span class='ocrx_word' id='word_1_557' title='bbox 852 2661 965 2696; x_wconf 82' lang='lat' dir='ltr'>augeat</span> <span class='ocrx_word' id='word_1_558' title='bbox 990 2668 1000 2693; x_wconf 92' lang='lat'><em>;</em></span> <span class='ocrx_word' id='word_1_559' title='bbox 1046 2659 1170 2690; x_wconf 86' lang='lat' dir='ltr'>nostris</span> <span class='ocrx_word' id='word_1_560' title='bbox 1224 2662 1329 2692; x_wconf 75' lang='lat' dir='ltr'>studia</span> <span class='ocrx_word' id='word_1_561' title='bbox 1380 2663 1555 2695; x_wconf 76' lang='lat' dir='ltr'>diminuat.-</span> 
     </span>
     <span class='ocr_line' id='line_1_102' title="bbox 853 2708 1559 2748; baseline 0.01 -11"><span class='ocrx_word' id='word_1_562' title='bbox 853 2708 908 2748; x_wconf 88' lang='lat' dir='ltr'>qui</span> <span class='ocrx_word' id='word_1_563' title='bbox 933 2717 1049 2740; x_wconf 85' lang='lat' dir='ltr'>sensus</span> <span class='ocrx_word' id='word_1_564' title='bbox 1075 2715 1127 2740; x_wconf 90' lang='lat' dir='ltr'>est</span> <span class='ocrx_word' id='word_1_565' title='bbox 1155 2711 1274 2742; x_wconf 82' lang='lat' dir='ltr'>nullus.</span> <span class='ocrx_word' id='word_1_566' title='bbox 1313 2712 1421 2741; x_wconf 79' lang='lat' dir='ltr'>Clark.</span> <span class='ocrx_word' id='word_1_567' title='bbox 1476 2713 1559 2744; x_wconf 71' lang='lat' dir='ltr'>Nos-</span> 
     </span>
     <span class='ocr_line' id='line_1_103' title="bbox 852 2758 1557 2797; baseline 0.01 -10"><span class='ocrx_word' id='word_1_568' title='bbox 852 2760 912 2797; x_wconf 85' lang='lat' dir='ltr'>ter,</span> <span class='ocrx_word' id='word_1_569' title='bbox 928 2758 977 2788; x_wconf 83' lang='lat' dir='ltr'>his</span> <span class='ocrx_word' id='word_1_570' title='bbox 992 2759 1122 2789; x_wconf 83' lang='lat' dir='ltr'>diserte</span> <span class='ocrx_word' id='word_1_571' title='bbox 1137 2759 1295 2790; x_wconf 79' lang='lat' dir='ltr'>scribitur</span> <span class='ocrx_word' id='word_1_572' title='bbox 1311 2760 1414 2791; x_wconf 80' lang='lat' dir='ltr'>etiam</span> <span class='ocrx_word' id='word_1_573' title='bbox 1430 2761 1464 2792; x_wconf 92' lang='lat' dir='ltr'>in</span> <span class='ocrx_word' id='word_1_574' title='bbox 1481 2763 1557 2794; x_wconf 84' lang='lat' dir='ltr'>Lei-</span> 
     </span>
     <span class='ocr_line' id='line_1_104' title="bbox 852 2807 1556 2849; baseline 0.011 -11"><span class='ocrx_word' id='word_1_575' title='bbox 852 2807 949 2839; x_wconf 80' lang='lat' dir='ltr'>densi</span> <span class='ocrx_word' id='word_1_576' title='bbox 962 2808 1084 2849; x_wconf 85' lang='lat' dir='ltr'>primo,</span> <span class='ocrx_word' id='word_1_577' title='bbox 1099 2809 1227 2841; x_wconf 81' lang='lat' dir='ltr'>Lovan.</span> <span class='ocrx_word' id='word_1_578' title='bbox 1245 2812 1280 2841; x_wconf 89' lang='lat' dir='ltr'>et</span> <span class='ocrx_word' id='word_1_579' title='bbox 1298 2810 1452 2844; x_wconf 87' lang='lat' dir='ltr'>Dorvill.</span> <span class='ocrx_word' id='word_1_580' title='bbox 1489 2812 1556 2848; x_wconf 76' lang='lat' dir='ltr'>Hic</span> 
     </span>
    </p>
   </div>
  </div>
 </body>
</html>
