1850 3109
230 179 342 223 1484

445 296 477 327 F
475 305 559 327 orma
576 296 713 329 remulci.

695 193 837 225 NOTAE
869 193 1132 225 vamoRUM
1168 194 1218 224 IN

978 289 1111 330 quoties
1128 297 1192 319 non
1208 292 1359 319 senserat
1377 287 1522 318 anchora
1537 286 1674 320 funem?

1022 341 1039 368 5
1069 338 1105 368 In
1119 337 1228 378 quibus
1241 338 1280 367 ad
1295 337 1403 367 libram
1422 336 1545 375 fecerat
1561 337 1678 378 turm]

979 388 1088 418 Miror
1117 392 1247 418 mutare
1278 387 1437 417 Ursinum
1469 391 1504 417 et
1539 386 1678 418 Ciacco-

979 438 1070 469 nium
1083 438 1335 475 altioresfecerut
1349 442 1460 469 turres.
1484 438 1518 468 Si
1535 438 1676 479 uspiam,

979 492 1074 517 certe
1104 487 1137 517 in
1169 496 1252 517 nave
1283 487 1323 518 ad
1351 487 1470 518 libram
1504 486 1679 527 erigendae

981 541 1103 576 turres,
1127 547 1168 568 ne
1195 538 1228 568 in
1256 538 1318 568 hoc
1345 538 1397 568 vel
1424 537 1505 568 illud
1529 537 1680 568 latusin-

980 588 1158 628 elinantes,
1186 593 1292 619 totam
1314 597 1432 620 navem
1467 588 1679 621 subvertant.

984 639 1113 669 Vossius.

1022 692 1042 720 6
1068 689 1198 719 Teu-res.-
1221 691 1250 719 ct
1266 697 1316 727 ex,
1332 688 1402 729 tra]
1434 687 1516 718 Mss.
1534 694 1570 720 et
1585 688 1678 719 Editi

978 748 1104 778 omnes,
1121 743 1242 775 turres5
1267 743 1303 770 ut
1319 749 1370 777 ex,
1390 740 1442 776 550.
1488 738 1680 779 Mirumque

889 781 925 821 Ϊ
980 799 1094 820 omnes
1112 789 1323 829 Interpretes
1341 789 1449 820 locum
1464 788 1553 818 hunc
1572 788 1680 819 intac-

916 835 928 841 ’”
981 844 1051 870 tum
1076 839 1345 879 praeterrnisisse,
1370 848 1445 870 cum
1463 838 1542 869 illud
1559 842 1593 868 ut
1606 847 1681 869 sen-

226 1047 456 1075 transversnm
481 1042 658 1081 incumbit,
681 1051 700 1072 a
716 1052 780 1084 quo
803 1041 930 1082 depen-
1678 1081 1680 1083 ‚

224 1093 310 1125 dens
340 1092 429 1124 funis
446 1092 523 1123 navi
557 1092 727 1133 alligatur,
758 1092 834 1122 dein
863 1097 930 1122 tro·
973 1088 1045 1128 jam
1072 1088 1152 1118 olim
1179 1088 1261 1128 legit
1289 1088 1490 1119 Vincentius
1519 1088 1682 1136 Pinellus5

225 1144 323 1174 chlea
333 1152 372 1174 ea
383 1143 562 1174 attollitur.
574 1142 631 1173 Sic
644 1142 747 1173 etiam
763 1142 817 1173 hic
829 1142 931 1172 Poin-

226 1195 324 1235 peius
341 1193 524 1224 remulcum
542 1192 574 1222 in
592 1198 728 1232 portum
745 1191 877 1231 defixit,
895 1195 930 1222 et

225 1243 340 1274 multis
358 1242 567 1273 contendens
591 1241 726 1272 funibus
740 1241 930 1272 demersam

226 1303 348 1326 navem
373 1293 536 1324 extraxit.
582 1293 724 1323 Funium
750 1291 929 1322 multitudo

227 1345 333 1383 utilis,
356 1344 435 1385 quia
452 1347 549 1373 tanto
577 1342 685 1382 major
701 1342 750 1373 vis
774 1343 807 1372 in
825 1346 930 1372 attra-

226 1394 349 1433 hendo,
366 1399 492 1435 quanto
506 1404 524 1424 a
541 1393 692 1434 pluribus
707 1394 859 1434 partibus
876 1403 930 1424 na-

227 1445 278 1477 vis
296 1445 416 1477 eodem
431 1449 583 1484 tempore
606 1444 812 1475 sublevatur.
849 1445 930 1485 Sed,

227 1502 266 1528 ut
281 1495 366 1535 dixi,
379 1505 444 1526 non
463 1496 568 1525 solum
581 1495 664 1525 tales
685 1495 857 1526 machinas
874 1495 930 1527 de-

227 1550 325 1577 notat
350 1546 510 1584 remulcus,
537 1554 652 1575 verum
669 1549 703 1574 et
727 1545 838 1575 omnia
855 1556 929 1586 quae

226 1594 307 1627 fune
332 1604 450 1626 navem
475 1594 687 1634 protrahunt.
741 1594 840 1625 Unde
866 1595 931 1625 Au-

227 1646 340 1676 sonius
368 1645 433 1676 alio
464 1645 538 1676 loc-o
563 1644 651 1674 dixit
673 1645 779 1674 celeris
806 1645 931 1675 remulci

226 1707 358 1728 cursum.
411 1697 477 1727 Sed
514 1697 588 1726 liaec
625 1696 715 1726 dicta
751 1695 930 1728 sufficiant.

234 1747 368 1779 Vossius.
400 1747 457 1777 De
481 1746 644 1777 Romuleo
661 1745 750 1784 vide,
775 1756 848 1786 quae
877 1756 931 1777 no-

228 1802 348 1829 tarunt
380 1798 429 1828 M.
463 1796 642 1827 Martinius
674 1797 705 1826 iu
739 1796 865 1827 Lexico
896 1801 932 1828 et

228 1848 339 1880 Henr.
354 1848 512 1878 Valesius
539 1847 581 1877 ad
608 1846 718 1877 Amm.
738 1847 931 1878 Marcellini

227 1906 340 1930 xvut.
357 1902 389 1929 5.
415 1898 521 1928 Clark.
545 1907 614 1927 cur.
633 1907 700 1927 sec.
747 1897 846 1928 Adde
865 1898 932 1928 Ho-

228 1951 355 1978 toman.
374 1947 415 1977 ad
430 1955 468 1977 11.
481 1949 534 1976 28.
554 1951 587 1976 et
604 1951 702 1976 notas
720 1946 760 1976 ad
776 1947 816 1977 Β.
833 1946 930 1978 Alex.

228 2006 260 2028 c.
278 2000 330 2029 ll.
356 1997 364 2013 ‘
381 2006 483 2027 naves
495 1997 642 2027 remulco
655 1996 932 2037 (Mss.remulg0)

227 2047 426 2078 victricibus
441 2047 583 2078 navibus
597 2046 749 2077 deduxit’
767 2048 787 2078 i.
805 2057 834 2078 e.
851 2047 930 2079 fune

230 2097 397 2138 adligatas
415 2098 455 2128 ad
473 2107 575 2127 naves
591 2097 760 2128 victrices.

275 2148 414 2179 Fum’lms
435 2147 581 2186 abduxit]
612 2147 688 2178 Hoc
716 2148 743 2177 si
771 2151 930 2187 respectu

227 2195 360 2228 hostilis
375 2203 491 2238 portus
508 2197 632 2236 capias,
657 2197 793 2228 defendi
819 2203 930 2237 posset

230 2257 272 2278 ex
290 2249 305 2288 ξ
323 2251 353 2277 5.
372 2252 407 2278 et
424 2248 462 2277 iis
492 2258 566 2288 quae
593 2249 707 2278 notavi
734 2248 774 2278 ad
798 2249 837 2279 Β.
856 2249 929 2280 Civ.

230 2305 272 2328 n.
301 2299 353 2328 32.
390 2298 399 2314 ‘
418 2297 517 2330 Quod
554 2307 596 2328 ex
625 2302 726 2338 portu
758 2308 798 2329 cc
829 2309 931 2329 naves

228 2348 452 2388 abduxerim,'
467 2359 533 2390 quo
551 2349 624 2380 loco
641 2350 688 2380 uti
703 2354 737 2380 et
755 2350 828 2380 aliis
845 2351 932 2381 male

229 2400 347 2430 addus.
374 2399 497 2429 editur.
545 2400 671 2430 Verum
696 2399 749 2430 hic
768 2400 848 2430 Mss.
867 2401 932 2431 Pe-

229 2454 301 2480 tav.
318 2449 411 2480 Leid.
437 2459 487 2489 pr.
504 2459 572 2480 sec.
591 2450 717 2480 Lovan.
732 2450 824 2480 Voss.
844 2451 931 2480 Bon-

232 2508 321 2539 gars.
351 2508 426 2528 cum
452 2499 668 2536 Scaligerano
692 2499 850 2538 prtebent
877 2501 931 2530 ‹ul-

226 2549 333 2580 duxit.
369 2549 498 2587 Recte;
523 2548 652 2579 scilieet
666 2548 707 2578 ad
721 2559 754 2579 se
771 2550 930 2581 adtraxit.

232 2599 275 2631 B.
308 2599 351 2630 G.
384 2608 436 2630 111.
464 2603 494 2630 4.
529 2599 538 2615 ‘
555 2599 667 2629 Funcs
697 2600 932 2640 comprehensi

231 2648 439 2689 adductique
455 2647 575 2679 erant!
614 2648 699 2680 Vide
724 2649 858 2680 omuino
875 2660 931 2681 no-

230 2703 285 2730 tas
314 2698 355 2730 ad
384 2699 509 2730 Lucan.
538 2707 591 2730 111.
622 2701 694 2729 700.
730 2700 932 2731 ‘Adductum

981 889 1124 919 tentiam
1155 888 1336 919 manifesto
1363 888 1490 919 turbet.
1550 888 1680 928 Legen-

981 938 1060 968 dum
1076 938 1212 968 videtur
1223 941 1344 968 turres:
1359 947 1410 975 es,
1426 942 1476 976 &a
1494 938 1546 968 vel
1561 941 1680 968 turres.-

981 993 1015 1018 et
1037 998 1088 1023 es,
1112 990 1162 1027 ᾅέ.
1220 988 1365 1028 Irrepsit
1392 987 1537 1019 fortasse
1568 991 1613 1028 ut,
1639 998 1682 1019 ex

981 1042 1147 1079 sequente
1173 1038 1418 1068 ut—‹!i‹lucerct.
1467 1038 1575 1069 Clark.
1636 1038 1682 1069 Et

986 1139 1029 1169 Ut
1046 1148 1130 1179 cape
1150 1148 1210 1179 pro
1237 1142 1353 1178 utpote,
1380 1144 1416 1169 ut
1439 1148 1543 1179 supra
1568 1138 1681 1179 saepis-

981 1189 1075 1221 sime.

987 1263 992 1268 -
1025 1244 1065 1271 10
1090 1241 1288 1281 Desectisque
1312 1240 1534 1280 defensoribus]
1569 1240 1678 1272 Editt.

981 1301 1119 1332 nuperae
1145 1292 1348 1331 dejectisque.-
1371 1291 1430 1321 sed
1455 1291 1636 1323 lectionem
1660 1300 1682 1322 a

982 1350 1035 1371 me
1063 1346 1236 1381 receptam
1264 1340 1425 1370 exhibent
1446 1340 1511 1370 Ms.
1541 1340 1680 1371 Nol-vic.

981 1396 1016 1422 et
1032 1390 1129 1421 editt.
1148 1391 1244 1421 Rom.
1259 1390 1344 1420 Veu.
1362 1389 1522 1420 Beroald.
1568 1390 1622 1421 Sic
1645 1394 1682 1421 et

982 1445 1178 1471 constanter
1205 1440 1260 1470 nlii
1287 1439 1430 1471 Codices
1450 1449 1549 1470 manu
1568 1449 1683 1471 exara-

982 1492 1019 1531 ti,
1041 1496 1077 1522 ut
1095 1496 1240 1522 testatur
1261 1491 1312 1521 vir
1329 1490 1574 1521 eruditissimus
1592 1492 1683 1522 Mar-

982 1542 1130 1583 quardus
1144 1542 1274 1574 Gudius
1287 1541 1328 1571 ad
1343 1541 1480 1571 Phaedri
1499 1542 1578 1572 Fab.
1594 1551 1616 1573 1.
1629 1544 1681 1573 21.

981 1602 1079 1633 quem
1100 1593 1187 1623 vide.
1234 1591 1334 1632 Apud
1365 1591 1550 1631 Sulpicium
1579 1592 1681 1623 Seve-

983 1653 1055 1673 rum
1085 1643 1116 1673 in
1145 1643 1263 1673 eadem
1291 1652 1374 1672 voce
1407 1642 1456 1672 bis
1495 1647 1683 1682 peccarunt

984 1693 1127 1724 Librarii
1143 1703 1150 1723 z
1177 1702 1252 1723 nam
1275 1693 1367 1723 Hist.
1384 1692 1477 1723 Sacr.
1495 1701 1520 1722 1.
1537 1695 1589 1723 54.
1605 1692 1614 1708 ⁴
1628 1692 1681 1723 ha-

983 1744 1085 1775 bemus
1114 1744 1163 1775 ita
1193 1743 1321 1781 defessis
1352 1742 1465 1773 inedia
1496 1741 1682 1773 defensori·

985 1795 1045 1827 bus
1060 1795 1079 1833 3'
1095 1801 1127 1826 et
1146 1804 1186 1826 11.
1200 1798 1252 1825 30.
1270 1797 1278 1811 ‘
1298 1794 1408 1835 Igitur
1421 1792 1550 1831 ‹lcfessis
1565 1791 1682 1824 defeu-

983 1845 1126 1882 soribus,
1153 1846 1304 1885 irrupere
1333 1843 1499 1875 Romani.'
1545 1842 1683 1874 Utrobi-

983 1905 1048 1936 que
1080 1895 1259 1933 legendum
1291 1894 1427 1934 desectae,
1469 1898 1506 1924 ut
1535 1903 1577 1924 ex
1609 1893 1682 1934 ipso

983 1957 1082 1978 sensu
1099 1949 1215 1988 liquet.
1260 1947 1425 1978 Similiter
1449 1947 1481 1977 in
1498 1946 1631 1986 vegetii
1657 1955 1682 1977 ι.

982 2001 1034 2028 29.
1082 1998 1226 2030 Codices
1265 1997 1393 2037 vulgati
1434 2001 1683 2037 repra-§entant

983 2049 991 2064 ‘
1011 2058 1120 2089 neque
1137 2048 1224 2078 enini
1243 2048 1462 2086 degeneravit
1486 2047 1519 2077 in
1544 2046 1683 2077 homini-

983 2099 1043 2129 bus
1073 2099 1217 2129 Martius
1244 2099 1349 2136 calor,
1379 2107 1439 2127 nec
1467 2096 1579 2136 cffoetoe
1605 2100 1682 2127 sunt

983 2154 1096 2186 terra»,
1123 2159 1197 2190 quae
1216 2148 1500 2184 Lacedaemonios,
1517 2150 1579 2179 Rc.
1607 2156 1684 2188 pro-

983 2199 1152 2236 trenueie.¹
1199 2198 1246 2229 At
1267 2208 1307 2228 ex
1326 2198 1485 2229 Modesto
1500 2208 1532 2238 p.
1550 2200 1625 2228 375.
1648 2200 1685 2229 et

983 2250 1047 2281 Ms.
1062 2250 1180 2281 Colon.
1198 2248 1439 2288 reponendum,
1455 2250 1464 2265 ‘
1480 2257 1543 2280 nec
1555 2247 1684 2286 defectoe

983 2304 1062 2330 sunt
1079 2301 1202 2330 terra'ss
1233 2298 1389 2338 Denique
1404 2298 1568 2337 Tibullum,
1580 2298 1683 2338 poeta

983 2350 1210 2385 suavissimus,
1233 2348 1284 2379 El.
1302 2357 1324 2378 1.
1340 2352 1371 2378 5.
1395 2351 1426 2378 9.
1445 2349 1476 2378 iu
1492 2348 1592 2378 editis
1609 2348 1679 2378 ait:

983 2401 991 2416 ‘
1012 2401 1095 2430 Cum
1114 2399 1203 2429 tristi
1230 2398 1348 2428 morbo
1373 2397 1491 2435 defessa
1511 2397 1648 2437 jaceres
1665 2397 1683 2427 :'

982 2451 1075 2490 Lego
1104 2448 1234 2486 desecta.
1299 2448 1354 2478 Sit·
1382 2447 1521 2478 Gratius
1553 2448 1681 2487 Cyneg.

984 2510 1030 2531 VS.
1054 2503 1128 2531 435.
1154 2500 1162 2516 ⁴
1179 2499 1338 2540 pecuaria
1361 2498 1440 2529 tabe
1466 2497 1623 2533 defecta,'
1646 2502 1683 2528 et

983 2551 1158 2581 Vitruvius
1200 2549 1332 2581 Art-hit.
1374 2558 1398 2579 1.
1429 2552 1460 2579 6.
1497 2549 1507 2565 ‘
1529 2547 1682 2579 Defectis

984 2601 1099 2631 morbo
1117 2600 1241 2631 vilibus
1258 2599 1384 2630 eorum’
1402 2599 1530 2630 dixere.
1569 2599 1680 2630 Davis.

984 2651 1182 2692 Dejectisque
1198 2652 1281 2682 Mss.
1297 2656 1332 2681 et
1351 2651 1458 2681 Editt.
1478 2651 1569 2681 Vett.
1585 2649 1683 2687 defcc-

983 2703 1091 2742 tisque.
1137 2701 1235 2734 Quod
1265 2701 1385 2741 probat
1417 2700 1590 2731 Davisius.
1636 2700 1681 2731 U-
