1850 3109
252 166 366 209 1754
679 179 718 209 J.
749 177 886 208 censi
920 179 1272 210 COMMENTARH

254 277 358 315 dies:
401 291 475 315 non
509 278 616 328 potui
649 292 733 328 ego,
782 292 850 316 nee
880 279 1005 329 patria
1031 282 1157 329 potuit
1186 294 1284 326 mea,
1318 279 1478 318 consilio
1513 280 1699 325 omnium,

253 348 331 379 tam
353 341 511 379 honesto
534 343 756 391 lumenta„
777 350 817 379 ut
838 350 894 379 est
915 343 1113 380 consilium
1136 345 1333 388 libertatis,
1356 344 1520 381 obstare.
1575 344 1699 394 quue

253 404 433 455 perfacile
455 405 563 442 fuerit
587 406 783 455 cogitanti,
819 418 878 441 me
898 406 1040 442 Caesari
1061 419 1183 455 neque
1203 406 1367 443 nocendi
1388 420 1543 443 causam
1564 407 1593 443 si
1614 419 1705 456 pos-

256 468 339 513 sim,
373 483 496 518 neque
529 470 556 505 si
581 470 689 505 velim
712 469 922 517 potentiam
955 470 1154 507 habuisse:
1189 478 1229 507 ut
1248 471 1344 506 enim
1366 469 1486 519 fingar
1517 471 1702 519 iugratuS,

255 544 331 568 non
361 538 433 569 tam
457 533 627 575 demens,
663 538 819 581 tamque
851 532 994 569 inscius
1024 545 1148 568 rerum
1183 546 1277 577 sum,
1313 540 1351 570 ut
1383 533 1539 570 tantulis
1561 533 1705 570 viribus

254 596 460 644 expugnari
483 609 594 644 posse
615 595 766 632 credam
800 597 839 632 P.
865 597 1088 634 Romanum.
1146 596 1262 633 Nune
1296 596 1474 645 quoniam
1502 595 1704 645 publicum

256 657 430 696 debitum
471 661 601 708 patria·
640 660 800 703 exsolvi,
841 662 927 697 volo
967 660 1143 708 privatim
1179 659 1283 709 quod
1311 659 1438 695 debeo
1475 659 1704 709 persolvere.

255 721 400 758 Moneo
431 722 544 771 igitur
575 730 613 759 ct
644 723 817 759 obtestor
847 736 991 767 omnes,
1031 723 1255 760 nominatim
1288 723 1482 759 Titurium
1517 723 1703 760 Sabinum

256 797 326 833 pro
339 785 429 832 jure
451 786 618 835 hospitii,
650 786 754 835 qnod
779 787 829 823 illi
848 792 905 823 est
925 799 1088 829 mecum,
1117 782 1159 822 (tt
1178 786 1417 823 indemnitati
1438 799 1515 823 suae
1535 798 1709 823 suorum-

258 860 333 897 que
352 850 553 898 provideat
584 851 779 888 abeundo:
813 863 948 899 magna
981 850 1082 887 enim
1104 851 1390 887 Germanorum
1423 863 1557 886 manus
1588 849 1708 898 pretio

258 911 453 950 conducta
473 915 617 950 transiit
636 927 644 949 :
677 914 794 951 biduo
815 913 953 950 aderit:
987 926 1101 950 unum
1126 913 1224 949 bona
1245 912 1321 949 fide
1344 913 1541 962 polliceor,
1571 912 1712 949 10νίῐο-

257 987 345 1023 que,
377 982 501 1013 tutum
535 990 604 1026 per
638 990 741 1014 meos
775 978 869 1014 {ines
890 978 960 1014 iter
981 977 1076 1014 sore.
1133 978 1190 1013 Ita
1224 984 1263 1013 et
1294 977 1424 1026 patriae
1456 989 1525 1026 pro
1546 976 1711 1013 naturali

251 1038 340 1085 jure
362 1040 605 1083 consutum-0,
639 1040 724 1089 [90]
745 1053 907 1089 eamque
929 1040 1173 1077 hibernorum
1194 1040 1295 1089 gravi
1319 1040 1422 1077 fasce
1442 1040 1641 1085 levavero;
1673 1046 1712 1077 et

259 1101 402 1138 Caesari
441 1115 511 1151 pro
547 1103 623 1140 suis
659 1102 852 1141 beneficiis
874 1104 995 1141 vicem
1029 1103 1247 1147 reddidero,
1287 1103 1553 1152 legionemque
1587 1115 1713 1140 serva-

257 1177 345 1201 vero
367 1165 404 1201 in
425 1166 584 1203 consilio
603 1167 719 1204 modo
740 1173 826 1212 stet,
862 1168 963 1205 baud
985 1167 1103 1205 dubie
1136 1167 1368 1217 perituram?
1426 1168 1495 1203 His
1517 1166 1631 1203 dictis
1651 1166 1713 1203 ille

259 1227 369 1274 abiit,
407 1230 528 1266 nuntii
563 1230 611 1267 ad
646 1230 788 1279 legatos
820 1231 980 1268 redeunt
1010 1231 1217 1268 et-audita
1249 1230 1487 1267 renuntiant:
1521 1229 1647 1266 subita
1675 1243 1715 1267 re

262 1295 289 1310 ¹¹
310 1293 565 1341 periculosius
585 1306 628 1330 ea
650 1294 823 1342 quamvis
853 1294 903 1331 ab
924 1295 1143 1330 dicerentur
1164 1293 1265 1330 baud
1288 1306 1480 1342 ‹litaquam
1501 1292 1717 1343 spernenda

260 1355 503 1402 videbantur,
539 1369 585 1393 eo
616 1357 792 1401 maxime,
813 1358 919 1407 quod
950 1359 1171 1395 Eburonum
1203 1357 1336 1395 civitas
1368 1364 1445 1394 tam
1477 1369 1608 1406 parva,
1643 1356 1717 1393 nisi

259 1419 341 1456 alite
376 1419 656 1469 conspirarent,
686 1433 882 1471 nunquam
918 1427 995 1458 tam
1031 1434 1169 1470 magna
1199 1428 1333 1458 contra
1354 1421 1544 1458 Caesarern
1577 1432 1718 1457 ausura

262 1482 494 1528 crederetur,
516 1497 573 1521 res
594 1484 642 1520 ad
665 1485 866 1522 consilinm
889 1485 1074 1523 defertur.
1135 1485 1211 1522 Ubi
1232 1485 1297 1521 diu
1317 1484 1489 1521 adversis
1512 1484 1715 1521 sententiis

263 1547 521 1585 ¹2altricatum
553 1554 625 1586 est.
681 1550 941 1599 Arunculejus
963 1551 1081 1587 Cotta
1101 1556 1137 1586 et
1159 1549 1302 1585 tribuni
1336 1546 1497 1584 militum
1519 1554 1556 1584 et
1586 1554 1718 1584 centu-

260 1610 384 1649 riones
419 1612 573 1661 plurimi
601 1626 730 1650 secum
753 1614 969 1658 sentientes,
1006 1618 1014 1632 ‘
1033 1613 1253 1661 neutiquam
1287 1610 1566 1648 discedendum
1587 1624 1633 1648 ex
1665 1610 1721 1647 hi·

264 1674 400 1719 bernis,
438 1676 587 1727 absque
622 1677 706 1726 cjus
739 1677 804 1727 qni
840 1677 923 1714 illos
956 1677 1008 1713 ibi
1044 1677 1208 1713 locasset
1239 1675 1414 1724 imperio,
1451 1675 1720 1712 consulebant.

262 1739 396 1776 Castra
416 1740 516 1777 enim
539 1741 662 1778 valida
683 1748 722 1778 et
743 1742 899 1786 munita,
920 1747 957 1778 et
979 1740 1007 1760 ¹³
1021 1740 1305 1778 frumentariam
1325 1738 1481 1776 abunde
1502 1745 1720 1788 suppetere.

263 1803 415 1847 Quibus
445 1804 497 1841 ita
516 1818 553 1842 se
585 1805 818 1842 habentibus
838 1812 875 1842 et
910 1805 1105 1842 Eburones
1125 1811 1163 1842 et
1192 1805 1410 1842 Germanos
1432 1802 1461 1839 si
1490 1802 1722 1839 accesserint

262 1866 374 1905 facile
395 1869 570 1906 sustineri
605 1881 742 1918 posse:
774 1869 924 1906 interim
958 1869 1015 1905 vel
1047 1882 1068 1905 a
1100 1869 1252 1906 Caesare
1272 1867 1332 1903 vel
1367 1879 1388 1902 a
1423 1865 1722 1915 proximioribus

263 1929 432 1967 hibernis
452 1932 592 1968 auxilia
614 1938 785 1969 ventura.
845 1933 1046 1969 Postremo
1080 1931 1174 1968 niltil
1207 1929 1359 1966 stultius
1390 1940 1505 1977 quain
1539 1927 1575 1963 in
1601 1926 1722 1964 dubio

264 1995 312 2032 de
340 2009 408 2032 sua
428 1996 550 2033 salute
584 1996 633 2032 ab
653 1997 814 2045 antiquo
849 1997 956 2033 ltoste
988 1995 1194 2032 consilium
1228 1993 1432 2041 accipere!
1485 1992 1630 2028 Contra
1651 1991 1723 2028 ista

261 2059 435 2096 Titurius
479 2059 646 2097 Sabinus
687 2066 829 2097 metum
860 2060 985 2096 verbis
1021 2071 1161 2108 augere
1200 2063 1238 2094 et
1277 2057 1396 2092 multa
1433 2054 1574 2098 dicere,
1615 2058 1624 2073 ‘
1647 2066 1722 2090 non

265 2124 414 2161 consilii
452 2130 677 2168 auctorem;
723 2124 790 2160 sed
836 2123 1037 2160 consilium
1084 2120 1373 2163 extimandum„
1408 2124 1447 2155 et
1497 2130 1573 2154 nou
1625 2117 1725 2167 quis,

266 2187 331 2225 sed
363 2188 466 2237 quod
507 2188 672 2237 quisque
712 2187 815 2224 dicat
853 2186 1144 2224 attendendum.
1200 2184 1365 2222 Credere
1404 2195 1443 2218 se
1480 2181 1726 2219 Caesaremin

267 2251 416 2288 ltaliam
450 2251 683 2301 profectum,
719 2264 796 2301 quo
830 2258 1019 2300 praesente
1052 2263 1177 2300 neque
1210 2249 1410 2286 Eburones
1443 2246 1518 2282 boc
1551 2257 1725 2290 ausuros,

267 2327 392 2363 neque
431 2315 618 2351 Caruntes
658 2314 870 2364 principem
921 2328 1030 2352 suum
1069 2314 1096 2335 ¹⁴
1113 2326 1226 2364 quam
1265 2311 1399 2348 diebus
1453 2308 1524 2344 illis
1574 2307 1726 2344 occisu-

264 2389 339 2413 ros.
415 2377 580 2413 Galliam
618 2376 795 2426 profecto
829 2378 929 2414 odiis
963 2377 1180 2426 ingentibus
1212 2374 1487 2412 inflammatam
1518 2377 1557 2408 et
1587 2377 1726 2407 contu·-

268 2439 390 2477 meliis
411 2440 608 2485 irritatam,
643 2454 714 2488 nec
735 2441 857 2478 videri
878 2441 950 2477 sibi
971 2454 1054 2478 eam
1075 2454 1157 2477 esse
1178 2438 1343 2476 Galliam
1365 2449 1452 2486 quae
1474 2435 1638 2478 solebat,
1658 2432 1725 2472 sed

267 2503 378 2541 aliam
399 2503 531 2540 nescio
553 2516 667 2552 quam
687 2511 845 2541 externo
867 2503 1058 2540 subditam
1082 2503 1253 2552 imperio,
1276 2508 1392 2550 atque
1415 2500 1570 2548 inopem
1592 2496 1725 2547 gloriae

269 2567 452 2605 militaris.
509 2568 759 2605 Germaniam
794 2568 917 2605 Rheni
947 2567 1107 2605 transitu
1127 2574 1166 2604 et
1187 2565 1367 2603 Ariovisti
1389 2563 1506 2613 fuga3
1534 2574 1579 2598 ae
1601 2565 1724 2599 morte

313 2665 352 2693 lo
377 2663 479 2703 Lege,
485 2661 710 2702 juraque—11
740 2663 857 2702 Forte,
870 2663 1016 2704 perculsi,
1032 2664 1109 2703 quod
1125 2672 1172 2700 ca,
1188 2662 1326 2702 quamvis
1340 2659 1378 2690 ab
1393 2659 1478 2689 hoste
1493 2657 1725 2689 dicerentur.—

272 2719 309 2747 12
331 2715 436 2756 Lege,
451 2715 730 2748 altercatum—13
756 2717 866 2758 Adde,
882 2720 1044 2749 reum—14
1071 2717 1184 2757 Forte,
1203 2717 1245 2746 in.
