1850 3109
436 195 769 237 CAr.33.L1m
803 204 866 234 nu
900 203 1284 236 BannoxnsrAN.

145 302 222 333 lunt.
238 311 321 333 conv.
337 300 421 332 univ.
434 304 467 331 ut
483 298 637 340 timorem,
660 302 712 339 ⁸5⁶·

191 357 229 384 10
254 353 403 392 Fugiens,
427 351 502 382 Sex.
525 351 592 391 bra]
642 352 727 383 Mss.
756 352 840 391 Πομ.

145 408 181 434 ct
212 403 337 433 Eliens.
359 401 472 439 sugit:
498 403 599 442 Sext,
629 404 680 441 ἔμ’.
741 401 842 435 Quod

147 452 233 483 idem
250 457 313 483 cst.
339 453 445 483 Clark.
483 453 579 491 Fugit
602 453 759 494 rescripsi
776 452 843 483 fide

145 503 266 533 Petav.
293 503 506 533 Leidensinm
532 509 567 535 et
587 505 694 534 Dorv.

190 556 229 583 12
254 553 338 588 Quos
361 554 488 593 equite&
503 555 579 594 quod
592 554 729 594 pecunia’
744 563 845 584 secum

144 602 263 642 habuit,
291 604 335 633 cis
368 603 544 643 distribuit]
584 604 667 635 Hanc
701 604 845 634 barbara

144 662 278 692 prorsus
295 657 330 683 et
347 653 521 684 incondita
545 659 598 685 est
623 654 844 685 constructio.

145 702 253 735 Editt.
275 705 371 735 Roui.
389 705 512 735 Venet.
537 705 697 735 Beroald.
723 714 846 745 reprae-

144 758 296 794 sentant,
333 765 406 795 quos
434 756 551 795 equites
577 764 691 786 secum
714 756 844 794 habuit,

144 806 221 844 quod
230 805 367 845 pecuniae
378 815 477 836 secum
488 805 608 845 habuit,
618 806 663 837 eis
673 805 846 846 distribuit,

146 865 185 886 ac
201 855 247 886 ita
263 856 365 886 etiam
390 860 537 888 testante
560 856 660 888 Joan.
675 856 846 896 Goduino,

145 905 230 935 Mss.
249 914 275 936 11
292 906 451 936 Thuauaei
467 917 475 945 ;
498 916 561 938 uec
575 916 654 937 sane
670 907 727 936 illa
742 906 846 937 lectio

146 954 179 985 iu
195 955 362 995 scriptore
390 961 457 987 tani
486 956 622 987 horrido
641 966 776 998 prorsus
793 961 847 988 est

146 1006 368 1046 aspernanda.
414 1008 478 1038 Ms.
498 1007 603 1039 Norv.
621 1008 760 1040 exhibet
775 1018 847 1048 quos

144 1057 261 1096 equites
288 1067 388 1088 secum
411 1058 529 1097 habuit,
559 1059 607 1088 his
640 1061 718 1099 quod
747 1069 847 1090 secum

140 1106 291 1146 pecunioe,
317 1107 361 1137 eis
386 1108 560 1145 distribuit,
589 1109 678 1139 unde
709 1109 847 1140 minima

144 1157 329 1187 mutatione
355 1158 610 1188 rescribendum
634 1164 752 1199 putem
776 1170 848 1199 quos

143 1207 263 1247 equites
277 1217 380 1238 secum
404 1208 511 1240 habuit
539 1209 577 1247 is,
599 1210 677 1250 quod
687 1219 787 1240 secum
796 1220 848 1250 pe-

144 1259 255 1295 cuniae,
286 1261 330 1290 eis
363 1260 535 1300 distribuit,
571 1261 628 1301 qui
656 1261 846 1302 rotundior,

145 1310 210 1340 nisi
226 1320 278 1341 me
295 1309 383 1341 fallit
400 1311 539 1351 animus,
563 1316 598 1342 et
623 1316 762 1343 auctore
780 1312 848 1343 Ro-

145 1370 244 1391 mano
274 1360 407 1401 dignior
437 1366 488 1392 est
519 1362 679 1403 loquendi
716 1362 846 1393 modus.

144 1410 258 1443 Daris.
302 1412 368 1442 Sed
397 1416 434 1442 et
463 1413 536 1443 lia‘c
568 1412 684 1444 durior
707 1413 847 1445 locutio.

146 1462 261 1504 Atque
277 1463 344 1494 Ms.
363 1464 499 1504 quidem
525 1465 639 1505 istum,
662 1466 770 1496 minus
794 1475 848 1497 ac-

146 1517 264 1544 curate
294 1515 508 1556 transcripsit
532 1516 596 1547 Vir
626 1516 848 1549 doctissimus.

146 1563 200 1595 Sic
217 1564 304 1595 enim
326 1575 388 1605 ego
406 1565 440 1596 in
458 1566 522 1598 isto
539 1568 665 1599 Codice
682 1569 847 1609 scriptum

148 1615 306 1654 repperi3
345 1616 461 1656 (quam
500 1617 635 1649 demum
665 1624 701 1650 et
730 1629 848 1650 veram

147 1675 220 1697 esse
236 1666 416 1697 lectionem
434 1667 588 1699 existimo
602 1669 628 1709 ς)
651 1680 722 1709 quos
734 1671 850 1710 equites

146 1725 247 1747 secum
274 1716 393 1756 habuit,
419 1726 490 1755 His,
512 1720 590 1758 quod
613 1719 719 1751 habuit
748 1730 848 1751 secum

143 1768 294 1807 pecunioe,
308 1768 481 1800 distribuit.
516 1770 623 1800 Clark.
671 1770 755 1801 Cum
783 1771 849 1801 Eli-

146 1817 219 1848 ensi
245 1817 286 1848 de
307 1828 400 1849 more
427 1820 596 1850 consentit
619 1820 848 1852 Petavianus:

147 1878 226 1900 cum
243 1869 306 1900 Ed.
331 1870 429 1900 Rom.
461 1869 545 1900 facit
571 1871 847 1902 Mediolanensis.

147 1918 189 1949 In
213 1919 308 1950 Leid.
336 1929 389 1960 pr.
436 1920 521 1955 Quos
544 1930 589 1961 eq.
617 1931 730 1960 secum,
757 1923 849 1962 quod.

147 1969 247 2010 bene,
273 1970 301 2000 si
327 1970 427 2001 modo
451 1970 500 2001 his
528 1980 635 2011 ponas
663 1976 742 2002 ante
771 1973 851 2011 quod

144 2031 210 2061 pec.
249 2031 324 2052 nam
363 2021 469 2052 habuit
503 2022 584 2053 satis
622 2022 849 2063 subintelligi-

151 2075 220 2102 tur.

193 2124 233 2152 10
255 2122 359 2153 Antea
392 2124 546 2164 Pompeii]
576 2124 752 2165 Nonnulli,
778 2127 851 2155 ante

148 2183 167 2204 a
192 2173 349 2214 Pompeio.
395 2174 497 2206 Quod
525 2174 614 2206 idem
639 2180 700 2206 est.
741 2176 850 2206 Clark.

149 2223 233 2255 Ante
248 2235 267 2254 ιι
283 2225 323 2255 Ρ.
342 2229 395 2255 est
410 2224 443 2255 in
458 2225 526 2256 Ms.
538 2226 666 2257 Ursini.
709 2226 852 2266 Pompeii

148 2277 241 2305 antea
267 2275 361 2306 Leid.
386 2285 438 2315 pr.

192 2328 234 2356 20
263 2326 307 2356 L‘t
332 2326 491 2357 mitterent
506 2326 661 2366 lecticam]
682 2326 739 2357 Sic
758 2336 853 2367 repo-

151 2376 203 2407 sui
225 2385 268 2407 ex
296 2376 363 2407 Ms.
388 2377 493 2408 Norv.
510 2376 719 2417 eandemque
734 2377 852 2407 lectio-

152 2435 230 2457 nem
259 2426 293 2457 in
325 2426 410 2457 Cod.
437 2426 565 2458 Thuan.
593 2427 725 2467 reperit
753 2427 852 2458 Joan.

153 2476 342 2508 Goduinus.
398 2477 438 2508 In
476 2478 590 2518 vulgg.
626 2480 661 2508 ut
699 2477 855 2508 mitteret

151 2527 309 2563 lecticam,-
339 2527 446 2558 male:
486 2537 552 2559 non
582 2527 672 2558 enim
692 2527 855 2567 singulari

154 2577 302 2618 cuipiam
317 2578 454 2619 homini,
469 2578 529 2609 sed
550 2579 633 2619 ipsis
650 2578 856 2619 Cartejensi-

155 2625 218 2657 bus
244 2627 332 2658 hunc
358 2628 516 2659 nuncium
547 2627 638 2659 misit
663 2629 725 2660 Cn.
755 2629 855 2659 Pom-

157 2675 264 2714 peius.
303 2677 413 2708 Daris.
472 2678 641 2708 Mitterent
666 2682 702 2709 et
727 2678 762 2708 in
785 2678 854 2708 Ms.

158 2724 266 2764 Regio
302 2726 468 2766 scriptum
499 2727 650 2769 repperi.
701 2728 856 2768 Scaliger

159 2777 195 2805 et
210 2774 376 2816 plerique,
391 2776 540 2808 mitteret.
587 2777 656 2810 Qui
676 2786 792 2809 sensus
803 2781 858 2809 est

1484 195 1597 239 1671

891 297 1015 328 nullus.
1042 298 1149 329 Clark.
1175 298 1339 328 Mitterent
1353 307 1485 339 quoque
1499 300 1596 334 Leid.

892 358 944 389 pr.
973 353 1008 380 et
1040 349 1162 380 Petav.
1194 348 1300 379 mittat
1339 349 1435 380 Leid.
1463 359 1531 381 sec.
1561 357 1597 383 et

896 400 1001 430 Dorv.

937 453 977 481 23
1003 451 1120 491 Erant]
1142 450 1196 481 Sic
1214 450 1280 481 Ms.
1303 450 1387 489 Reg.
1415 448 1469 481 ΑΙ.
1487 455 1598 482 essent.

896 501 1009 542 Atque
1038 506 1183 542 utroque
1215 500 1352 542 quidem
1381 500 1479 530 modo
1507 500 1599 542 loqui

896 554 982 583 solet
1011 553 1064 583 hic
1091 552 1234 583 Auctor.
1276 553 1384 583 Clark.
1430 552 1522 582 Male
1553 553 1602 584 ita.

896 605 1063 644 Clarkius,
1087 605 1169 635 licet
1193 609 1228 635 et
1259 603 1406 635 Dorvill.
1437 608 1472 635 et
1503 604 1600 637 Leid.

896 665 965 686 sec.
989 665 1029 686 ac
1061 658 1079 685 3
1109 655 1233 686 Gallie.
1259 655 1361 685 etiam
1392 655 1474 685 dent
1500 659 1601 687 erant.

895 706 1025 746 Sequor
1039 705 1150 745 potius
1164 705 1364 736 vetustiores
1377 705 1490 736 libros.
1518 705 1602 736 Sub-

890 755 1084 795 junctivum
1099 755 1189 785 euim
1203 755 1308 786 multo
1320 755 1427 796 magis
1441 758 1532 786 amat
1546 755 1601 787 hic

896 810 1036 844 auctor3
1061 809 1099 836 ut
1127 815 1157 836 c.
1184 808 1237 836 37.
1264 807 1330 836 διο.
1382 806 1506 837 Statim
1538 815 1601 847 pro

895 856 1064 887 clanculum
1079 856 1215 897 Lipsius
1231 856 1376 897 margini
1387 856 1515 888 adlevit
1529 857 1601 888 Cal-

895 908 1019 938 titium.

939 962 978 989 25
1006 960 1083 994 Quoe
1111 959 1217 1000 vellet]
1255 959 1313 991 Ita
1341 969 1384 991 ex
1415 959 1483 991 Ms.
1512 959 1601 1000 Reg.

898 1011 1232 1051 restitui‚clamante
1257 1016 1293 1043 et
1318 1011 1391 1052 ipsa
1414 1021 1462 1043 re.
1507 1011 1603 1042 Editi

897 1071 1023 1101 omnes,
1053 1073 1120 1102 (μω
1147 1063 1286 1095 vellent.
1346 1063 1462 1103 Longe
1493 1062 1603 1093 minus

897 1117 1062 1151 venuste,
1088 1117 1123 1143 ct
1151 1123 1251 1143 sensu
1275 1113 1384 1143 minus
1413 1112 1603 1144 commodo.

899 1164 1008 1193 Clark.
1068 1163 1215 1195 Accedit
1254 1164 1350 1196 Leid.
1390 1174 1459 1196 sec.
1489 1164 1541 1205 qui
1573 1173 1603 1196 v.

898 1212 996 1242 Leid.
1012 1222 1064 1252 pr.

942 1271 1082 1294 xxxin.
1107 1265 1123 1293 1
1151 1261 1287 1302 Munda]
1310 1263 1423 1294 Deest
1451 1263 1516 1295 hoc
1547 1273 1605 1295 no-

898 1313 1021 1344 meniu
1038 1312 1222 1344 Codicibus
1236 1313 1303 1344 Ms.
1317 1317 1353 1344 et
1369 1313 1491 1344 Editis.
1535 1313 1604 1345 Sed

899 1363 941 1394 ad
959 1373 1094 1394 sensum
1107 1363 1337 1394 necessarium
1354 1367 1427 1401 est3
1452 1368 1487 1394 et
1501 1362 1603 1404 forte,

898 1414 942 1445 ob
957 1413 1043 1444 initii
1067 1413 1336 1453 similitudinem,
1359 1414 1393 1444 in
1409 1423 1528 1446 vocem
1553 1424 1604 1446 se·

898 1470 1070 1506 quentein‚
1093 1466 1274 1506 munitione,
1300 1465 1497 1506 absorptum
1523 1464 1602 1497 fuit.

901 1516 1008 1548 Clark.
1053 1516 1247 1547 Obsecutus
1278 1525 1351 1547 sum
1380 1517 1460 1547 viris
1494 1516 1602 1548 doctis

899 1567 1113 1606 Rhellicano,
1152 1566 1376 1606 Glandorpio,
1421 1567 1605 1598 Ciacconio

899 1621 934 1648 et
949 1617 1086 1648 Clarkio
1111 1617 1264 1647 Mundam
1289 1616 1408 1647 deesse
1433 1617 1603 1648 censenti·

899 1666 975 1706 bus,
992 1676 1136 1708 eamque
1152 1676 1273 1698 vocem
1291 1667 1404 1699 sensui
1419 1667 1605 1699 necessari-

899 1727 953 1748 am
967 1717 1094 1749 addidi.

941 1770 962 1797 9
999 1768 1158 1809 Opimam]
1195 1768 1280 1799 Mss.
1313 1769 1480 1810 plerique,
1525 1769 1605 1809 opti·

898 1828 991 1849 mam.
1018 1819 1126 1849 Clark.
1171 1819 1284 1850 Etiam
1307 1819 1503 1860 Leidenses,
1525 1818 1606 1850 Pet.

900 1873 936 1900 et
951 1869 1056 1899 Dorv.
1071 1874 1106 1900 et
1123 1869 1210 1901 Edd.
1227 1870 1358 1910 aliquot
1373 1871 1474 1909 male,
1491 1874 1527 1901 at
1541 1869 1606 1901 sol-

899 1919 1000 1949 lemni
1017 1928 1144 1950 errore.
1190 1919 1321 1960 Ineptit
1338 1919 1532 1957 Goduinus,
1548 1919 1606 1960 qui

899 1970 1047 2009 optimam
1083 1969 1227 2010 praefert
1263 1980 1305 2000 ex
1345 1972 1363 2001 3
1403 1969 1605 2001 Gallicanis.

899 2020 1031 2051 Passim
1044 2021 1137 2060 dapes
1151 2021 1272 2061 opimae,
1285 2022 1337 2060 &a
1355 2024 1550 2052 occurrunt.

944 2070 1195 2111 Instemendam]
1238 2069 1330 2101 Huic
1354 2070 1432 2101 voci
1457 2070 1604 2111 spatium

901 2121 936 2152 in
961 2121 1029 2152 Ms.
1055 2120 1195 2152 Norvic.
1222 2130 1366 2152 vacuum
1382 2120 1608 2162 relinquitur:

902 2173 1003 2204 editt.
1036 2177 1149 2204 autem
1176 2173 1274 2204 Rom.
1297 2172 1421 2204 Venet.
1445 2171 1608 2203 Beroald-

902 2223 1066 2254 exhibent
1087 2223 1330 2261 instar-nendum,
1359 2222 1450 2264 quod
1476 2222 1609 2263 melius,

903 2277 941 2305 ut
958 2274 1092 2314 opinor,
1102 2278 1138 2306 et
1152 2274 1292 2305 rectius.
1315 2273 1427 2304 Datis.
1468 2272 1510 2303 In
1522 2272 1608 2303 Mss.

905 2325 993 2365 Reg.
1011 2329 1047 2355 et
1062 2324 1173 2355 Vossii
1187 2324 1263 2355 loco
1276 2323 1349 2364 ejus
1366 2323 1531 2362 scriptum
1555 2326 1609 2354 est

903 2374 1125 2415 superadditis.
1166 2375 1275 2405 Clark.
1320 2373 1362 2405 In
1390 2372 1480 2404 Edd.
1506 2373 1609 2413 vulgo

906 2430 986 2456 aute
1031 2426 1120 2456 Scal.
1168 2425 1352 2456 exhibetur
1386 2423 1610 2464 superadditis.

907 2476 972 2507 Sed
988 2476 1135 2507 insternit
1158 2480 1212 2506 est
1239 2475 1275 2506 in
1301 2474 1415 2506 Ciace.
1441 2474 1508 2505 Ms.
1555 2474 1610 2504 In-

904 2527 1057 2558 sternitur
1083 2526 1166 2557 dant
1190 2525 1338 2556 Dorvill.
1367 2528 1403 2556 et
1424 2523 1520 2555 Leid.
1537 2532 1607 2554 sec.

907 2581 943 2608 at
974 2577 1201 2607 insternendam
1235 2576 1358 2607 Petav.
1396 2584 1473 2606 cum
1522 2572 1607 2604 Cod.

906 2627 1034 2659 Ursini.
1078 2626 1147 2658 Sed
1160 2627 1392 2657 insternendum
1406 2624 1494 2654 bene
1512 2621 1607 2653 Leid.

905 2688 956 2720 pr.
971 2678 1098 2718 Scalig.
1124 2681 1160 2708 et
1174 2676 1263 2708 Edd.
1278 2674 1373 2706 Med.
1397 2673 1482 2703 Ven.
1529 2672 1607 2702 Nec

906 2739 991 2770 opus
1007 2733 1047 2760 ut
1071 2738 1149 2760 cum
1176 2727 1231 2758 Ill.
1262 2724 1405 2756 Heinsio
1432 2722 1606 2763 suppleas,

906 2779 983 2811 item
995 2780 1109 2811 lectum
1131 2781 1196 2819 opt.
1217 2775 1447 2808 instet-nendum
1472 2783 1503 2806 v.
1548 2772 1605 2804 sic
