<?xml version="1.0" encoding="UTF-8"?>
<!DOCTYPE html PUBLIC "-//W3C//DTD XHTML 1.0 Transitional//EN"
    "http://www.w3.org/TR/xhtml1/DTD/xhtml1-transitional.dtd">
<html xmlns="http://www.w3.org/1999/xhtml" xml:lang="en" lang="en">
 <head>
  <title>
</title>
<meta http-equiv="Content-Type" content="text/html;charset=utf-8" />
  <meta name='ocr-system' content='tesseract 3.04.00' />
  <meta name='ocr-capabilities' content='ocr_page ocr_carea ocr_par ocr_line ocrx_word'/>
</head>
<body>
  <div class='ocr_page' id='page_1' title='image "./operaomniaexedit04caesuoft_0160.png"; bbox 0 0 1850 3109; ppageno 0'>
   <div class='ocr_carea' id='block_1_1' title="bbox 287 183 400 228">
    <p class='ocr_par' dir='ltr' id='par_1_1' title="bbox 287 183 400 228">
     <span class='ocr_line' id='line_1_1' title="bbox 287 183 400 228; baseline 0 -3"><span class='ocrx_word' id='word_1_1' title='bbox 287 183 400 228; x_wconf 75' lang='lat'>1554</span> 
     </span>
    </p>
   </div>
   <div class='ocr_carea' id='block_1_2' title="bbox 287 286 1006 2802">
    <p class='ocr_par' dir='ltr' id='par_1_2' title="bbox 288 286 992 581">
     <span class='ocr_line' id='line_1_2' title="bbox 288 286 990 330; baseline -0.006 -11"><span class='ocrx_word' id='word_1_2' title='bbox 288 288 434 330; x_wconf 85' lang='lat' dir='ltr'>primum</span> <span class='ocrx_word' id='word_1_3' title='bbox 451 287 604 319; x_wconf 80' lang='lat' dir='ltr'>subsidia</span> <span class='ocrx_word' id='word_1_4' title='bbox 622 286 861 319; x_wconf 67' lang='lat' dir='ltr'><strong>Alexandriam</strong></span> <span class='ocrx_word' id='word_1_5' title='bbox 879 287 990 317; x_wconf 72' lang='lat' dir='ltr'>initte-</span> 
     </span>
     <span class='ocr_line' id='line_1_3' title="bbox 289 337 990 377; baseline -0.006 -7"><span class='ocrx_word' id='word_1_6' title='bbox 289 343 358 376; x_wconf 84' lang='lat' dir='ltr'>ret;</span> <span class='ocrx_word' id='word_1_7' title='bbox 388 339 459 377; x_wconf 86' lang='lat' dir='ltr'>ipse</span> <span class='ocrx_word' id='word_1_8' title='bbox 489 339 622 369; x_wconf 85' lang='lat' dir='ltr'>interim</span> <span class='ocrx_word' id='word_1_9' title='bbox 641 348 716 368; x_wconf 86' lang='lat' dir='ltr'>cum</span> <span class='ocrx_word' id='word_1_10' title='bbox 742 341 814 367; x_wconf 90' lang='lat' dir='ltr'>toto</span> <span class='ocrx_word' id='word_1_11' title='bbox 838 337 990 367; x_wconf 69' lang='lat' dir='ltr'>exercitu</span> 
     </span>
     <span class='ocr_line' id='line_1_4' title="bbox 290 387 992 427; baseline -0.007 -7"><span class='ocrx_word' id='word_1_12' title='bbox 290 398 443 421; x_wconf 78' lang='lat' dir='ltr'>Pnopws</span> <span class='ocrx_word' id='word_1_13' title='bbox 483 389 676 427; x_wconf 74' lang='lat' dir='ltr'><strong>accederet,</strong></span> <span class='ocrx_word' id='word_1_14' title='bbox 705 388 746 418; x_wconf 84' lang='lat' dir='ltr'>ad</span> <span class='ocrx_word' id='word_1_15' title='bbox 783 387 992 417; x_wconf 80' lang='lat' dir='ltr'>distinendas</span> 
     </span>
     <span class='ocr_line' id='line_1_5' title="bbox 288 438 992 480; baseline -0.007 -9"><span class='ocrx_word' id='word_1_16' title='bbox 288 440 381 479; x_wconf 81' lang='lat' dir='ltr'>regis</span> <span class='ocrx_word' id='word_1_17' title='bbox 409 440 537 480; x_wconf 66' lang='lat' dir='ltr'>copias.</span> <span class='ocrx_word' id='word_1_18' title='bbox 564 440 672 469; x_wconf 82' lang='lat' dir='ltr'><strong><em>Clark.</em></strong></span> <span class='ocrx_word' id='word_1_19' title='bbox 720 438 759 468; x_wconf 89' lang='lat' dir='ltr'>In</span> <span class='ocrx_word' id='word_1_20' title='bbox 784 438 894 477; x_wconf 85' lang='lat' dir='ltr'>Marg.</span> <span class='ocrx_word' id='word_1_21' title='bbox 912 438 992 467; x_wconf 74' lang='lat' dir='ltr'>vas-</span> 
     </span>
     <span class='ocr_line' id='line_1_6' title="bbox 288 489 992 529; baseline -0.003 -7"><span class='ocrx_word' id='word_1_22' title='bbox 288 501 358 524; x_wconf 77' lang='lat' dir='ltr'>cos.</span> <span class='ocrx_word' id='word_1_23' title='bbox 391 491 562 521; x_wconf 75' lang='lat' dir='ltr'>invenitur</span> <span class='ocrx_word' id='word_1_24' title='bbox 587 490 774 529; x_wconf 80' lang='lat' dir='ltr'><strong><em>priusquam.</em></strong></span> <span class='ocrx_word' id='word_1_25' title='bbox 818 489 910 519; x_wconf 82' lang='lat' dir='ltr'>Hinc</span> <span class='ocrx_word' id='word_1_26' title='bbox 939 489 992 520; x_wconf 86' lang='lat' dir='ltr'>Ill.</span> 
     </span>
     <span class='ocr_line' id='line_1_7' title="bbox 290 539 970 581; baseline -0.006 -8"><span class='ocrx_word' id='word_1_27' title='bbox 290 542 409 573; x_wconf 81' lang='lat' dir='ltr'>Heins.</span> <span class='ocrx_word' id='word_1_28' title='bbox 427 541 572 581; x_wconf 84' lang='lat' dir='ltr'>conjecit</span> <span class='ocrx_word' id='word_1_29' title='bbox 597 540 753 580; x_wconf 77' lang='lat' dir='ltr'>priusque.</span> <span class='ocrx_word' id='word_1_30' title='bbox 790 539 847 570; x_wconf 81' lang='lat' dir='ltr'>Nil</span> <span class='ocrx_word' id='word_1_31' title='bbox 866 544 970 569; x_wconf 83' lang='lat' dir='ltr'>muta.</span> 
     </span>
    </p>

    <p class='ocr_par' dir='ltr' id='par_1_3' title="bbox 287 590 997 1027">
     <span class='ocr_line' id='line_1_8' title="bbox 333 590 992 630; baseline -0.005 -7"><span class='ocrx_word' id='word_1_32' title='bbox 333 594 502 624; x_wconf 68' lang='grc' dir='ltr'><strong>ΧΧΧΙΧ..8</strong></span> <span class='ocrx_word' id='word_1_33' title='bbox 527 592 565 622; x_wconf 84' lang='grc'>111</span> <span class='ocrx_word' id='word_1_34' title='bbox 580 591 726 622; x_wconf 79' lang='lat' dir='ltr'>subsidiis</span> <span class='ocrx_word' id='word_1_35' title='bbox 747 590 915 630; x_wconf 73' lang='lat' dir='ltr'>collocatis]</span> <span class='ocrx_word' id='word_1_36' title='bbox 938 590 992 621; x_wconf 87' lang='lat' dir='ltr'>Sic</span> 
     </span>
     <span class='ocr_line' id='line_1_9' title="bbox 290 640 992 683; baseline -0.006 -9"><span class='ocrx_word' id='word_1_37' title='bbox 290 647 384 674; x_wconf 85' lang='lat' dir='ltr'>recte</span> <span class='ocrx_word' id='word_1_38' title='bbox 401 643 468 674; x_wconf 86' lang='lat' dir='ltr'>Ms.</span> <span class='ocrx_word' id='word_1_39' title='bbox 485 643 589 673; x_wconf 70' lang='lat' dir='ltr'>Norv.</span> <span class='ocrx_word' id='word_1_40' title='bbox 604 647 705 683; x_wconf 79' lang='lat' dir='ltr'>atque</span> <span class='ocrx_word' id='word_1_41' title='bbox 723 642 770 672; x_wconf 85' lang='lat' dir='ltr'>ita</span> <span class='ocrx_word' id='word_1_42' title='bbox 791 640 902 672; x_wconf 79' lang='lat' dir='ltr'>edidit</span> <span class='ocrx_word' id='word_1_43' title='bbox 919 641 992 673; x_wconf 68' lang='lat' dir='ltr'>JoS.</span> 
     </span>
     <span class='ocr_line' id='line_1_10' title="bbox 287 691 992 733; baseline -0.004 -10"><span class='ocrx_word' id='word_1_44' title='bbox 287 692 461 733; x_wconf 82' lang='lat' dir='ltr'>Scaliger:</span> <span class='ocrx_word' id='word_1_45' title='bbox 487 692 521 722; x_wconf 84' lang='lat' dir='ltr'>in</span> <span class='ocrx_word' id='word_1_46' title='bbox 539 691 636 723; x_wconf 80' lang='lat' dir='ltr'><strong>editt.</strong></span> <span class='ocrx_word' id='word_1_47' title='bbox 661 698 773 723; x_wconf 86' lang='lat' dir='ltr'>antem</span> <span class='ocrx_word' id='word_1_48' title='bbox 793 693 889 722; x_wconf 83' lang='lat' dir='ltr'>Rom.</span> <span class='ocrx_word' id='word_1_49' title='bbox 907 691 992 721; x_wconf 83' lang='lat' dir='ltr'>Ven.</span> 
     </span>
     <span class='ocr_line' id='line_1_11' title="bbox 289 741 996 783; baseline -0.006 -9"><span class='ocrx_word' id='word_1_50' title='bbox 289 741 450 774; x_wconf 88' lang='lat' dir='ltr'>Beroald.</span> <span class='ocrx_word' id='word_1_51' title='bbox 481 743 620 783; x_wconf 80' lang='lat' dir='ltr'>aliisque</span> <span class='ocrx_word' id='word_1_52' title='bbox 649 742 776 781; x_wconf 79' lang='lat' dir='ltr'>legitur</span> <span class='ocrx_word' id='word_1_53' title='bbox 807 742 839 771; x_wconf 85' lang='lat' dir='ltr'>in</span> <span class='ocrx_word' id='word_1_54' title='bbox 873 741 996 771; x_wconf 80' lang='lat' dir='ltr'>insidiis·</span> 
     </span>
     <span class='ocr_line' id='line_1_12' title="bbox 287 791 993 832; baseline -0.001 -10"><span class='ocrx_word' id='word_1_55' title='bbox 287 793 461 828; x_wconf 67' lang='lat' dir='ltr'>wllocatis:</span> <span class='ocrx_word' id='word_1_56' title='bbox 495 792 640 823; x_wconf 76' lang='lat' dir='ltr'>absurde</span> <span class='ocrx_word' id='word_1_57' title='bbox 672 801 830 832; x_wconf 74' lang='lat' dir='ltr'>prorsus3</span> <span class='ocrx_word' id='word_1_58' title='bbox 867 791 993 821; x_wconf 81' lang='lat' dir='ltr'>nullum</span> 
     </span>
     <span class='ocr_line' id='line_1_13' title="bbox 289 841 995 882; baseline -0.007 -7"><span class='ocrx_word' id='word_1_59' title='bbox 289 844 380 875; x_wconf 76' lang='lat' dir='ltr'>enim</span> <span class='ocrx_word' id='word_1_60' title='bbox 395 844 508 875; x_wconf 91' lang='lat' dir='ltr'>locum</span> <span class='ocrx_word' id='word_1_61' title='bbox 535 843 588 874; x_wconf 88' lang='lat' dir='ltr'>hic</span> <span class='ocrx_word' id='word_1_62' title='bbox 604 842 727 873; x_wconf 85' lang='lat' dir='ltr'>habere</span> <span class='ocrx_word' id='word_1_63' title='bbox 755 846 892 882; x_wconf 72' lang='lat' dir='ltr'>possunt</span> <span class='ocrx_word' id='word_1_64' title='bbox 919 841 995 871; x_wconf 78' lang='lat' dir='ltr'>insi-</span> 
     </span>
     <span class='ocr_line' id='line_1_14' title="bbox 290 891 997 932; baseline -0.006 -6"><span class='ocrx_word' id='word_1_65' title='bbox 290 894 368 927; x_wconf 71' lang='lat' dir='ltr'>diae.</span> <span class='ocrx_word' id='word_1_66' title='bbox 392 894 504 925; x_wconf 84' lang='lat' dir='ltr'>Daris.</span> <span class='ocrx_word' id='word_1_67' title='bbox 551 893 603 924; x_wconf 86' lang='lat' dir='ltr'>Ex</span> <span class='ocrx_word' id='word_1_68' title='bbox 631 891 834 932; x_wconf 85' lang='lat' dir='ltr'>Glandorpii</span> <span class='ocrx_word' id='word_1_69' title='bbox 862 891 997 931; x_wconf 87' lang='lat' dir='ltr'>conjec-</span> 
     </span>
     <span class='ocr_line' id='line_1_15' title="bbox 290 942 995 983; baseline -0.007 -6"><span class='ocrx_word' id='word_1_70' title='bbox 290 949 368 977; x_wconf 79' lang='lat' dir='ltr'>tura</span> <span class='ocrx_word' id='word_1_71' title='bbox 383 944 446 975; x_wconf 88' lang='lat' dir='ltr'>hoc</span> <span class='ocrx_word' id='word_1_72' title='bbox 458 944 531 983; x_wconf 86' lang='lat' dir='ltr'>jam</span> <span class='ocrx_word' id='word_1_73' title='bbox 546 948 725 982; x_wconf 75' lang='lat' dir='ltr'>receperat</span> <span class='ocrx_word' id='word_1_74' title='bbox 740 942 894 973; x_wconf 79' lang='lat' dir='ltr'>Ursinus.</span> <span class='ocrx_word' id='word_1_75' title='bbox 914 942 995 973; x_wconf 88' lang='lat' dir='ltr'>Mss.</span> 
     </span>
     <span class='ocr_line' id='line_1_16' title="bbox 290 994 702 1027; baseline -0.005 -1"><span class='ocrx_word' id='word_1_76' title='bbox 290 1005 407 1027; x_wconf 85' lang='lat' dir='ltr'>omnes</span> <span class='ocrx_word' id='word_1_77' title='bbox 422 995 550 1026; x_wconf 83' lang='lat' dir='ltr'>habent</span> <span class='ocrx_word' id='word_1_78' title='bbox 566 994 702 1025; x_wconf 76' lang='lat' dir='ltr'><strong><em>insidiis.</em></strong></span> 
     </span>
    </p>

    <p class='ocr_par' dir='ltr' id='par_1_4' title="bbox 289 1043 1001 1887">
     <span class='ocr_line' id='line_1_17' title="bbox 336 1043 997 1086; baseline -0.005 -9"><span class='ocrx_word' id='word_1_79' title='bbox 336 1055 394 1077; x_wconf 74' lang='lat' dir='ltr'>XL.</span> <span class='ocrx_word' id='word_1_80' title='bbox 409 1050 428 1077; x_wconf 83' lang='lat'><strong>5</strong></span> <span class='ocrx_word' id='word_1_81' title='bbox 452 1045 677 1086; x_wconf 76' lang='lat' dir='ltr'>Adversosque]</span> <span class='ocrx_word' id='word_1_82' title='bbox 700 1044 897 1086; x_wconf 82' lang='lat' dir='ltr'>Legendum</span> <span class='ocrx_word' id='word_1_83' title='bbox 911 1043 997 1075; x_wconf 84' lang='lat' dir='ltr'>exis-</span> 
     </span>
     <span class='ocr_line' id='line_1_18' title="bbox 289 1095 997 1135; baseline -0.003 -7"><span class='ocrx_word' id='word_1_84' title='bbox 289 1097 389 1128; x_wconf 84' lang='lat' dir='ltr'>timat</span> <span class='ocrx_word' id='word_1_85' title='bbox 420 1096 621 1128; x_wconf 83' lang='lat' dir='ltr'>Ciaceonius</span> <span class='ocrx_word' id='word_1_86' title='bbox 651 1097 850 1135; x_wconf 76' lang='lat' dir='ltr'>adversosque</span> <span class='ocrx_word' id='word_1_87' title='bbox 880 1095 997 1126; x_wconf 75' lang='lat' dir='ltr'>hostes:</span> 
     </span>
     <span class='ocr_line' id='line_1_19' title="bbox 290 1145 998 1178; baseline -0.004 0"><span class='ocrx_word' id='word_1_88' title='bbox 290 1152 330 1178; x_wconf 87' lang='lat' dir='ltr'>ut</span> <span class='ocrx_word' id='word_1_89' title='bbox 357 1147 485 1178; x_wconf 89' lang='lat' dir='ltr'>habent</span> <span class='ocrx_word' id='word_1_90' title='bbox 511 1147 577 1178; x_wconf 78' lang='lat' dir='ltr'>Ms.</span> <span class='ocrx_word' id='word_1_91' title='bbox 603 1146 709 1177; x_wconf 85' lang='lat' dir='ltr'>Norv.</span> <span class='ocrx_word' id='word_1_92' title='bbox 739 1151 775 1176; x_wconf 92' lang='lat' dir='ltr'>et</span> <span class='ocrx_word' id='word_1_93' title='bbox 798 1145 908 1177; x_wconf 83' lang='lat' dir='ltr'>Editt.</span> <span class='ocrx_word' id='word_1_94' title='bbox 932 1145 998 1175; x_wconf 89' lang='lat' dir='ltr'>Be-</span> 
     </span>
     <span class='ocr_line' id='line_1_20' title="bbox 291 1195 997 1235; baseline -0.004 -7"><span class='ocrx_word' id='word_1_95' title='bbox 291 1197 418 1228; x_wconf 84' lang='lat' dir='ltr'>roaldi:</span> <span class='ocrx_word' id='word_1_96' title='bbox 442 1201 477 1228; x_wconf 85' lang='lat' dir='ltr'>at</span> <span class='ocrx_word' id='word_1_97' title='bbox 494 1198 589 1228; x_wconf 81' lang='lat' dir='ltr'>Rom.</span> <span class='ocrx_word' id='word_1_98' title='bbox 603 1197 734 1227; x_wconf 81' lang='lat' dir='ltr'>etVen.</span> <span class='ocrx_word' id='word_1_99' title='bbox 748 1197 951 1235; x_wconf 73' lang='lat' dir='ltr'>adversusque</span> <span class='ocrx_word' id='word_1_100' title='bbox 966 1195 997 1225; x_wconf 79' lang='lat' dir='ltr'>h.</span> 
     </span>
     <span class='ocr_line' id='line_1_21' title="bbox 290 1246 999 1285; baseline -0.004 -6"><span class='ocrx_word' id='word_1_101' title='bbox 290 1247 405 1279; x_wconf 72' lang='lat' dir='ltr'>Datis.</span> <span class='ocrx_word' id='word_1_102' title='bbox 444 1247 571 1278; x_wconf 82' lang='lat' dir='ltr'>Mirum</span> <span class='ocrx_word' id='word_1_103' title='bbox 588 1251 641 1278; x_wconf 83' lang='lat' dir='ltr'>est</span> <span class='ocrx_word' id='word_1_104' title='bbox 658 1246 866 1285; x_wconf 76' lang='lat' dir='ltr'>Scaligeruin</span> <span class='ocrx_word' id='word_1_105' title='bbox 883 1251 918 1277; x_wconf 87' lang='lat' dir='ltr'>et</span> <span class='ocrx_word' id='word_1_106' title='bbox 935 1246 999 1276; x_wconf 82' lang='lat' dir='ltr'>Re-</span> 
     </span>
     <span class='ocr_line' id='line_1_22' title="bbox 291 1295 1000 1336; baseline -0.006 -7"><span class='ocrx_word' id='word_1_107' title='bbox 291 1297 474 1336; x_wconf 85' lang='lat' dir='ltr'>centiores‚</span> <span class='ocrx_word' id='word_1_108' title='bbox 490 1297 582 1327; x_wconf 89' lang='lat' dir='ltr'>nullo</span> <span class='ocrx_word' id='word_1_109' title='bbox 598 1306 697 1327; x_wconf 86' lang='lat' dir='ltr'>sensu</span> <span class='ocrx_word' id='word_1_110' title='bbox 718 1295 879 1334; x_wconf 77' lang='lat' dir='ltr'>edidisse,</span> <span class='ocrx_word' id='word_1_111' title='bbox 894 1296 1000 1326; x_wconf 80' lang='lat' dir='ltr'>adrer-</span> 
     </span>
     <span class='ocr_line' id='line_1_23' title="bbox 289 1347 1001 1388; baseline -0.003 -9"><span class='ocrx_word' id='word_1_112' title='bbox 289 1358 408 1388; x_wconf 82' lang='lat' dir='ltr'>sosque.</span> <span class='ocrx_word' id='word_1_113' title='bbox 457 1347 594 1378; x_wconf 81' lang='lat' dir='ltr'>Etenim</span> <span class='ocrx_word' id='word_1_114' title='bbox 620 1347 836 1387; x_wconf 85' lang='lat' dir='ltr'>perspicuum</span> <span class='ocrx_word' id='word_1_115' title='bbox 857 1352 908 1377; x_wconf 81' lang='lat' dir='ltr'>est</span> <span class='ocrx_word' id='word_1_116' title='bbox 931 1347 1001 1377; x_wconf 88' lang='lat' dir='ltr'>Do-</span> 
     </span>
     <span class='ocr_line' id='line_1_24' title="bbox 290 1395 1000 1436; baseline -0.006 -6"><span class='ocrx_word' id='word_1_117' title='bbox 290 1397 451 1431; x_wconf 79' lang='lat' dir='ltr'>mitianos</span> <span class='ocrx_word' id='word_1_118' title='bbox 465 1397 625 1428; x_wconf 80' lang='lat' dir='ltr'>transisse</span> <span class='ocrx_word' id='word_1_119' title='bbox 638 1395 776 1435; x_wconf 81' lang='lat' dir='ltr'>fossam,</span> <span class='ocrx_word' id='word_1_120' title='bbox 791 1405 855 1427; x_wconf 91' lang='lat' dir='ltr'>non</span> <span class='ocrx_word' id='word_1_121' title='bbox 866 1396 1000 1436; x_wconf 84' lang='lat' dir='ltr'>primam</span> 
     </span>
     <span class='ocr_line' id='line_1_25' title="bbox 289 1446 1000 1489; baseline -0.004 -10"><span class='ocrx_word' id='word_1_122' title='bbox 289 1447 403 1487; x_wconf 83' lang='lat' dir='ltr'>istam,</span> <span class='ocrx_word' id='word_1_123' title='bbox 416 1457 491 1489; x_wconf 84' lang='lat' dir='ltr'>quae</span> <span class='ocrx_word' id='word_1_124' title='bbox 505 1451 593 1478; x_wconf 84' lang='lat' dir='ltr'>esset</span> <span class='ocrx_word' id='word_1_125' title='bbox 608 1447 746 1478; x_wconf 77' lang='lat' dir='ltr'>adversis</span> <span class='ocrx_word' id='word_1_126' title='bbox 761 1447 928 1485; x_wconf 82' lang='lat' dir='ltr'>hostibus,</span> <span class='ocrx_word' id='word_1_127' title='bbox 941 1446 1000 1477; x_wconf 80' lang='lat' dir='ltr'>scd</span> 
     </span>
     <span class='ocr_line' id='line_1_26' title="bbox 290 1500 1000 1541; baseline -0.004 -10"><span class='ocrx_word' id='word_1_128' title='bbox 290 1500 490 1540; x_wconf 81' lang='lat' dir='ltr'>posteriorem</span> <span class='ocrx_word' id='word_1_129' title='bbox 518 1500 623 1539; x_wconf 82' lang='lat' dir='ltr'>illam,</span> <span class='ocrx_word' id='word_1_130' title='bbox 648 1510 723 1541; x_wconf 83' lang='lat' dir='ltr'>quae</span> <span class='ocrx_word' id='word_1_131' title='bbox 751 1503 841 1530; x_wconf 79' lang='lat' dir='ltr'>esset</span> <span class='ocrx_word' id='word_1_132' title='bbox 867 1509 887 1529; x_wconf 89' lang='grc' dir='ltr'><em>α</em></span> <span class='ocrx_word' id='word_1_133' title='bbox 912 1501 1000 1536; x_wconf 82' lang='lat' dir='ltr'>tergo</span> 
     </span>
     <span class='ocr_line' id='line_1_27' title="bbox 291 1550 998 1591; baseline -0.004 -9"><span class='ocrx_word' id='word_1_134' title='bbox 291 1550 460 1590; x_wconf 75' lang='lat' dir='ltr'>hostibus,</span> <span class='ocrx_word' id='word_1_135' title='bbox 500 1550 652 1591; x_wconf 83' lang='lat' dir='ltr'>adeoque</span> <span class='ocrx_word' id='word_1_136' title='bbox 691 1550 804 1581; x_wconf 81' lang='lat' dir='ltr'>hostes</span> <span class='ocrx_word' id='word_1_137' title='bbox 844 1557 998 1579; x_wconf 76' lang='lat' dir='ltr'>AVERSOS</span> 
     </span>
     <span class='ocr_line' id='line_1_28' title="bbox 293 1600 1000 1642; baseline -0.004 -10"><span class='ocrx_word' id='word_1_138' title='bbox 293 1610 369 1632; x_wconf 80' lang='lat' dir='ltr'>esse</span> <span class='ocrx_word' id='word_1_139' title='bbox 394 1610 584 1642; x_wconf 78' lang='lat' dir='ltr'>aggressos.</span> <span class='ocrx_word' id='word_1_140' title='bbox 610 1601 719 1631; x_wconf 79' lang='lat' dir='ltr'>Clark.</span> <span class='ocrx_word' id='word_1_141' title='bbox 767 1600 950 1631; x_wconf 74' lang='lat' dir='ltr'>Verissinie</span> <span class='ocrx_word' id='word_1_142' title='bbox 968 1609 1000 1629; x_wconf 85' lang='lat' dir='ltr'>e-</span> 
     </span>
     <span class='ocr_line' id='line_1_29' title="bbox 292 1650 1000 1687; baseline -0.003 -5"><span class='ocrx_word' id='word_1_143' title='bbox 292 1651 468 1683; x_wconf 81' lang='lat' dir='ltr'>mendavit</span> <span class='ocrx_word' id='word_1_144' title='bbox 496 1651 711 1687; x_wconf 85' lang='lat' dir='ltr'>Ciacconius,</span> <span class='ocrx_word' id='word_1_145' title='bbox 739 1654 772 1680; x_wconf 87' lang='lat' dir='ltr'>et</span> <span class='ocrx_word' id='word_1_146' title='bbox 804 1650 836 1680; x_wconf 87' lang='lat' dir='ltr'>in</span> <span class='ocrx_word' id='word_1_147' title='bbox 868 1655 1000 1680; x_wconf 83' lang='lat' dir='ltr'>textum</span> 
     </span>
     <span class='ocr_line' id='line_1_30' title="bbox 292 1700 1000 1743; baseline -0.004 -10"><span class='ocrx_word' id='word_1_148' title='bbox 292 1701 425 1743; x_wconf 86' lang='lat' dir='ltr'>recepit</span> <span class='ocrx_word' id='word_1_149' title='bbox 441 1701 599 1733; x_wconf 85' lang='lat' dir='ltr'>Clarkius</span> <span class='ocrx_word' id='word_1_150' title='bbox 626 1710 818 1740; x_wconf 73' lang='lat' dir='ltr'>aversosque,</span> <span class='ocrx_word' id='word_1_151' title='bbox 833 1700 882 1730; x_wconf 85' lang='lat' dir='ltr'>uti</span> <span class='ocrx_word' id='word_1_152' title='bbox 899 1705 952 1731; x_wconf 85' lang='lat' dir='ltr'>est</span> <span class='ocrx_word' id='word_1_153' title='bbox 967 1700 1000 1730; x_wconf 89' lang='lat' dir='ltr'>in</span> 
     </span>
     <span class='ocr_line' id='line_1_31' title="bbox 292 1749 1000 1792; baseline -0.007 -7"><span class='ocrx_word' id='word_1_154' title='bbox 292 1753 372 1786; x_wconf 81' lang='lat' dir='ltr'>Pet.</span> <span class='ocrx_word' id='word_1_155' title='bbox 405 1751 504 1784; x_wconf 88' lang='lat' dir='ltr'>Leid.</span> <span class='ocrx_word' id='word_1_156' title='bbox 533 1761 584 1792; x_wconf 87' lang='lat' dir='ltr'>pr.</span> <span class='ocrx_word' id='word_1_157' title='bbox 613 1760 712 1782; x_wconf 87' lang='lat' dir='ltr'>sensu</span> <span class='ocrx_word' id='word_1_158' title='bbox 744 1750 778 1780; x_wconf 82' lang='lat' dir='ltr'>id</span> <span class='ocrx_word' id='word_1_159' title='bbox 810 1749 1000 1790; x_wconf 81' lang='lat' dir='ltr'>flagitante.</span> 
     </span>
     <span class='ocr_line' id='line_1_32' title="bbox 294 1801 1001 1842; baseline -0.003 -8"><span class='ocrx_word' id='word_1_160' title='bbox 294 1802 424 1834; x_wconf 85' lang='lat' dir='ltr'>Omnes</span> <span class='ocrx_word' id='word_1_161' title='bbox 440 1807 553 1834; x_wconf 85' lang='lat' dir='ltr'>tamen</span> <span class='ocrx_word' id='word_1_162' title='bbox 570 1801 658 1834; x_wconf 83' lang='lat' dir='ltr'>Edd.</span> <span class='ocrx_word' id='word_1_163' title='bbox 676 1802 772 1832; x_wconf 82' lang='lat' dir='ltr'>Vett.</span> <span class='ocrx_word' id='word_1_164' title='bbox 787 1806 913 1842; x_wconf 77' lang='lat' dir='ltr'>praeter</span> <span class='ocrx_word' id='word_1_165' title='bbox 937 1801 1001 1832; x_wconf 85' lang='lat' dir='ltr'>Be·</span> 
     </span>
     <span class='ocr_line' id='line_1_33' title="bbox 294 1852 658 1887; baseline -0.005 -3"><span class='ocrx_word' id='word_1_166' title='bbox 294 1852 403 1887; x_wconf 75' lang='lat' dir='ltr'>roald.</span> <span class='ocrx_word' id='word_1_167' title='bbox 422 1852 571 1883; x_wconf 80' lang='lat' dir='ltr'>retinent</span> <span class='ocrx_word' id='word_1_168' title='bbox 586 1853 658 1883; x_wconf 81' lang='lat' dir='ltr'>adv.</span> 
     </span>
    </p>

    <p class='ocr_par' dir='ltr' id='par_1_5' title="bbox 289 1901 1006 2802">
     <span class='ocr_line' id='line_1_34' title="bbox 336 1901 1001 1942; baseline -0.006 -8"><span class='ocrx_word' id='word_1_169' title='bbox 336 1906 356 1933; x_wconf 78' lang='lat' dir='ltr'><strong>fi</strong></span> <span class='ocrx_word' id='word_1_170' title='bbox 381 1904 512 1942; x_wconf 74' lang='lat' dir='ltr'>Aversa,</span> <span class='ocrx_word' id='word_1_171' title='bbox 536 1903 604 1942; x_wconf 61' lang='lat' dir='ltr'>lyon]</span> <span class='ocrx_word' id='word_1_172' title='bbox 627 1902 752 1932; x_wconf 79' lang='lat' dir='ltr'>&#39;sotum</span> <span class='ocrx_word' id='word_1_173' title='bbox 778 1901 887 1932; x_wconf 79' lang='lat' dir='ltr'>locuni</span> <span class='ocrx_word' id='word_1_174' title='bbox 905 1901 1001 1932; x_wconf 89' lang='lat' dir='ltr'>Ciac-</span> 
     </span>
     <span class='ocr_line' id='line_1_35' title="bbox 294 1951 1002 1992; baseline -0.004 -9"><span class='ocrx_word' id='word_1_175' title='bbox 294 1954 411 1985; x_wconf 73' lang='lat' dir='ltr'>conius</span> <span class='ocrx_word' id='word_1_176' title='bbox 428 1954 475 1984; x_wconf 90' lang='lat' dir='ltr'>sic</span> <span class='ocrx_word' id='word_1_177' title='bbox 489 1952 738 1984; x_wconf 83' lang='lat' dir='ltr'>eniendandum</span> <span class='ocrx_word' id='word_1_178' title='bbox 754 1951 915 1992; x_wconf 85' lang='lat' dir='ltr'>conjicit:</span> <span class='ocrx_word' id='word_1_179' title='bbox 934 1961 1002 1982; x_wconf 78' lang='lat' dir='ltr'>cum</span> 
     </span>
     <span class='ocr_line' id='line_1_36' title="bbox 292 2000 1001 2043; baseline -0.006 -9"><span class='ocrx_word' id='word_1_180' title='bbox 292 2003 447 2043; x_wconf 79' lang='lat' dir='ltr'>paululum</span> <span class='ocrx_word' id='word_1_181' title='bbox 460 2012 598 2033; x_wconf 81' lang='lat' dir='ltr'>aversus</span> <span class='ocrx_word' id='word_1_182' title='bbox 611 2001 716 2032; x_wconf 88' lang='lat' dir='ltr'>hostis</span> <span class='ocrx_word' id='word_1_183' title='bbox 728 2000 1001 2040; x_wconf 74' lang='lat' dir='ltr'>cessissel‚sossa›n</span> 
     </span>
     <span class='ocr_line' id='line_1_37' title="bbox 294 2051 1002 2086; baseline -0.007 -1"><span class='ocrx_word' id='word_1_184' title='bbox 294 2058 395 2086; x_wconf 79' lang='lat' dir='ltr'>autem</span> <span class='ocrx_word' id='word_1_185' title='bbox 413 2054 556 2086; x_wconf 86' lang='lat' dir='ltr'>transire</span> <span class='ocrx_word' id='word_1_186' title='bbox 574 2057 611 2083; x_wconf 89' lang='lat' dir='ltr'>ut</span> <span class='ocrx_word' id='word_1_187' title='bbox 624 2051 771 2084; x_wconf 77' lang='lat' dir='ltr'>secunda</span> <span class='ocrx_word' id='word_1_188' title='bbox 789 2051 878 2082; x_wconf 83' lang='lat' dir='ltr'>acies</span> <span class='ocrx_word' id='word_1_189' title='bbox 895 2054 1002 2082; x_wconf 77' lang='lat' dir='ltr'>conata</span> 
     </span>
     <span class='ocr_line' id='line_1_38' title="bbox 295 2101 1002 2137; baseline -0.006 -2"><span class='ocrx_word' id='word_1_190' title='bbox 295 2108 386 2137; x_wconf 77' lang='lat' dir='ltr'>esset.</span> <span class='ocrx_word' id='word_1_191' title='bbox 432 2103 519 2135; x_wconf 79' lang='lat' dir='ltr'>Haec</span> <span class='ocrx_word' id='word_1_192' title='bbox 538 2113 619 2134; x_wconf 87' lang='lat' dir='ltr'>vero</span> <span class='ocrx_word' id='word_1_193' title='bbox 646 2103 749 2133; x_wconf 85' lang='lat' dir='ltr'>nimia</span> <span class='ocrx_word' id='word_1_194' title='bbox 776 2106 828 2133; x_wconf 82' lang='lat' dir='ltr'>est</span> <span class='ocrx_word' id='word_1_195' title='bbox 854 2101 1002 2132; x_wconf 82' lang='lat' dir='ltr'>licentia.</span> 
     </span>
     <span class='ocr_line' id='line_1_39' title="bbox 295 2154 1004 2194; baseline -0.003 -7"><span class='ocrx_word' id='word_1_196' title='bbox 295 2156 424 2192; x_wconf 85' lang='lat' dir='ltr'>Locum</span> <span class='ocrx_word' id='word_1_197' title='bbox 442 2159 555 2186; x_wconf 84' lang='lat' dir='ltr'>tamen</span> <span class='ocrx_word' id='word_1_198' title='bbox 573 2155 662 2185; x_wconf 86' lang='lat' dir='ltr'>hand</span> <span class='ocrx_word' id='word_1_199' title='bbox 680 2155 847 2194; x_wconf 73' lang='lat' dir='ltr'>intelligo,</span> <span class='ocrx_word' id='word_1_200' title='bbox 873 2155 935 2185; x_wconf 85' lang='lat' dir='ltr'>nisi</span> <span class='ocrx_word' id='word_1_201' title='bbox 960 2154 1004 2185; x_wconf 74' lang='lat' dir='ltr'>sit</span> 
     </span>
     <span class='ocr_line' id='line_1_40' title="bbox 296 2205 1003 2244; baseline -0.006 -6"><span class='ocrx_word' id='word_1_202' title='bbox 296 2207 431 2238; x_wconf 85' lang='lat' dir='ltr'>medica</span> <span class='ocrx_word' id='word_1_203' title='bbox 462 2216 562 2237; x_wconf 85' lang='lat' dir='ltr'>manu</span> <span class='ocrx_word' id='word_1_204' title='bbox 601 2211 746 2238; x_wconf 80' lang='lat' dir='ltr'>sanatus.</span> <span class='ocrx_word' id='word_1_205' title='bbox 795 2205 861 2237; x_wconf 73' lang='lat' dir='ltr'>Qui</span> <span class='ocrx_word' id='word_1_206' title='bbox 901 2205 1003 2244; x_wconf 87' lang='lat' dir='ltr'>enim,</span> 
     </span>
     <span class='ocr_line' id='line_1_41' title="bbox 297 2253 1005 2298; baseline -0.007 -10"><span class='ocrx_word' id='word_1_207' title='bbox 297 2265 425 2298; x_wconf 77' lang='lat' dir='ltr'>quaeSO,</span> <span class='ocrx_word' id='word_1_208' title='bbox 438 2256 471 2287; x_wconf 87' lang='lat' dir='ltr'>in</span> <span class='ocrx_word' id='word_1_209' title='bbox 488 2256 623 2287; x_wconf 77' lang='lat' dir='ltr'>transitu</span> <span class='ocrx_word' id='word_1_210' title='bbox 637 2255 731 2285; x_wconf 79' lang='lat' dir='ltr'>fossae</span> <span class='ocrx_word' id='word_1_211' title='bbox 751 2264 912 2294; x_wconf 81' lang='lat' dir='ltr'>oppressa</span> <span class='ocrx_word' id='word_1_212' title='bbox 927 2253 1005 2285; x_wconf 77' lang='lat' dir='ltr'>fuis-</span> 
     </span>
     <span class='ocr_line' id='line_1_42' title="bbox 296 2304 1004 2345; baseline -0.006 -7"><span class='ocrx_word' id='word_1_213' title='bbox 296 2312 350 2338; x_wconf 85' lang='lat' dir='ltr'>set</span> <span class='ocrx_word' id='word_1_214' title='bbox 363 2307 509 2338; x_wconf 84' lang='lat' dir='ltr'>Pontica</span> <span class='ocrx_word' id='word_1_215' title='bbox 526 2306 626 2345; x_wconf 71' lang='lat' dir='ltr'>legio,</span> <span class='ocrx_word' id='word_1_216' title='bbox 642 2305 668 2335; x_wconf 91' lang='lat' dir='ltr'>si</span> <span class='ocrx_word' id='word_1_217' title='bbox 685 2304 807 2336; x_wconf 80' lang='lat' dir='ltr'>fossum</span> <span class='ocrx_word' id='word_1_218' title='bbox 821 2314 887 2335; x_wconf 87' lang='lat' dir='ltr'>nou</span> <span class='ocrx_word' id='word_1_219' title='bbox 905 2308 1004 2335; x_wconf 77' lang='lat' dir='ltr'>trans-</span> 
     </span>
     <span class='ocr_line' id='line_1_43' title="bbox 293 2355 1005 2395; baseline 0 -9"><span class='ocrx_word' id='word_1_220' title='bbox 293 2357 352 2395; x_wconf 82' lang='lat' dir='ltr'>ire,</span> <span class='ocrx_word' id='word_1_221' title='bbox 382 2356 441 2386; x_wconf 82' lang='lat' dir='ltr'>sed</span> <span class='ocrx_word' id='word_1_222' title='bbox 472 2356 634 2386; x_wconf 79' lang='lat' dir='ltr'>circumire</span> <span class='ocrx_word' id='word_1_223' title='bbox 663 2360 784 2387; x_wconf 82' lang='lat' dir='ltr'>conata</span> <span class='ocrx_word' id='word_1_224' title='bbox 813 2355 889 2386; x_wconf 80' lang='lat' dir='ltr'>est?</span> <span class='ocrx_word' id='word_1_225' title='bbox 931 2355 1005 2386; x_wconf 63' lang='lat' dir='ltr'>Nec</span> 
     </span>
     <span class='ocr_line' id='line_1_44' title="bbox 297 2405 1005 2445; baseline -0.003 -8"><span class='ocrx_word' id='word_1_226' title='bbox 297 2415 375 2437; x_wconf 88' lang='lat' dir='ltr'>cum</span> <span class='ocrx_word' id='word_1_227' title='bbox 390 2405 530 2438; x_wconf 83' lang='lat' dir='ltr'>Clarkio</span> <span class='ocrx_word' id='word_1_228' title='bbox 548 2415 704 2445; x_wconf 78' lang='lat' dir='ltr'>reponas.</span> <span class='ocrx_word' id='word_1_229' title='bbox 727 2415 800 2436; x_wconf 82' lang='lat' dir='ltr'>earn</span> <span class='ocrx_word' id='word_1_230' title='bbox 817 2405 850 2435; x_wconf 91' lang='lat' dir='ltr'>in</span> <span class='ocrx_word' id='word_1_231' title='bbox 867 2406 1005 2436; x_wconf 76' lang='lat' dir='ltr'>sccumloe</span> 
     </span>
     <span class='ocr_line' id='line_1_45' title="bbox 289 2453 1004 2494; baseline -0.001 -8"><span class='ocrx_word' id='word_1_232' title='bbox 289 2455 385 2494; x_wconf 74' lang='lat' dir='ltr'>fossa·</span> <span class='ocrx_word' id='word_1_233' title='bbox 412 2456 548 2485; x_wconf 81' lang='lat' dir='ltr'>transita</span> <span class='ocrx_word' id='word_1_234' title='bbox 578 2454 745 2486; x_wconf 77' lang='lat' dir='ltr'>confixam</span> <span class='ocrx_word' id='word_1_235' title='bbox 772 2453 895 2486; x_wconf 76' lang='lat' dir='ltr'>fuisse:</span> <span class='ocrx_word' id='word_1_236' title='bbox 929 2465 1004 2485; x_wconf 81' lang='lat' dir='ltr'>nam</span> 
     </span>
     <span class='ocr_line' id='line_1_46' title="bbox 295 2505 1004 2546; baseline -0.003 -8"><span class='ocrx_word' id='word_1_237' title='bbox 295 2508 386 2538; x_wconf 89' lang='lat' dir='ltr'>iuter</span> <span class='ocrx_word' id='word_1_238' title='bbox 414 2505 496 2536; x_wconf 87' lang='lat' dir='ltr'>duas</span> <span class='ocrx_word' id='word_1_239' title='bbox 527 2505 633 2538; x_wconf 70' lang='lat' dir='ltr'>fossas</span> <span class='ocrx_word' id='word_1_240' title='bbox 660 2506 768 2537; x_wconf 78' lang='lat' dir='ltr'>aciem</span> <span class='ocrx_word' id='word_1_241' title='bbox 797 2515 930 2546; x_wconf 82' lang='lat' dir='ltr'>semper</span> <span class='ocrx_word' id='word_1_242' title='bbox 959 2507 1004 2536; x_wconf 90' lang='lat' dir='ltr'>in-</span> 
     </span>
     <span class='ocr_line' id='line_1_47' title="bbox 295 2556 1006 2597; baseline -0.006 -9"><span class='ocrx_word' id='word_1_243' title='bbox 295 2556 451 2589; x_wconf 80' lang='lat' dir='ltr'>struebat</span> <span class='ocrx_word' id='word_1_244' title='bbox 461 2556 667 2592; x_wconf 74' lang='lat' dir='ltr'>Pharnaces,</span> <span class='ocrx_word' id='word_1_245' title='bbox 677 2556 831 2597; x_wconf 79' lang='lat' dir='ltr'>adeoque</span> <span class='ocrx_word' id='word_1_246' title='bbox 844 2565 907 2586; x_wconf 88' lang='lat' dir='ltr'>non</span> <span class='ocrx_word' id='word_1_247' title='bbox 919 2562 1006 2594; x_wconf 76' lang='lat' dir='ltr'>erat,</span> 
     </span>
     <span class='ocr_line' id='line_1_48' title="bbox 298 2606 1005 2646; baseline -0.001 -8"><span class='ocrx_word' id='word_1_248' title='bbox 298 2617 360 2638; x_wconf 85' lang='lat' dir='ltr'>cur</span> <span class='ocrx_word' id='word_1_249' title='bbox 390 2607 583 2639; x_wconf 79' lang='lat' dir='ltr'>ulteriorem</span> <span class='ocrx_word' id='word_1_250' title='bbox 611 2606 733 2638; x_wconf 77' lang='lat' dir='ltr'>fossam</span> <span class='ocrx_word' id='word_1_251' title='bbox 767 2607 940 2646; x_wconf 67' lang='lat' dir='ltr'>transiret,</span> <span class='ocrx_word' id='word_1_252' title='bbox 968 2611 1005 2637; x_wconf 87' lang='lat' dir='ltr'>ut</span> 
     </span>
     <span class='ocr_line' id='line_1_49' title="bbox 299 2657 1004 2700; baseline -0.001 -11"><span class='ocrx_word' id='word_1_253' title='bbox 299 2662 420 2700; x_wconf 77' lang='lat' dir='ltr'>aperto</span> <span class='ocrx_word' id='word_1_254' title='bbox 448 2658 556 2688; x_wconf 86' lang='lat' dir='ltr'>latere</span> <span class='ocrx_word' id='word_1_255' title='bbox 586 2657 717 2688; x_wconf 66' lang='lat' dir='ltr'>hostem</span> <span class='ocrx_word' id='word_1_256' title='bbox 749 2657 1004 2696; x_wconf 68' lang='lat' dir='ltr'>aggrederetur.</span> 
     </span>
     <span class='ocr_line' id='line_1_50' title="bbox 300 2707 1006 2748; baseline -0.006 -7"><span class='ocrx_word' id='word_1_257' title='bbox 300 2710 463 2742; x_wconf 74' lang='lat' dir='ltr'>Nosti-um</span> <span class='ocrx_word' id='word_1_258' title='bbox 491 2708 555 2739; x_wconf 89' lang='lat' dir='ltr'>hoc</span> <span class='ocrx_word' id='word_1_259' title='bbox 580 2707 680 2739; x_wconf 88' lang='lat' dir='ltr'>modo</span> <span class='ocrx_word' id='word_1_260' title='bbox 703 2707 876 2748; x_wconf 81' lang='lat' dir='ltr'>scripsisse</span> <span class='ocrx_word' id='word_1_261' title='bbox 900 2708 1006 2748; x_wconf 84' lang='lat' dir='ltr'>suspi-</span> 
     </span>
     <span class='ocr_line' id='line_1_51' title="bbox 299 2758 1006 2802; baseline -0.001 -10"><span class='ocrx_word' id='word_1_262' title='bbox 299 2769 358 2792; x_wconf 81' lang='lat' dir='ltr'>cor</span> <span class='ocrx_word' id='word_1_263' title='bbox 371 2770 379 2793; x_wconf 82' lang='lat' dir='ltr'><strong><em>z</em></strong></span> <span class='ocrx_word' id='word_1_264' title='bbox 397 2769 488 2802; x_wconf 79' lang='lat' dir='ltr'>quam</span> <span class='ocrx_word' id='word_1_265' title='bbox 497 2759 669 2802; x_wconf 76' lang='lat' dir='ltr'>paullulum</span> <span class='ocrx_word' id='word_1_266' title='bbox 681 2767 789 2792; x_wconf 76' lang='lat' dir='ltr'>aversa</span> <span class='ocrx_word' id='word_1_267' title='bbox 799 2758 936 2791; x_wconf 77' lang='lat' dir='ltr'>hostibus</span> <span class='ocrx_word' id='word_1_268' title='bbox 945 2768 1006 2791; x_wconf 73' lang='lat' dir='ltr'>vcs-</span> 
     </span>
    </p>
   </div>
   <div class='ocr_carea' id='block_1_3' title="bbox 751 189 1290 223">
    <p class='ocr_par' dir='ltr' id='par_1_6' title="bbox 751 189 1290 223">
     <span class='ocr_line' id='line_1_52' title="bbox 751 189 1290 223; baseline -0.004 -1"><span class='ocrx_word' id='word_1_269' title='bbox 751 192 894 223; x_wconf 75' lang='lat' dir='ltr'>No&#39;rAE</span> <span class='ocrx_word' id='word_1_270' title='bbox 930 190 1195 221; x_wconf 75' lang='lat' dir='ltr'>VARIORUM</span> <span class='ocrx_word' id='word_1_271' title='bbox 1239 189 1290 220; x_wconf 87' lang='lat' dir='ltr'>IN</span> 
     </span>
    </p>
   </div>
   <div class='ocr_carea' id='block_1_4' title="bbox 1041 283 1764 2800">
    <p class='ocr_par' dir='ltr' id='par_1_7' title="bbox 1041 283 1755 629">
     <span class='ocr_line' id='line_1_53' title="bbox 1041 283 1750 323; baseline -0.004 -7"><span class='ocrx_word' id='word_1_272' title='bbox 1041 286 1142 323; x_wconf 77' lang='lat' dir='ltr'>sisset,</span> <span class='ocrx_word' id='word_1_273' title='bbox 1149 285 1268 322; x_wconf 84' lang='lat' dir='ltr'>fossam</span> <span class='ocrx_word' id='word_1_274' title='bbox 1284 287 1388 316; x_wconf 78' lang='lat' dir='ltr'>autem</span> <span class='ocrx_word' id='word_1_275' title='bbox 1409 283 1540 315; x_wconf 77' lang='lat' dir='ltr'>circuire</span> <span class='ocrx_word' id='word_1_276' title='bbox 1561 285 1671 314; x_wconf 75' lang='lat' dir='ltr'>conata</span> <span class='ocrx_word' id='word_1_277' title='bbox 1691 285 1750 322; x_wconf 67' lang='lat' dir='ltr'>eet,</span> 
     </span>
     <span class='ocr_line' id='line_1_54' title="bbox 1043 334 1751 377; baseline -0.004 -9"><span class='ocrx_word' id='word_1_278' title='bbox 1043 341 1076 368; x_wconf 82' lang='lat' dir='ltr'>ul</span> <span class='ocrx_word' id='word_1_279' title='bbox 1094 341 1200 377; x_wconf 79' lang='lat' dir='ltr'>aperto</span> <span class='ocrx_word' id='word_1_280' title='bbox 1215 339 1311 368; x_wconf 80' lang='lat' dir='ltr'>latere</span> <span class='ocrx_word' id='word_1_281' title='bbox 1323 336 1548 375; x_wconf 74' lang='lat' dir='ltr'>aggrederetur</span> <span class='ocrx_word' id='word_1_282' title='bbox 1562 334 1696 371; x_wconf 82' lang='lat' dir='ltr'>hostem,·</span> <span class='ocrx_word' id='word_1_283' title='bbox 1717 334 1751 365; x_wconf 78' lang='lat' dir='ltr'>in</span> 
     </span>
     <span class='ocr_line' id='line_1_55' title="bbox 1044 385 1751 428; baseline -0.004 -11"><span class='ocrx_word' id='word_1_284' title='bbox 1044 387 1109 428; x_wconf 80' lang='lat' dir='ltr'>ipso</span> <span class='ocrx_word' id='word_1_285' title='bbox 1125 397 1296 419; x_wconf 72' lang='lat' dir='ltr'>cmcurru</span> <span class='ocrx_word' id='word_1_286' title='bbox 1305 388 1401 424; x_wconf 71' lang='lat' dir='ltr'>fossae</span> <span class='ocrx_word' id='word_1_287' title='bbox 1417 385 1551 426; x_wconf 62' lang='lat' dir='ltr'>confixa,</span> <span class='ocrx_word' id='word_1_288' title='bbox 1565 387 1595 415; x_wconf 80' lang='lat' dir='ltr'>et</span> <span class='ocrx_word' id='word_1_289' title='bbox 1611 393 1751 424; x_wconf 72' lang='lat' dir='ltr'>oppressa</span> 
     </span>
     <span class='ocr_line' id='line_1_56' title="bbox 1044 434 1752 476; baseline -0.006 -8"><span class='ocrx_word' id='word_1_290' title='bbox 1044 441 1100 469; x_wconf 85' lang='lat' dir='ltr'>est.</span> <span class='ocrx_word' id='word_1_291' title='bbox 1148 438 1217 468; x_wconf 84' lang='lat' dir='ltr'>Pro</span> <span class='ocrx_word' id='word_1_292' title='bbox 1235 439 1371 469; x_wconf 75' lang='lat' dir='ltr'>transitu</span> <span class='ocrx_word' id='word_1_293' title='bbox 1384 447 1425 468; x_wconf 83' lang='lat' dir='ltr'>ex</span> <span class='ocrx_word' id='word_1_294' title='bbox 1441 446 1476 466; x_wconf 88' lang='lat' dir='ltr'>re</span> <span class='ocrx_word' id='word_1_295' title='bbox 1494 436 1569 476; x_wconf 73' lang='lat' dir='ltr'>&#39;ipsa</span> <span class='ocrx_word' id='word_1_296' title='bbox 1591 434 1752 465; x_wconf 78' lang='lat' dir='ltr'>circuitum</span> 
     </span>
     <span class='ocr_line' id='line_1_57' title="bbox 1045 485 1755 528; baseline -0.006 -10"><span class='ocrx_word' id='word_1_297' title='bbox 1045 497 1194 528; x_wconf 84' lang='lat' dir='ltr'>repon0;</span> <span class='ocrx_word' id='word_1_298' title='bbox 1227 488 1286 518; x_wconf 84' lang='lat' dir='ltr'>sed</span> <span class='ocrx_word' id='word_1_299' title='bbox 1310 488 1392 518; x_wconf 79' lang='lat' dir='ltr'>acies</span> <span class='ocrx_word' id='word_1_300' title='bbox 1417 487 1546 517; x_wconf 76' lang='lat' dir='ltr'>secundo</span> <span class='ocrx_word' id='word_1_301' title='bbox 1573 485 1665 524; x_wconf 83' lang='lat' dir='ltr'>inihi,</span> <span class='ocrx_word' id='word_1_302' title='bbox 1683 489 1755 515; x_wconf 83' lang='lat' dir='ltr'>tan·</span> 
     </span>
     <span class='ocr_line' id='line_1_58' title="bbox 1046 534 1754 578; baseline -0.004 -10"><span class='ocrx_word' id='word_1_303' title='bbox 1046 547 1146 578; x_wconf 83' lang='lat' dir='ltr'>quam</span> <span class='ocrx_word' id='word_1_304' title='bbox 1174 538 1298 568; x_wconf 85' lang='lat' dir='ltr'>Glossa</span> <span class='ocrx_word' id='word_1_305' title='bbox 1326 538 1449 568; x_wconf 78' lang='lat' dir='ltr'>secundi</span> <span class='ocrx_word' id='word_1_306' title='bbox 1471 537 1587 577; x_wconf 79' lang='lat' dir='ltr'>praelii,</span> <span class='ocrx_word' id='word_1_307' title='bbox 1618 534 1754 566; x_wconf 80' lang='lat' dir='ltr'>videtur</span> 
     </span>
     <span class='ocr_line' id='line_1_59' title="bbox 1047 588 1610 629; baseline -0.004 -10"><span class='ocrx_word' id='word_1_308' title='bbox 1047 588 1287 629; x_wconf 77' lang='lat' dir='ltr'>expungenda.</span> <span class='ocrx_word' id='word_1_309' title='bbox 1316 589 1428 618; x_wconf 79' lang='lat' dir='ltr'>Daris.</span> <span class='ocrx_word' id='word_1_310' title='bbox 1454 597 1524 618; x_wconf 90' lang='lat' dir='ltr'>cur.</span> <span class='ocrx_word' id='word_1_311' title='bbox 1542 596 1610 618; x_wconf 89' lang='lat' dir='ltr'>sec.</span> 
     </span>
    </p>

    <p class='ocr_par' dir='ltr' id='par_1_8' title="bbox 1046 637 1764 2044">
     <span class='ocr_line' id='line_1_60' title="bbox 1089 637 1755 678; baseline -0.006 -8"><span class='ocrx_word' id='word_1_312' title='bbox 1089 642 1107 669; x_wconf 80' lang='lat'>⁷</span> <span class='ocrx_word' id='word_1_313' title='bbox 1135 638 1276 678; x_wconf 79' lang='lat' dir='ltr'>Fossam]</span> <span class='ocrx_word' id='word_1_314' title='bbox 1292 637 1436 668; x_wconf 64' lang='lat' dir='ltr'>Priorem</span> <span class='ocrx_word' id='word_1_315' title='bbox 1454 638 1558 674; x_wconf 79' lang='lat' dir='ltr'>illam,</span> <span class='ocrx_word' id='word_1_316' title='bbox 1571 645 1645 678; x_wconf 83' lang='lat' dir='ltr'>quae</span> <span class='ocrx_word' id='word_1_317' title='bbox 1663 639 1755 667; x_wconf 89' lang='lat' dir='ltr'>esset</span> 
     </span>
     <span class='ocr_line' id='line_1_61' title="bbox 1046 686 1755 728; baseline -0.006 -8"><span class='ocrx_word' id='word_1_318' title='bbox 1046 688 1361 720; x_wconf 72' lang='lat' dir='ltr'>ad1·e1·sish‹»tibus.</span> <span class='ocrx_word' id='word_1_319' title='bbox 1408 687 1549 718; x_wconf 85' lang='lat' dir='ltr'>Nullum</span> <span class='ocrx_word' id='word_1_320' title='bbox 1571 692 1684 728; x_wconf 82' lang='lat' dir='ltr'>autem</span> <span class='ocrx_word' id='word_1_321' title='bbox 1700 686 1755 717; x_wconf 87' lang='lat' dir='ltr'>hic</span> 
     </span>
     <span class='ocr_line' id='line_1_62' title="bbox 1047 736 1758 776; baseline -0.004 -5"><span class='ocrx_word' id='word_1_322' title='bbox 1047 741 1157 771; x_wconf 90' lang='lat' dir='ltr'>locum</span> <span class='ocrx_word' id='word_1_323' title='bbox 1175 740 1278 770; x_wconf 85' lang='lat' dir='ltr'>habet</span> <span class='ocrx_word' id='word_1_324' title='bbox 1297 748 1362 769; x_wconf 79' lang='lat' dir='ltr'>vox</span> <span class='ocrx_word' id='word_1_325' title='bbox 1377 738 1478 773; x_wconf 83' lang='lat' dir='ltr'>acies,·</span> <span class='ocrx_word' id='word_1_326' title='bbox 1509 737 1570 767; x_wconf 88' lang='lat' dir='ltr'>nisi</span> <span class='ocrx_word' id='word_1_327' title='bbox 1598 736 1684 776; x_wconf 88' lang='lat' dir='ltr'>legio</span> <span class='ocrx_word' id='word_1_328' title='bbox 1699 736 1758 768; x_wconf 77' lang='lat' dir='ltr'>ina</span> 
     </span>
     <span class='ocr_line' id='line_1_63' title="bbox 1050 788 1756 831; baseline -0.004 -10"><span class='ocrx_word' id='word_1_329' title='bbox 1050 790 1205 830; x_wconf 83' lang='lat' dir='ltr'>Pontica,</span> <span class='ocrx_word' id='word_1_330' title='bbox 1234 800 1309 831; x_wconf 79' lang='lat' dir='ltr'>quae</span> <span class='ocrx_word' id='word_1_331' title='bbox 1336 795 1409 820; x_wconf 83' lang='lat' dir='ltr'>erat</span> <span class='ocrx_word' id='word_1_332' title='bbox 1437 798 1542 819; x_wconf 88' lang='lat' dir='ltr'>cornu</span> <span class='ocrx_word' id='word_1_333' title='bbox 1568 788 1756 827; x_wconf 83' lang='lat' dir='ltr'>sinistrum,</span> 
     </span>
     <span class='ocr_line' id='line_1_64' title="bbox 1048 836 1756 879; baseline -0.003 -9"><span class='ocrx_word' id='word_1_334' title='bbox 1048 840 1207 871; x_wconf 78' lang='lat' dir='ltr'>inusitato</span> <span class='ocrx_word' id='word_1_335' title='bbox 1223 840 1322 871; x_wconf 87' lang='lat' dir='ltr'>modo</span> <span class='ocrx_word' id='word_1_336' title='bbox 1337 840 1390 870; x_wconf 88' lang='lat' dir='ltr'>hic</span> <span class='ocrx_word' id='word_1_337' title='bbox 1415 839 1587 879; x_wconf 83' lang='lat' dir='ltr'>appellata</span> <span class='ocrx_word' id='word_1_338' title='bbox 1602 837 1645 868; x_wconf 86' lang='lat' dir='ltr'>sit</span> <span class='ocrx_word' id='word_1_339' title='bbox 1662 836 1756 868; x_wconf 80' lang='lat' dir='ltr'>acies.</span> 
     </span>
     <span class='ocr_line' id='line_1_65' title="bbox 1048 886 1758 930; baseline -0.006 -10"><span class='ocrx_word' id='word_1_340' title='bbox 1048 889 1185 930; x_wconf 83' lang='lat' dir='ltr'>Alioqui</span> <span class='ocrx_word' id='word_1_341' title='bbox 1200 888 1417 920; x_wconf 86' lang='lat' dir='ltr'>scribendum</span> <span class='ocrx_word' id='word_1_342' title='bbox 1431 893 1505 918; x_wconf 87' lang='lat' dir='ltr'>erat</span> <span class='ocrx_word' id='word_1_343' title='bbox 1520 887 1663 918; x_wconf 81' lang='lat' dir='ltr'>fortasse</span> <span class='ocrx_word' id='word_1_344' title='bbox 1679 886 1758 926; x_wconf 82' lang='lat' dir='ltr'>acie,</span> 
     </span>
     <span class='ocr_line' id='line_1_66' title="bbox 1048 937 1758 979; baseline -0.006 -9"><span class='ocrx_word' id='word_1_345' title='bbox 1048 944 1108 970; x_wconf 88' lang='lat' dir='ltr'>aut</span> <span class='ocrx_word' id='word_1_346' title='bbox 1133 940 1246 979; x_wconf 87' lang='lat' dir='ltr'>potius</span> <span class='ocrx_word' id='word_1_347' title='bbox 1273 949 1315 970; x_wconf 86' lang='lat' dir='ltr'>ex</span> <span class='ocrx_word' id='word_1_348' title='bbox 1341 944 1413 969; x_wconf 76' lang='lat' dir='ltr'>toto</span> <span class='ocrx_word' id='word_1_349' title='bbox 1439 937 1586 968; x_wconf 84' lang='lat' dir='ltr'>delenda</span> <span class='ocrx_word' id='word_1_350' title='bbox 1613 947 1655 968; x_wconf 83' lang='lat' dir='ltr'>ea</span> <span class='ocrx_word' id='word_1_351' title='bbox 1681 945 1758 967; x_wconf 86' lang='lat' dir='ltr'>vox.</span> 
     </span>
     <span class='ocr_line' id='line_1_67' title="bbox 1052 988 1760 1028; baseline -0.001 -9"><span class='ocrx_word' id='word_1_352' title='bbox 1052 988 1297 1025; x_wconf 75' lang='lat' dir='ltr'>Transztusossae</span> <span class='ocrx_word' id='word_1_353' title='bbox 1306 988 1501 1028; x_wconf 74' lang='lat' dir='ltr'>posterioris</span> <span class='ocrx_word' id='word_1_354' title='bbox 1513 988 1658 1026; x_wconf 79' lang='lat' dir='ltr'>scilicet,</span> <span class='ocrx_word' id='word_1_355' title='bbox 1668 991 1760 1027; x_wconf 84' lang='lat' dir='ltr'>post·</span> 
     </span>
     <span class='ocr_line' id='line_1_68' title="bbox 1050 1036 1760 1080; baseline -0.003 -10"><span class='ocrx_word' id='word_1_356' title='bbox 1050 1049 1148 1080; x_wconf 87' lang='lat' dir='ltr'>quam</span> <span class='ocrx_word' id='word_1_357' title='bbox 1164 1039 1369 1070; x_wconf 84' lang='lat' dir='ltr'>circuierant</span> <span class='ocrx_word' id='word_1_358' title='bbox 1384 1038 1530 1079; x_wconf 81' lang='lat' dir='ltr'>priorem.</span> <span class='ocrx_word' id='word_1_359' title='bbox 1550 1037 1658 1068; x_wconf 81' lang='lat' dir='ltr'>Clark.</span> <span class='ocrx_word' id='word_1_360' title='bbox 1683 1036 1760 1068; x_wconf 84' lang='lat' dir='ltr'>Fin-</span> 
     </span>
     <span class='ocr_line' id='line_1_69' title="bbox 1049 1086 1758 1130; baseline -0.001 -10"><span class='ocrx_word' id='word_1_361' title='bbox 1049 1090 1098 1130; x_wconf 87' lang='lat' dir='ltr'>git</span> <span class='ocrx_word' id='word_1_362' title='bbox 1116 1099 1197 1129; x_wconf 86' lang='lat' dir='ltr'>ergo</span> <span class='ocrx_word' id='word_1_363' title='bbox 1214 1089 1265 1120; x_wconf 84' lang='lat' dir='ltr'>vir</span> <span class='ocrx_word' id='word_1_364' title='bbox 1289 1089 1424 1129; x_wconf 83' lang='lat' dir='ltr'>doctus,</span> <span class='ocrx_word' id='word_1_365' title='bbox 1449 1088 1572 1119; x_wconf 71' lang='lat' dir='ltr'>fossam</span> <span class='ocrx_word' id='word_1_366' title='bbox 1598 1097 1617 1118; x_wconf 82' lang='lat' dir='ltr'>a</span> <span class='ocrx_word' id='word_1_367' title='bbox 1642 1086 1758 1120; x_wconf 74' lang='lat' dir='ltr'>fronte</span> 
     </span>
     <span class='ocr_line' id='line_1_70' title="bbox 1050 1138 1759 1179; baseline -0.001 -9"><span class='ocrx_word' id='word_1_368' title='bbox 1050 1144 1086 1170; x_wconf 87' lang='lat' dir='ltr'>et</span> <span class='ocrx_word' id='word_1_369' title='bbox 1115 1149 1134 1170; x_wconf 88' lang='lat' dir='ltr'>a</span> <span class='ocrx_word' id='word_1_370' title='bbox 1166 1145 1262 1179; x_wconf 83' lang='lat' dir='ltr'>tergo</span> <span class='ocrx_word' id='word_1_371' title='bbox 1290 1139 1395 1169; x_wconf 72' lang='lat' dir='ltr'>fnisse</span> <span class='ocrx_word' id='word_1_372' title='bbox 1422 1140 1529 1179; x_wconf 86' lang='lat' dir='ltr'>copiis</span> <span class='ocrx_word' id='word_1_373' title='bbox 1562 1138 1759 1170; x_wconf 74' lang='lat' dir='ltr'>Pharnacis.</span> 
     </span>
     <span class='ocr_line' id='line_1_71' title="bbox 1050 1187 1761 1229; baseline -0.003 -8"><span class='ocrx_word' id='word_1_374' title='bbox 1050 1189 1151 1222; x_wconf 85' lang='lat' dir='ltr'>Quod</span> <span class='ocrx_word' id='word_1_375' title='bbox 1179 1199 1243 1229; x_wconf 82' lang='lat' dir='ltr'>ego</span> <span class='ocrx_word' id='word_1_376' title='bbox 1269 1198 1334 1219; x_wconf 73' lang='lat' dir='ltr'>nor·</span> <span class='ocrx_word' id='word_1_377' title='bbox 1352 1189 1525 1229; x_wconf 83' lang='lat' dir='ltr'>percipio:</span> <span class='ocrx_word' id='word_1_378' title='bbox 1551 1187 1629 1219; x_wconf 84' lang='lat' dir='ltr'>inihi</span> <span class='ocrx_word' id='word_1_379' title='bbox 1645 1188 1761 1219; x_wconf 82' lang='lat' dir='ltr'>viden·</span> 
     </span>
     <span class='ocr_line' id='line_1_72' title="bbox 1051 1241 1759 1282; baseline 0 -10"><span class='ocrx_word' id='word_1_380' title='bbox 1051 1247 1108 1273; x_wconf 89' lang='lat' dir='ltr'>tur</span> <span class='ocrx_word' id='word_1_381' title='bbox 1124 1242 1224 1273; x_wconf 75' lang='lat' dir='ltr'>fossae</span> <span class='ocrx_word' id='word_1_382' title='bbox 1253 1241 1358 1272; x_wconf 84' lang='lat' dir='ltr'>fuisse</span> <span class='ocrx_word' id='word_1_383' title='bbox 1379 1241 1520 1273; x_wconf 82' lang='lat' dir='ltr'>directa·</span> <span class='ocrx_word' id='word_1_384' title='bbox 1546 1242 1588 1272; x_wconf 82' lang='lat' dir='ltr'>ab</span> <span class='ocrx_word' id='word_1_385' title='bbox 1617 1245 1759 1282; x_wconf 81' lang='lat' dir='ltr'>utroque</span> 
     </span>
     <span class='ocr_line' id='line_1_73' title="bbox 1050 1292 1758 1333; baseline -0.001 -9"><span class='ocrx_word' id='word_1_386' title='bbox 1050 1294 1161 1324; x_wconf 81' lang='lat' dir='ltr'>latere</span> <span class='ocrx_word' id='word_1_387' title='bbox 1179 1293 1222 1323; x_wconf 89' lang='lat' dir='ltr'>ab</span> <span class='ocrx_word' id='word_1_388' title='bbox 1239 1292 1367 1333; x_wconf 83' lang='lat' dir='ltr'>oppido</span> <span class='ocrx_word' id='word_1_389' title='bbox 1385 1301 1501 1322; x_wconf 83' lang='lat' dir='ltr'>versus</span> <span class='ocrx_word' id='word_1_390' title='bbox 1521 1292 1701 1332; x_wconf 83' lang='lat' dir='ltr'>Romanos,</span> <span class='ocrx_word' id='word_1_391' title='bbox 1715 1300 1758 1323; x_wconf 89' lang='lat' dir='ltr'>ne</span> 
     </span>
     <span class='ocr_line' id='line_1_74' title="bbox 1052 1342 1760 1375; baseline -0.003 0"><span class='ocrx_word' id='word_1_392' title='bbox 1052 1344 1102 1375; x_wconf 82' lang='lat' dir='ltr'>sui</span> <span class='ocrx_word' id='word_1_393' title='bbox 1119 1343 1381 1374; x_wconf 82' lang='lat' dir='ltr'>circumirentur</span> <span class='ocrx_word' id='word_1_394' title='bbox 1405 1347 1439 1373; x_wconf 87' lang='lat' dir='ltr'>et</span> <span class='ocrx_word' id='word_1_395' title='bbox 1455 1342 1566 1373; x_wconf 86' lang='lat' dir='ltr'>aversi</span> <span class='ocrx_word' id='word_1_396' title='bbox 1588 1342 1760 1374; x_wconf 83' lang='lat' dir='ltr'>caederen-</span> 
     </span>
     <span class='ocr_line' id='line_1_75' title="bbox 1053 1393 1758 1435; baseline -0.001 -9"><span class='ocrx_word' id='word_1_397' title='bbox 1053 1400 1108 1427; x_wconf 88' lang='lat' dir='ltr'>tur</span> <span class='ocrx_word' id='word_1_398' title='bbox 1125 1395 1167 1426; x_wconf 81' lang='lat' dir='ltr'>ab</span> <span class='ocrx_word' id='word_1_399' title='bbox 1184 1395 1236 1427; x_wconf 85' lang='lat' dir='ltr'>iis.</span> <span class='ocrx_word' id='word_1_400' title='bbox 1282 1394 1425 1435; x_wconf 84' lang='lat' dir='ltr'>Equites</span> <span class='ocrx_word' id='word_1_401' title='bbox 1449 1403 1528 1424; x_wconf 88' lang='lat' dir='ltr'>vero</span> <span class='ocrx_word' id='word_1_402' title='bbox 1546 1394 1580 1424; x_wconf 91' lang='lat' dir='ltr'>in</span> <span class='ocrx_word' id='word_1_403' title='bbox 1596 1393 1758 1426; x_wconf 78' lang='lat' dir='ltr'>lateribus</span> 
     </span>
     <span class='ocr_line' id='line_1_76' title="bbox 1052 1444 1761 1485; baseline 0 -9"><span class='ocrx_word' id='word_1_404' title='bbox 1052 1451 1151 1476; x_wconf 81' lang='lat' dir='ltr'>extra</span> <span class='ocrx_word' id='word_1_405' title='bbox 1180 1445 1286 1476; x_wconf 85' lang='lat' dir='ltr'>fossas</span> <span class='ocrx_word' id='word_1_406' title='bbox 1313 1444 1440 1485; x_wconf 81' lang='lat' dir='ltr'>posuit,</span> <span class='ocrx_word' id='word_1_407' title='bbox 1471 1449 1509 1475; x_wconf 88' lang='lat' dir='ltr'>ut</span> <span class='ocrx_word' id='word_1_408' title='bbox 1537 1444 1761 1484; x_wconf 80' lang='lat' dir='ltr'>prohiberent</span> 
     </span>
     <span class='ocr_line' id='line_1_77' title="bbox 1053 1495 1759 1535; baseline -0.001 -8"><span class='ocrx_word' id='word_1_409' title='bbox 1053 1497 1222 1527; x_wconf 88' lang='lat' dir='ltr'>Romanos</span> <span class='ocrx_word' id='word_1_410' title='bbox 1262 1505 1377 1526; x_wconf 88' lang='lat' dir='ltr'>earum</span> <span class='ocrx_word' id='word_1_411' title='bbox 1417 1495 1575 1535; x_wconf 81' lang='lat' dir='ltr'>transitu,</span> <span class='ocrx_word' id='word_1_412' title='bbox 1614 1495 1759 1526; x_wconf 88' lang='lat' dir='ltr'>credens</span> 
     </span>
     <span class='ocr_line' id='line_1_78' title="bbox 1051 1546 1761 1578; baseline -0.001 0"><span class='ocrx_word' id='word_1_413' title='bbox 1051 1547 1127 1578; x_wconf 88' lang='lat' dir='ltr'>illos</span> <span class='ocrx_word' id='word_1_414' title='bbox 1144 1547 1190 1578; x_wconf 80' lang='lat' dir='ltr'>sic</span> <span class='ocrx_word' id='word_1_415' title='bbox 1208 1551 1365 1578; x_wconf 82' lang='lat' dir='ltr'>coactum</span> <span class='ocrx_word' id='word_1_416' title='bbox 1388 1546 1428 1576; x_wconf 91' lang='lat' dir='ltr'>iri</span> <span class='ocrx_word' id='word_1_417' title='bbox 1453 1555 1567 1576; x_wconf 87' lang='lat' dir='ltr'>secum</span> <span class='ocrx_word' id='word_1_418' title='bbox 1590 1550 1723 1577; x_wconf 85' lang='lat' dir='ltr'>certare</span> <span class='ocrx_word' id='word_1_419' title='bbox 1741 1554 1761 1577; x_wconf 86' lang='lat' dir='ltr'>a.</span> 
     </span>
     <span class='ocr_line' id='line_1_79' title="bbox 1053 1594 1762 1636; baseline 0 -8"><span class='ocrx_word' id='word_1_420' title='bbox 1053 1597 1164 1628; x_wconf 83' lang='lat' dir='ltr'>fronte</span> <span class='ocrx_word' id='word_1_421' title='bbox 1183 1598 1265 1628; x_wconf 84' lang='lat' dir='ltr'>sola.</span> <span class='ocrx_word' id='word_1_422' title='bbox 1311 1596 1357 1627; x_wconf 88' lang='lat' dir='ltr'>Ni</span> <span class='ocrx_word' id='word_1_423' title='bbox 1375 1596 1423 1628; x_wconf 87' lang='lat' dir='ltr'>ita</span> <span class='ocrx_word' id='word_1_424' title='bbox 1449 1596 1679 1636; x_wconf 81' lang='lat' dir='ltr'>intelligamus</span> <span class='ocrx_word' id='word_1_425' title='bbox 1695 1594 1762 1628; x_wconf 82' lang='lat' dir='ltr'>fos-</span> 
     </span>
     <span class='ocr_line' id='line_1_80' title="bbox 1054 1646 1760 1686; baseline -0.003 -7"><span class='ocrx_word' id='word_1_426' title='bbox 1054 1659 1106 1679; x_wconf 83' lang='lat' dir='ltr'>sas</span> <span class='ocrx_word' id='word_1_427' title='bbox 1135 1648 1242 1679; x_wconf 67' lang='lat' dir='ltr'>fuisse</span> <span class='ocrx_word' id='word_1_428' title='bbox 1269 1648 1404 1686; x_wconf 78' lang='lat' dir='ltr'>(luctas,</span> <span class='ocrx_word' id='word_1_429' title='bbox 1433 1647 1611 1678; x_wconf 87' lang='lat' dir='ltr'>debuisset</span> <span class='ocrx_word' id='word_1_430' title='bbox 1635 1646 1760 1678; x_wconf 88' lang='lat' dir='ltr'>clarius</span> 
     </span>
     <span class='ocr_line' id='line_1_81' title="bbox 1053 1697 1762 1740; baseline -0.003 -11"><span class='ocrx_word' id='word_1_431' title='bbox 1053 1699 1145 1740; x_wconf 84' lang='lat' dir='ltr'>loqui</span> <span class='ocrx_word' id='word_1_432' title='bbox 1165 1698 1314 1736; x_wconf 82' lang='lat' dir='ltr'>Hirtius,</span> <span class='ocrx_word' id='word_1_433' title='bbox 1341 1702 1377 1728; x_wconf 86' lang='lat' dir='ltr'>et</span> <span class='ocrx_word' id='word_1_434' title='bbox 1398 1697 1534 1737; x_wconf 83' lang='lat' dir='ltr'>priorem</span> <span class='ocrx_word' id='word_1_435' title='bbox 1559 1707 1598 1728; x_wconf 79' lang='lat' dir='ltr'>ac</span> <span class='ocrx_word' id='word_1_436' title='bbox 1613 1697 1762 1737; x_wconf 81' lang='lat' dir='ltr'>posterio-</span> 
     </span>
     <span class='ocr_line' id='line_1_82' title="bbox 1053 1747 1762 1781; baseline -0.001 -1"><span class='ocrx_word' id='word_1_437' title='bbox 1053 1760 1118 1780; x_wconf 81' lang='lat' dir='ltr'>rem</span> <span class='ocrx_word' id='word_1_438' title='bbox 1135 1749 1272 1781; x_wconf 85' lang='lat' dir='ltr'>addere.</span> <span class='ocrx_word' id='word_1_439' title='bbox 1317 1748 1382 1779; x_wconf 90' lang='lat' dir='ltr'>Illa</span> <span class='ocrx_word' id='word_1_440' title='bbox 1407 1747 1513 1778; x_wconf 86' lang='lat' dir='ltr'>verba</span> <span class='ocrx_word' id='word_1_441' title='bbox 1538 1750 1620 1778; x_wconf 74' lang='lat' dir='ltr'>acles</span> <span class='ocrx_word' id='word_1_442' title='bbox 1633 1749 1762 1780; x_wconf 79' lang='lat' dir='ltr'>secando</span> 
     </span>
     <span class='ocr_line' id='line_1_83' title="bbox 1054 1798 1764 1841; baseline -0.004 -10"><span class='ocrx_word' id='word_1_443' title='bbox 1054 1801 1174 1841; x_wconf 84' lang='lat' dir='ltr'>procul</span> <span class='ocrx_word' id='word_1_444' title='bbox 1191 1800 1294 1830; x_wconf 84' lang='lat' dir='ltr'>dubio</span> <span class='ocrx_word' id='word_1_445' title='bbox 1308 1804 1471 1839; x_wconf 84' lang='lat' dir='ltr'>corrupta</span> <span class='ocrx_word' id='word_1_446' title='bbox 1488 1804 1582 1837; x_wconf 80' lang='lat' dir='ltr'>sunt3</span> <span class='ocrx_word' id='word_1_447' title='bbox 1607 1798 1666 1829; x_wconf 87' lang='lat' dir='ltr'>sed</span> <span class='ocrx_word' id='word_1_448' title='bbox 1684 1808 1764 1839; x_wconf 88' lang='lat' dir='ltr'>quo-</span> 
     </span>
     <span class='ocr_line' id='line_1_84' title="bbox 1053 1849 1764 1891; baseline -0.004 -9"><span class='ocrx_word' id='word_1_449' title='bbox 1053 1851 1155 1882; x_wconf 84' lang='lat' dir='ltr'>modo</span> <span class='ocrx_word' id='word_1_450' title='bbox 1173 1850 1298 1891; x_wconf 87' lang='lat' dir='ltr'>corrigi</span> <span class='ocrx_word' id='word_1_451' title='bbox 1315 1849 1474 1887; x_wconf 85' lang='lat' dir='ltr'>debeant,</span> <span class='ocrx_word' id='word_1_452' title='bbox 1492 1859 1567 1880; x_wconf 83' lang='lat' dir='ltr'>cuni</span> <span class='ocrx_word' id='word_1_453' title='bbox 1593 1849 1764 1889; x_wconf 85' lang='lat' dir='ltr'>ignarissi-</span> 
     </span>
     <span class='ocr_line' id='line_1_85' title="bbox 1054 1900 1764 1933; baseline 0 -1"><span class='ocrx_word' id='word_1_454' title='bbox 1054 1902 1116 1933; x_wconf 79' lang='lat' dir='ltr'>mis</span> <span class='ocrx_word' id='word_1_455' title='bbox 1143 1901 1269 1933; x_wconf 87' lang='lat' dir='ltr'>nescio.</span> <span class='ocrx_word' id='word_1_456' title='bbox 1314 1901 1409 1932; x_wconf 72' lang='lat' dir='ltr'>Acies</span> <span class='ocrx_word' id='word_1_457' title='bbox 1433 1900 1612 1931; x_wconf 83' lang='lat' dir='ltr'>delendum</span> <span class='ocrx_word' id='word_1_458' title='bbox 1629 1900 1764 1932; x_wconf 83' lang='lat' dir='ltr'>censuit</span> 
     </span>
     <span class='ocr_line' id='line_1_86' title="bbox 1054 1952 1762 1992; baseline -0.001 -9"><span class='ocrx_word' id='word_1_459' title='bbox 1054 1952 1205 1992; x_wconf 80' lang='lat' dir='ltr'>Scaliger</span> <span class='ocrx_word' id='word_1_460' title='bbox 1233 1957 1268 1982; x_wconf 83' lang='lat' dir='ltr'>et</span> <span class='ocrx_word' id='word_1_461' title='bbox 1295 1952 1483 1983; x_wconf 84' lang='lat' dir='ltr'>Gruterus:</span> <span class='ocrx_word' id='word_1_462' title='bbox 1518 1952 1650 1983; x_wconf 72' lang='lat' dir='ltr'>secunda</span> <span class='ocrx_word' id='word_1_463' title='bbox 1676 1961 1762 1982; x_wconf 84' lang='lat' dir='ltr'>mar·</span> 
     </span>
     <span class='ocr_line' id='line_1_87' title="bbox 1055 2003 1433 2044; baseline 0 -10"><span class='ocrx_word' id='word_1_464' title='bbox 1055 2003 1124 2044; x_wconf 82' lang='lat' dir='ltr'>gini</span> <span class='ocrx_word' id='word_1_465' title='bbox 1142 2003 1271 2034; x_wconf 83' lang='lat' dir='ltr'>adlevit</span> <span class='ocrx_word' id='word_1_466' title='bbox 1288 2003 1433 2042; x_wconf 80' lang='lat' dir='ltr'>Lipsius.</span> 
     </span>
    </p>

    <p class='ocr_par' dir='ltr' id='par_1_9' title="bbox 1055 2052 1764 2387">
     <span class='ocr_line' id='line_1_88' title="bbox 1098 2052 1764 2094; baseline -0.003 -10"><span class='ocrx_word' id='word_1_467' title='bbox 1098 2056 1118 2084; x_wconf 81' lang='grc'>8</span> <span class='ocrx_word' id='word_1_468' title='bbox 1142 2053 1274 2092; x_wconf 77' lang='lat' dir='ltr'>Magnis</span> <span class='ocrx_word' id='word_1_469' title='bbox 1288 2053 1384 2093; x_wconf 83' lang='lat' dir='ltr'>copiis</span> <span class='ocrx_word' id='word_1_470' title='bbox 1406 2052 1539 2084; x_wconf 72' lang='lat' dir='ltr'>hostium</span> <span class='ocrx_word' id='word_1_471' title='bbox 1559 2052 1764 2094; x_wconf 78' lang='lat' dir='ltr'>circumdata]</span> 
     </span>
     <span class='ocr_line' id='line_1_89' title="bbox 1055 2102 1764 2144; baseline -0.004 -9"><span class='ocrx_word' id='word_1_472' title='bbox 1055 2104 1150 2144; x_wconf 81' lang='lat' dir='ltr'>Lege</span> <span class='ocrx_word' id='word_1_473' title='bbox 1167 2103 1348 2143; x_wconf 76' lang='lat' dir='ltr'>magnisque</span> <span class='ocrx_word' id='word_1_474' title='bbox 1362 2103 1468 2143; x_wconf 80' lang='lat' dir='ltr'>copiis,</span> <span class='ocrx_word' id='word_1_475' title='bbox 1488 2108 1524 2133; x_wconf 87' lang='lat' dir='ltr'>ut</span> <span class='ocrx_word' id='word_1_476' title='bbox 1538 2102 1660 2133; x_wconf 83' lang='lat' dir='ltr'>habent</span> <span class='ocrx_word' id='word_1_477' title='bbox 1677 2102 1764 2143; x_wconf 81' lang='lat' dir='ltr'>Gry-</span> 
     </span>
     <span class='ocr_line' id='line_1_90' title="bbox 1056 2153 1763 2195; baseline 0 -11"><span class='ocrx_word' id='word_1_478' title='bbox 1056 2155 1154 2195; x_wconf 88' lang='lat' dir='ltr'>phins</span> <span class='ocrx_word' id='word_1_479' title='bbox 1192 2159 1227 2184; x_wconf 85' lang='lat' dir='ltr'>et</span> <span class='ocrx_word' id='word_1_480' title='bbox 1260 2153 1504 2194; x_wconf 70' lang='lat' dir='ltr'>Lugdunenses</span> <span class='ocrx_word' id='word_1_481' title='bbox 1531 2155 1626 2183; x_wconf 81' lang='lat'>1576.</span> <span class='ocrx_word' id='word_1_482' title='bbox 1686 2153 1763 2184; x_wconf 82' lang='lat' dir='ltr'>Hoc</span> 
     </span>
     <span class='ocr_line' id='line_1_91' title="bbox 1055 2202 1763 2242; baseline -0.003 -7"><span class='ocrx_word' id='word_1_483' title='bbox 1055 2205 1089 2235; x_wconf 87' lang='lat' dir='ltr'>ni</span> <span class='ocrx_word' id='word_1_484' title='bbox 1115 2204 1188 2242; x_wconf 76' lang='lat' dir='ltr'>liat,</span> <span class='ocrx_word' id='word_1_485' title='bbox 1217 2205 1329 2234; x_wconf 75' lang='lat' dir='ltr'>hiulca</span> <span class='ocrx_word' id='word_1_486' title='bbox 1356 2209 1409 2234; x_wconf 82' lang='lat' dir='ltr'>est</span> <span class='ocrx_word' id='word_1_487' title='bbox 1435 2203 1557 2235; x_wconf 87' lang='lat' dir='ltr'>oratio.</span> <span class='ocrx_word' id='word_1_488' title='bbox 1614 2202 1704 2235; x_wconf 82' lang='lat' dir='ltr'>Quin</span> <span class='ocrx_word' id='word_1_489' title='bbox 1728 2207 1763 2233; x_wconf 87' lang='lat' dir='ltr'>et</span> 
     </span>
     <span class='ocr_line' id='line_1_92' title="bbox 1058 2252 1764 2293; baseline -0.004 -7"><span class='ocrx_word' id='word_1_490' title='bbox 1058 2255 1230 2293; x_wconf 79' lang='lat' dir='ltr'>Clarkius,</span> <span class='ocrx_word' id='word_1_491' title='bbox 1248 2255 1328 2285; x_wconf 84' lang='lat' dir='ltr'>licet</span> <span class='ocrx_word' id='word_1_492' title='bbox 1347 2255 1446 2284; x_wconf 83' lang='lat' dir='ltr'>aliam</span> <span class='ocrx_word' id='word_1_493' title='bbox 1464 2254 1632 2284; x_wconf 86' lang='lat' dir='ltr'>rationem</span> <span class='ocrx_word' id='word_1_494' title='bbox 1652 2252 1697 2284; x_wconf 85' lang='lat' dir='ltr'>sit</span> <span class='ocrx_word' id='word_1_495' title='bbox 1713 2261 1764 2284; x_wconf 86' lang='lat' dir='ltr'>se-</span> 
     </span>
     <span class='ocr_line' id='line_1_93' title="bbox 1057 2302 1763 2345; baseline -0.004 -9"><span class='ocrx_word' id='word_1_496' title='bbox 1057 2311 1169 2343; x_wconf 88' lang='lat' dir='ltr'>cutus,</span> <span class='ocrx_word' id='word_1_497' title='bbox 1201 2306 1249 2336; x_wconf 82' lang='lat' dir='ltr'>sic</span> <span class='ocrx_word' id='word_1_498' title='bbox 1283 2304 1347 2345; x_wconf 64' lang='lat' dir='ltr'>legi</span> <span class='ocrx_word' id='word_1_499' title='bbox 1387 2313 1484 2344; x_wconf 87' lang='lat' dir='ltr'>posse</span> <span class='ocrx_word' id='word_1_500' title='bbox 1515 2303 1613 2336; x_wconf 85' lang='lat' dir='ltr'>vidit.</span> <span class='ocrx_word' id='word_1_501' title='bbox 1651 2302 1763 2336; x_wconf 71' lang='lat' dir='ltr'>Dacis.</span> 
     </span>
     <span class='ocr_line' id='line_1_94' title="bbox 1058 2365 1214 2387; baseline -0.006 -1"><span class='ocrx_word' id='word_1_502' title='bbox 1058 2365 1129 2387; x_wconf 92' lang='lat' dir='ltr'>cur.</span> <span class='ocrx_word' id='word_1_503' title='bbox 1148 2365 1214 2386; x_wconf 82' lang='lat' dir='ltr'>sec.</span> 
     </span>
    </p>

    <p class='ocr_par' dir='ltr' id='par_1_10' title="bbox 1056 2404 1764 2800">
     <span class='ocr_line' id='line_1_95' title="bbox 1101 2404 1764 2445; baseline -0.003 -8"><span class='ocrx_word' id='word_1_504' title='bbox 1101 2410 1121 2437; x_wconf 87' lang='grc'><strong>9</strong></span> <span class='ocrx_word' id='word_1_505' title='bbox 1148 2405 1394 2437; x_wconf 70' lang='lat' dir='ltr'>Pr-oescnlissimo</span> <span class='ocrx_word' id='word_1_506' title='bbox 1420 2405 1468 2445; x_wconf 87' lang='lat' dir='ltr'>a.]</span> <span class='ocrx_word' id='word_1_507' title='bbox 1501 2406 1556 2436; x_wconf 85' lang='lat' dir='ltr'>Sic</span> <span class='ocrx_word' id='word_1_508' title='bbox 1580 2404 1674 2436; x_wconf 87' lang='lat' dir='ltr'>Editi</span> <span class='ocrx_word' id='word_1_509' title='bbox 1696 2414 1764 2436; x_wconf 89' lang='lat' dir='ltr'>om-</span> 
     </span>
     <span class='ocr_line' id='line_1_96' title="bbox 1058 2453 1764 2496; baseline 0 -10"><span class='ocrx_word' id='word_1_510' title='bbox 1058 2466 1127 2495; x_wconf 85' lang='lat' dir='ltr'>nes,</span> <span class='ocrx_word' id='word_1_511' title='bbox 1145 2466 1210 2496; x_wconf 83' lang='lat' dir='ltr'>quo</span> <span class='ocrx_word' id='word_1_512' title='bbox 1229 2461 1330 2495; x_wconf 86' lang='lat' dir='ltr'>pacto</span> <span class='ocrx_word' id='word_1_513' title='bbox 1355 2455 1464 2485; x_wconf 88' lang='lat' dir='ltr'>oratio</span> <span class='ocrx_word' id='word_1_514' title='bbox 1483 2461 1534 2485; x_wconf 84' lang='lat' dir='ltr'>est</span> <span class='ocrx_word' id='word_1_515' title='bbox 1552 2453 1764 2494; x_wconf 84' lang='lat' dir='ltr'>imperfecta.</span> 
     </span>
     <span class='ocr_line' id='line_1_97' title="bbox 1058 2505 1764 2545; baseline 0 -8"><span class='ocrx_word' id='word_1_516' title='bbox 1058 2506 1329 2538; x_wconf 84' lang='lat' dir='ltr'>Rescribendum</span> <span class='ocrx_word' id='word_1_517' title='bbox 1347 2515 1389 2536; x_wconf 80' lang='lat' dir='ltr'>cx</span> <span class='ocrx_word' id='word_1_518' title='bbox 1404 2506 1469 2536; x_wconf 84' lang='lat' dir='ltr'>Ms.</span> <span class='ocrx_word' id='word_1_519' title='bbox 1503 2505 1611 2545; x_wconf 82' lang='lat' dir='ltr'>Regio</span> <span class='ocrx_word' id='word_1_520' title='bbox 1629 2514 1764 2545; x_wconf 69' lang='lat' dir='ltr'>praeseu-</span> 
     </span>
     <span class='ocr_line' id='line_1_98' title="bbox 1058 2555 1762 2596; baseline -0.001 -9"><span class='ocrx_word' id='word_1_521' title='bbox 1058 2557 1233 2596; x_wconf 78' lang='lat' dir='ltr'>lissimoque</span> <span class='ocrx_word' id='word_1_522' title='bbox 1259 2566 1309 2586; x_wconf 82' lang='lat' dir='ltr'>an.</span> <span class='ocrx_word' id='word_1_523' title='bbox 1335 2555 1406 2586; x_wconf 84' lang='lat' dir='ltr'>Ant</span> <span class='ocrx_word' id='word_1_524' title='bbox 1434 2565 1476 2585; x_wconf 78' lang='lat' dir='ltr'>ex</span> <span class='ocrx_word' id='word_1_525' title='bbox 1501 2555 1702 2594; x_wconf 85' lang='lat' dir='ltr'>conjectura</span> <span class='ocrx_word' id='word_1_526' title='bbox 1717 2555 1762 2586; x_wconf 88' lang='lat' dir='ltr'>le-</span> 
     </span>
     <span class='ocr_line' id='line_1_99' title="bbox 1059 2605 1764 2646; baseline 0 -10"><span class='ocrx_word' id='word_1_527' title='bbox 1059 2606 1205 2646; x_wconf 77' lang='lat' dir='ltr'>gendum</span> <span class='ocrx_word' id='word_1_528' title='bbox 1229 2606 1407 2646; x_wconf 74' lang='lat' dir='ltr'>magnisque</span> <span class='ocrx_word' id='word_1_529' title='bbox 1423 2605 1764 2645; x_wconf 73' lang='lat' dir='ltr'>copiis-circumdata,</span> 
     </span>
     <span class='ocr_line' id='line_1_100' title="bbox 1058 2655 1762 2697; baseline -0.001 -11"><span class='ocrx_word' id='word_1_530' title='bbox 1058 2657 1319 2697; x_wconf 69' lang='lat' dir='ltr'>proesentissimo</span> <span class='ocrx_word' id='word_1_531' title='bbox 1345 2656 1460 2695; x_wconf 77' lang='lat' dir='ltr'>animo,</span> <span class='ocrx_word' id='word_1_532' title='bbox 1478 2658 1531 2695; x_wconf 61' lang='lat'>{50:-</span> <span class='ocrx_word' id='word_1_533' title='bbox 1559 2656 1667 2687; x_wconf 80' lang='lat' dir='ltr'>Clark.</span> <span class='ocrx_word' id='word_1_534' title='bbox 1698 2655 1762 2686; x_wconf 78' lang='lat' dir='ltr'>Vel</span> 
     </span>
     <span class='ocr_line' id='line_1_101' title="bbox 1056 2706 1762 2747; baseline -0.004 -9"><span class='ocrx_word' id='word_1_535' title='bbox 1056 2710 1086 2738; x_wconf 79' lang='lat' dir='ltr'>et</span> <span class='ocrx_word' id='word_1_536' title='bbox 1102 2707 1234 2746; x_wconf 75' lang='lat' dir='ltr'>magnis.</span> <span class='ocrx_word' id='word_1_537' title='bbox 1259 2707 1400 2738; x_wconf 85' lang='lat' dir='ltr'>Vascos.</span> <span class='ocrx_word' id='word_1_538' title='bbox 1417 2706 1503 2747; x_wconf 87' lang='lat' dir='ltr'>jam,</span> <span class='ocrx_word' id='word_1_539' title='bbox 1519 2706 1654 2747; x_wconf 75' lang='lat' dir='ltr'>Gryph.</span> <span class='ocrx_word' id='word_1_540' title='bbox 1675 2709 1762 2747; x_wconf 71' lang='lat' dir='ltr'>post.</span> 
     </span>
     <span class='ocr_line' id='line_1_102' title="bbox 1057 2754 1761 2800; baseline -0.006 -11"><span class='ocrx_word' id='word_1_541' title='bbox 1057 2762 1093 2790; x_wconf 83' lang='lat' dir='ltr'>et</span> <span class='ocrx_word' id='word_1_542' title='bbox 1102 2757 1221 2799; x_wconf 76' lang='lat' dir='ltr'>steph.</span> <span class='ocrx_word' id='word_1_543' title='bbox 1234 2756 1410 2800; x_wconf 78' lang='lat' dir='ltr'>magnisque</span> <span class='ocrx_word' id='word_1_544' title='bbox 1422 2755 1598 2797; x_wconf 57' lang='lat' dir='ltr'>exhibentq</span> <span class='ocrx_word' id='word_1_545' title='bbox 1621 2755 1663 2797; x_wconf 74' lang='lat' dir='ltr'>In</span> <span class='ocrx_word' id='word_1_546' title='bbox 1672 2754 1761 2789; x_wconf 76' lang='lat' dir='ltr'>Mss.</span> 
     </span>
    </p>
   </div>
  </div>
 </body>
</html>
