1850 3109
227 154 340 198 1622

226 261 288 292 bns
306 261 468 302 relinquo.
512 260 709 292 Proximum
734 269 812 290 vero
836 259 927 290 vide-

228 315 284 342 tur
307 319 325 341 e
342 310 409 340 Ms.
428 309 522 340 Leid.
549 320 600 350 pr.
626 310 704 341 Fere
730 313 802 339 ante
827 310 927 348 ipsum

225 361 280 392 vel
298 361 395 400 ipsum
412 365 483 391 ante
495 362 524 392 d.
540 371 632 391 cornu
651 361 815 390 secundam
833 360 928 389 aciem

228 420 245 442 e
268 420 543 442 νετειυκΛιωΜ
569 412 721 450 legionum
746 412 836 448 parte
862 409 928 440 coh.

227 461 282 492 vel
298 463 429 492 secunda
457 462 522 492 acio
543 461 610 491 Vei.
634 461 693 497 teg.
718 461 841 498 partem
865 458 929 490 coh.

229 512 299 542 cau.
313 512 418 552 iisque
436 512 607 551 adjecerat
631 519 757 550 paucas
774 508 931 540 cohortes

232 571 275 592 ex
307 561 494 599 legionibus
524 568 709 591 τιιιοκωι.
769 559 930 590 Ceterum

228 612 398 651 legionibus
422 613 515 642 deest
544 611 626 641 Mss.
655 610 738 641 meis
763 610 930 640 omnibus.

229 663 315 694 Quae
340 671 407 692 vox
435 660 536 692 facile
567 660 776 699 subintelligi
805 664 931 699 potest.

229 712 284 743 Sic
303 721 331 743 c.
349 716 401 744 75.
424 713 433 728 ‘
449 722 467 742 a
490 712 555 742 suis
583 712 718 750 castris,
742 711 834 741 milia
860 720 933 751 pas-

229 771 325 793 suum
357 772 391 793 v.
418 772 438 794 a
464 761 634 802 Scipionis
647 761 665 792 :'
701 766 802 801 atque
832 761 879 791 ita
903 770 933 791 c.

231 815 285 843 70.

274 866 294 892 8
319 863 370 893 Ad
398 862 477 892 aciei
505 872 569 892 suae
604 861 736 892 mediam
770 859 936 899 legionem]

231 912 355 953 Neque
371 913 434 943 lioc
446 913 555 953 capio.
580 911 668 942 Vide
684 921 762 941 num
780 911 935 949 regionem

231 972 249 993 e
268 963 364 993 Leid.
381 972 448 993 sec.
463 963 599 1002 placere
615 961 734 1002 possit.
780 961 844 991 Vel
860 961 935 1001 lege

233 1023 307 1043 cum
324 1013 438 1052 Lipsio
456 1013 566 1043 medice
582 1012 729 1049 legiones.

275 1066 296 1093 9
319 1063 503 1099 Sinistrum,
533 1062 602 1102 isin]
641 1062 726 1092 Ha‘c
758 1071 864 1102 usque
896 1061 936 1091 ad

232 1124 319 1144 suum
347 1116 377 1145 d.
403 1116 485 1145 latus
515 1113 639 1144 desunt
662 1113 695 1143 in
724 1112 811 1143 Edd.
837 1112 936 1142 Rom.

234 1164 320 1193 Yon.
340 1173 378 1194 ac
398 1162 541 1194 Mediol.
568 1162 666 1192 Suum
685 1161 783 1192 abest
803 1171 822 1191 a
842 1161 937 1192 Leid.

234 1223 286 1253 pr.
309 1214 432 1244 sinistri
455 1213 515 1243 sui.
538 1213 616 1243 l‘et.
679 1210 732 1241 An
749 1211 872 1241 sinistri
887 1211 935 1241 sui

236 1262 373 1295 cornus?
398 1269 433 1294 nt
459 1262 739 1302 subintelligatur
761 1261 852 1291 acies.
893 1260 936 1291 A·

236 1314 304 1353 pud
324 1315 495 1344 Lucanum
518 1312 567 1342 ita
589 1312 739 1342 ‘Cornus
766 1310 828 1341 tibi
856 1320 940 1341 cura

235 1363 377 1394 sinistri’
401 1364 420 1394 l.
448 1372 525 1400 x·11;
559 1362 617 1393 ubi
634 1361 730 1393 vide:
766 1365 845 1392 esset
874 1371 941 1392 non

241 1419 428 1455 agnoscunt
443 1413 538 1444 Leid.
555 1423 623 1444 sec.
639 1422 701 1443 nec
718 1412 865 1442 Dorvill.

285 1467 322 1494 lo
347 1464 438 1499 Quod
464 1464 611 1493 dextrum
632 1472 723 1492 suum
747 1463 829 1492 latus
845 1461 944 1491 muni-

239 1514 375 1545 tionibus
400 1514 580 1554 adjuvabat]
615 1514 665 1543 Ex
682 1513 776 1543 Msto
802 1512 942 1543 Norvic.

240 1565 375 1595 omnino
395 1564 645 1595 rescribendum
660 1562 881 1593 munitionibus
892 1564 944 1593 ad-

233 1614 416 1650 juvabatur.
463 1614 560 1645 Fulv.
593 1618 706 1645 autem
737 1613 878 1644 Ursinus
901 1623 944 1644 ex

243 1674 302 1694 suo
320 1664 448 1696 Codice
465 1663 621 1695 rescribit
636 1665 684 1694 uti
697 1664 844 1694 dextrum
857 1673 945 1693 suum

241 1716 323 1744 tatus
345 1714 569 1745 munitionibus
591 1715 803 1753 adjuvaretur.
831 1714 943 1745 Dacis.

244 1764 369 1803 Primo,
395 1773 456 1804 pro
481 1773 519 1794 eo
541 1764 631 1805 quod
654 1763 761 1794 edidit
782 1764 946 1804 Scaliger,

242 1814 430 1853 mutabat,-
454 1819 547 1845 recte
562 1814 697 1855 reponit
710 1814 886 1853 Davisius,
903 1824 944 1845 ex

244 1866 313 1895 ΜΞ.
328 1864 690 1904 Eliensi,adjuvabatur.
737 1864 873 1896 Deinde
887 1865 944 1896 ob-

244 1913 459 1952 servandum,
484 1914 517 1944 in
551 1914 632 1944 Mss.
665 1913 750 1954 Reg.
776 1915 887 1945 Vossii
911 1921 945 1946 ‹·t

246 1964 376 2002 Ursini,
389 1965 510 1994 omissa
523 1974 602 1995 voce
614 1964 768 1994 laborabat
781 1965 946 2005 scriptum

247 2024 341 2053 μεως
366 2014 405 2044 Id
431 2024 464 2044 co
491 2014 615 2044 consitio
631 2014 767 2054 jecerat,
794 2019 831 2045 ut
857 2025 946 2045 suum

247 2067 394 2096 dextrum
418 2065 501 2095 latus
526 2065 746 2096 munitionibus
769 2066 947 2106 adjuvare·

248 2122 315 2153 tur,
332 2115 493 2146 sinistrum
508 2118 613 2146 autem
632 2119 665 2146 ut
683 2116 839 2156 equitatus
853 2116 947 2147 hosti-

247 2176 295 2195 um
336 2165 532 2196 multitudini
556 2166 698 2197 resistere
729 2172 859 2206 posset:
891 2176 947 2197 eo-

247 2215 403 2255 demque,
426 2222 489 2246 oae.
536 2216 628 2248 Quid
645 2217 684 2256 si,
699 2217 833 2247 collatis
850 2218 948 2248 utris-

247 2275 310 2305 que
352 2266 568 2305 lectionibus,
592 2266 655 2297 hoc
683 2266 817 2297 demum
848 2268 948 2298 modo

248 2315 400 2356 legamus
414 2317 423 2346 ἑ
473 2318 511 2347 ld
523 2328 556 2347 eo
565 2317 830 2357 consiliosecerat,
841 2318 949 2359 (quod

247 2376 338 2396 suum
353 2368 500 2397 dextrum
523 2368 604 2397 latus
624 2367 847 2398 munitionibus
861 2369 948 2406 adju-

248 2415 406 2456 vabatur‚)
422 2421 459 2447 ut
474 2417 635 2447 sinistrum
650 2418 807 2457 equitatus
816 2416 949 2448 hostium

247 2468 441 2499 multitudini
465 2469 610 2498 resistere
647 2472 780 2508 posset:
813 2468 948 2499 eodem-

251 2527 329 2560 que,
348 2520 412 2549 ἃς.
432 2519 538 2548 Clark.
557 2518 642 2550 Cum
661 2519 741 2549 Mss.
755 2519 948 2558 Reg.Voss.

254 2574 291 2600 et
329 2570 405 2601 Urs.
440 2569 657 2600 consentiunt
695 2568 783 2600 Edd.
821 2569 950 2609 primm,

254 2619 394 2651 Vascos.
411 2619 544 2660 Gryph.
563 2624 651 2660 post.
672 2619 790 2659 Stepli.
808 2624 842 2649 et
856 2619 949 2649 Stra-

258 2669 324 2710 dae,
355 2671 404 2701 uti
436 2674 470 2701 et
499 2671 564 2701 Ma.
594 2669 743 2701 Dorvill.
773 2669 836 2699 nisi
862 2668 952 2709 quod

251 2721 407 2752 secundo
424 2721 500 2752 loco
514 2730 581 2753 non
595 2720 745 2752 habeant
758 2723 805 2752 ut.
822 2720 952 2752 Clarki-

255 2780 328 2803 ana²
347 2777 458 2802 autom
475 2771 701 2802 emendationi
726 2769 954 2810 suffragantur

695 165 835 196 NOTAE
869 164 1132 195 VARIORUM
1172 165 1221 194 ΙΝ

978 260 1105 289 Brutus
1113 264 1147 289 et
1160 257 1246 289 Edd.
1258 256 1431 295 Ber-oaldi,
1440 256 1679 298 Aldi,Gryph.,

978 310 1139 345 Manum,
1162 309 1225 339 nisi
1251 308 1342 349 quod
1365 317 1426 348 pro
1449 311 1484 338 ut
1514 306 1679 339 sinistrum

979 359 1061 390 dent
1071 360 1233 390 sinistrum
1243 363 1358 390 «uitem.
1387 358 1530 388 variant
1543 358 1608 389 mei
1625 368 1679 389 co-

979 408 1092 441 dices:
1121 410 1163 440 Ut
1180 419 1240 449 pro
1250 410 1329 450 quod
1342 409 1467 448 legitur
1479 409 1512 438 in
1528 409 1658 439 cunctis
1673 419 1680 438 :

980 468 1041 499 pro
1055 459 1220 498 adjuvabat
1228 460 1354 500 Scalig.
1367 460 1541 498 arbitraret.
1581 458 1681 490 Leid.

981 518 1047 540 sec.
1063 514 1099 539 et
1121 510 1229 540 Dorv.
1245 519 1321 540 cum
1340 510 1417 540 Urs.
1438 509 1586 540 Cellario
1607 518 1683 549 pro-

982 560 1085 591 bante
1122 560 1335 597 ‹aljan-aretur.
1390 560 1486 591 Leid.
1518 569 1569 600 pr.
1605 568 1682 590 cum

983 612 1060 643 l'et.
1095 611 1319 650 adjuvabatur:
1355 621 1457 652 quare
1483 612 1517 642 id
1550 611 1685 642 restitui

983 671 1082 693 sensu
1120 662 1325 702 postulante.
1381 662 1502 692 Paullo
1538 666 1615 702 post
1653 662 1688 691 ut

983 713 1079 744 deest
1107 713 1140 743 in
1163 712 1330 752 omnibus,
1359 712 1419 743 sed
1442 716 1518 752 post
1541 711 1685 742 multitu-

984 763 1051 793 dini
1081 767 1177 794 extat
1208 763 1255 793 uti
1285 762 1318 794 in
1353 761 1589 800 Leidensibus,
1621 761 1687 792 Pe-

985 817 1051 844 tav.
1067 819 1103 844 et
1118 813 1269 851 margine
1294 813 1450 854 Gryphii,
1475 811 1609 843 omnino
1630 810 1688 842 be·

985 872 1038 893 ne.
1062 862 1237 893 Labor-nbat
1251 864 1353 894 etiam
1367 869 1554 902 agnoscunt
1567 863 1689 894 Petav.

985 917 1020 943 et
1046 912 1142 943 Leid.
1172 922 1239 943 sec.
1263 922 1341 943 cum
1366 912 1486 942 eodem
1506 912 1683 951 margine:

981 961 1104 993 laborat
1130 962 1256 1002 Scalig.
1273 966 1309 993 et
1325 961 1421 993 Leid.
1440 971 1491 1001 pr.
1516 961 1560 992 Ni
1577 959 1690 1001 fallor,

987 1022 1105 1042 sanum
1121 1012 1194 1052 jam
1212 1012 1323 1043 locum
1337 1011 1406 1043 feci
1429 1010 1624 1049 scribendo,
1649 1010 1689 1042 Iu

987 1073 1020 1094 eo
1035 1063 1161 1094 consitio
1177 1062 1311 1101 fecerat,
1326 1063 1405 1102 quod
1431 1072 1522 1093 suum
1540 1063 1687 1092 dextrum

988 1114 1070 1143 tatus
1099 1113 1322 1143 munitionibus
1347 1112 1569 1151 adjut-abatur:
1598 1110 1691 1142 sinis·

989 1167 1072 1194 trum
1089 1167 1205 1203 autem,
1215 1165 1370 1204 equitatus
1391 1164 1524 1194 host-ium
1546 1163 1692 1194 multitu·

989 1214 1056 1244 dini
1070 1213 1116 1244 uti
1132 1214 1275 1244 resistere
1286 1216 1401 1253 posset,
1414 1213 1583 1244 laborabat.
1629 1212 1695 1242 Ve-

991 1273 1063 1294 rum
1095 1263 1282 1294 notandum
1320 1263 1459 1303 insuper
1497 1264 1531 1294 in
1567 1263 1691 1294 Petav-

989 1314 1116 1353 Scalig.
1151 1318 1189 1344 et
1206 1313 1427 1346 Leidensibus
1439 1314 1571 1345 exarari
1581 1313 1698 1345 resisti:

992 1364 1080 1405 quod
1105 1364 1132 1395 si
1157 1364 1331 1404 admittas,
1353 1365 1527 1402 sinisti-mn,
1548 1365 1582 1395 in
1597 1374 1696 1397 accu—

993 1414 1101 1445 sativo
1116 1415 1320 1454 capiendum
1338 1415 1405 1446 erit
1417 1424 1479 1455 pro
1493 1415 1533 1445 ad
1550 1416 1602 1446 vel
1616 1416 1695 1456 quod

992 1465 1032 1494 ad
1048 1464 1222 1496 sinistrum.

1040 1516 1079 1544 16
1102 1514 1194 1544 Locis
1217 1513 1325 1554 certis]
1367 1515 1433 1546 Ms.
1461 1514 1599 1546 Norvic.
1625 1515 1700 1547 Locis

994 1565 1117 1603 ceteris,
1156 1574 1334 1605 perperam
1373 1574 1475 1595 sane:
1515 1574 1557 1595 ea
1583 1569 1700 1596 tamen

995 1613 1142 1645 varietas
1173 1614 1237 1645 fuit
1267 1614 1427 1654 notanda,
1466 1619 1505 1646 ut
1536 1624 1701 1647 memores

996 1664 1063 1695 sint
1080 1664 1212 1705 Critici‚
1231 1665 1290 1695 lias
1303 1674 1404 1696 voces
1421 1664 1543 1696 crebro
1559 1665 1648 1696 inter
1664 1674 1700 1697 se

995 1712 1168 1745 confundi.
1222 1715 1279 1746 Sic
1304 1724 1406 1755 supra
1435 1724 1466 1746 c.
1496 1717 1551 1746 54.
1577 1715 1635 1746 ubi
1665 1715 1700 1745 in

996 1765 1096 1796 editt.
1135 1765 1524 1806 ‘memor—rapinarum
1551 1767 1702 1796 certorum

995 1814 1166 1846 hominum
1178 1815 1198 1853 ;’
1235 1815 1268 1846 in
1284 1816 1377 1847 Msto
1403 1815 1542 1846 Norvic.
1560 1820 1610 1846 est
1625 1818 1702 1846 cete-

996 1875 1111 1896 rorum.
1153 1866 1239 1897 Vice
1257 1875 1365 1906 versa,
1380 1866 1470 1907 apud
1485 1866 1698 1898 Chalcidium

996 1924 1029 1955 p.
1047 1919 1078 1946 5.
1097 1916 1180 1946 edit.
1206 1917 1410 1947 Meursianae
1430 1917 1557 1956 legitur
1573 1927 1593 1948 α
1607 1921 1703 1948 certa

988 1965 1152 2003 functione
1166 1966 1267 2005 operis
1282 1966 1480 2003 cessantibus,
1493 1975 1568 1996 cum
1583 1965 1703 2006 reponi

997 2016 1124 2046 debeat
1138 2027 1157 2046 α
1169 2019 1271 2046 cetera
1288 2015 1480 2055 functione,
1498 2021 1535 2047 ut
1551 2016 1702 2048 ostendit

1001 2067 1114 2104 Plato,
1131 2066 1187 2107 qui
1198 2067 1291 2097 Tom.
1307 2076 1362 2097 ιιι.
1374 2076 1408 2106 p.
1423 2070 1474 2097 18.
1487 2066 1570 2097 edit.
1581 2067 1700 2108 Stepb.

999 2117 1061 2146 τῶν
1078 2115 1184 2146 ἄλλων
1201 2114 1447 2153 ἐπιτηδευμάτων
1470 2115 1606 2155 ἄγοντας
1625 2127 1704 2155 σχο-

1001 2166 1062 2203 λὴν
1075 2167 1173 2197 dixit.
1202 2167 1315 2197 Daris.

1045 2225 1116 2247 ext.
1140 2218 1159 2246 2
1185 2216 1294 2255 Forte]
1319 2216 1396 2246 Nou
1409 2215 1604 2247 damnarem
1617 2216 1704 2248 hanc

1004 2276 1133 2306 vocem,
1148 2267 1174 2297 si
1192 2267 1223 2296 in
1249 2265 1349 2296 Mstis
1365 2265 1432 2296 fide
1450 2265 1561 2306 dignis
1577 2267 1704 2307 reperi-

1003 2322 1120 2347 retur:
1153 2320 1188 2346 at
1210 2316 1242 2346 iu
1259 2316 1351 2346 nullo
1375 2325 1525 2346 meorum
1543 2316 1704 2348 occurrit.

1003 2367 1100 2398 Leid.
1125 2367 1212 2397 enim
1238 2376 1308 2398 sec.
1332 2372 1368 2397 et
1396 2367 1542 2397 Dorvill.
1586 2367 1706 2398 Forsan

1001 2417 1160 2448 acciderit.
1177 2418 1296 2448 Petav.
1321 2417 1445 2458 Scalig.
1469 2421 1504 2447 et
1520 2417 1607 2448 Edd.
1625 2417 1706 2448 Vas-

1002 2477 1072 2497 COS.
1091 2467 1222 2507 Gryph.
1241 2471 1328 2506 post.
1347 2476 1423 2497 cum
1443 2466 1705 2507 Stephano,j‘or-

1001 2519 1095 2547 sitan.
1140 2517 1255 2547 Bene:
1284 2526 1346 2546 nec
1364 2521 1434 2547 tuin
1451 2515 1610 2556 displicet
1625 2517 1706 2548 acci-

1002 2567 1096 2598 derit.
1141 2567 1259 2597 Solent
1280 2566 1368 2596 enim
1386 2566 1495 2604 forsan
1513 2572 1547 2597 ct
1565 2565 1707 2603 forsitan

1005 2616 1196 2647 adsciscere
1226 2615 1487 2655 subjunctivum.
1539 2615 1608 2646 Adi
1632 2615 1706 2648 Cel.

1006 2670 1122 2700 Burin.
1140 2668 1180 2699 ad
1200 2669 1340 2699 Petron.
1358 2677 1388 2698 c.
1408 2670 1480 2699 130.
1526 2669 1534 2683 ‘
1551 2668 1707 2699 Forsitan

1006 2719 1134 2750 animus
1146 2718 1371 2750 antecesserit
1385 2718 1537 2757 corporis
1550 2726 1676 2749 moram
1687 2717 1708 2749 :.'

1007 2775 1041 2801 et
1060 2769 1247 2809 saepissime
1265 2767 1307 2799 ad
1329 2767 1501 2799 Ovidium.
1547 2767 1587 2798 Iu
1611 2767 1705 2800 Leid.
