1850 3109
218 173 332 216 1694
645 183 682 213 J.
713 182 853 213 cmm
888 182 1240 213 conflammari

217 279 444 329 direptaque
476 277 746 327 suppellectili,
778 276 882 326 gravi
915 277 1034 313 multa
1055 275 1216 314 affectus
1250 288 1322 326 pro
1350 275 1481 313 rostris
1507 289 1617 326 paene
1646 290 1668 315 a

218 342 402 380 concione
415 341 696 390 discerperetur
714 347 831 389 atque
852 340 886 376 iu
905 352 1094 376 carcerem
1112 340 1342 385 mitteretur;
1374 339 1564 390 similique
1582 353 1673 378 con-

218 406 356 444 stantia
391 411 429 443 et
463 404 634 442 Nonium
669 404 773 440 ultus
805 408 875 446 est,
906 401 1062 451 quaudo
1083 408 1253 452 quaestor
1271 403 1374 452 apud
1395 417 1433 441 se
1455 409 1675 453 praetorem,

216 471 399 520 majorem
422 469 567 506 scilicet
598 474 826 517 potestatem
857 479 989 516 passus
1010 473 1107 502 esset
1129 468 1312 503 accusari.
1367 468 1508 504 Adhuc
1529 475 1673 517 praetor

217 534 442 584 Hispaniam
464 532 586 582 petiit,
603 539 640 568 et
658 537 764 568 tanta
783 537 863 568 erat
881 530 947 567 viri
969 530 1119 567 illustris
1141 530 1280 579 inopia,
1304 536 1344 567 ut
1368 544 1389 568 a
1416 531 1670 569 creditoribus

216 598 406 648 profectio
426 597 510 645 ejus
531 595 791 645 impediretur,
809 594 879 631 nisi
907 594 990 630 illos
1006 593 1105 630 datis
1126 592 1421 642 fidejussoribus
1451 594 1671 644 quietasset.

218 663 352 701 Rebus
368 668 495 698 autem
516 660 591 698 illic
612 660 728 710 gestis
749 659 1039 709 compositaque
1059 658 1258 708 provincia
1277 657 1513 703 festinanter,
1533 665 1572 696 et
1591 671 1676 697 suc-

219 738 370 764 cessore
390 738 466 762 non
495 731 701 775 expectato
720 723 767 761 ad
789 722 1031 760 consulatum
1054 722 1193 772 pariter
1211 728 1248 759 et
1273 722 1513 771 triumphum
1545 722 1673 769 rediit,

218 791 284 828 sed
305 803 394 828 cum
415 789 563 839 legibus
589 788 722 825 ambos
744 787 855 824 simul
889 786 1039 835 assequi
1069 799 1143 822 non
1175 786 1319 831 liceret,
1341 787 1483 823 omisso
1504 786 1676 836 inprimis

218 854 428 904 triumpho,
450 853 689 891 consulatum
712 851 857 895 maluit,
890 863 1012 887 rerum
1040 849 1205 898 cupidus
1225 850 1491 897 gerendarum.
1549 850 1677 887 Comi-

219 919 280 956 tiis
302 917 462 968 quidem
494 915 759 954 consularibus
779 927 856 951 non
883 913 1067 962 collegam
1098 918 1236 949 nactus
1266 925 1378 961 quein
1400 914 1576 958 volebat3
1608 913 1677 950 ob-

220 989 343 1020 stante
363 981 607 1031 optimatium
635 979 816 1024 factione,
850 991 938 1015 cum
961 978 1097 1014 Marco
1131 976 1271 1013 Bibulo
1300 976 1426 1014 factus
1446 982 1505 1014 est
1525 976 1675 1015 consul.

219 1047 345 1090 Quem
360 1051 492 1083 exorta
513 1042 723 1094 postmodo
741 1041 957 1092 quaestione
978 1041 1070 1091 legis
1092 1040 1271 1090 Agrariae,
1289 1039 1576 1078 dissentientem
1592 1040 1676 1078 foro

218 1110 331 1148 armis
351 1109 480 1157 ejecit,
499 1114 537 1145 et
555 1107 602 1145 de
625 1108 698 1144 hoc
719 1106 754 1143 in
776 1113 911 1144 senatu
932 1105 1040 1155 queri
1060 1117 1208 1149 ausum,
1226 1104 1331 1141 nullo
1352 1117 1390 1141 se
1413 1104 1586 1150 ultorem,
1609 1110 1679 1141 aut

219 1174 353 1211 saltem
373 1172 611 1222 cognitorem
642 1170 792 1219 injuriae
819 1169 1052 1212 offerentem,
1074 1181 1119 1204 eo
1149 1167 1298 1218 pavoris
1319 1167 1492 1216 impegit,
1513 1174 1555 1204 ut
1575 1167 1678 1217 quis-

219 1237 274 1274 vis
293 1236 421 1274 mallet
439 1249 521 1272 esse
542 1247 657 1284 quam
678 1233 824 1277 consul,
851 1239 1013 1281 totoque
1032 1238 1203 1280 tempore
1224 1231 1446 1267 consulatus
1465 1230 1571 1267 domi
1600 1243 1679 1268 me-

219 1308 330 1339 tuens
350 1299 529 1343 latitaret,
550 1305 587 1335 et
607 1297 733 1347 siquid
754 1294 1038 1334 decernendum
1061 1301 1173 1338 esset,
1207 1307 1276 1344 per
1294 1294 1423 1332 edicta
1442 1295 1677 1341 decerneret,

221 1371 259 1401 et
279 1365 410 1402 Caesar
429 1363 527 1399 solus
547 1361 823 1411 rempublicam
859 1359 1100 1409 gubernaret,
1132 1358 1282 1395 nemine
1305 1371 1460 1407 prorsus
1479 1359 1675 1403 obstante;

221 1433 260 1465 et
280 1427 398 1477 siquis
425 1426 662 1469 obstetisset,
697 1438 772 1462 non
804 1430 950 1462 tantum
982 1423 1110 1468 minis,
1146 1422 1216 1459 sed
1246 1422 1359 1459 factis
1380 1422 1575 1460 exterrito.
1635 1423 1678 1460 In

222 1490 362 1540 quibus
385 1491 562 1526 Marcum
594 1489 781 1526 Catonem
804 1493 918 1524 tanta„¹
941 1486 1062 1523 virum
1089 1486 1283 1535 sapientiae
1316 1498 1361 1523 ac
1395 1486 1557 1531 virtutis,
1579 1486 1678 1524 actis

221 1554 505 1603 obstrepentem
527 1552 617 1596 suis,
654 1550 738 1602 [14]
770 1563 885 1587 mauu
907 1550 1051 1587 lictoris
1077 1554 1290 1586 extractum
1321 1549 1438 1593 curia,
1461 1549 1558 1586 mitti
1588 1550 1682 1587 fecit

219 1618 256 1655 in
278 1630 482 1654 carcerem.
539 1616 627 1659 Quo
646 1623 797 1652 euntem
820 1615 925 1651 illum
946 1619 1095 1650 senatus
1115 1613 1237 1649 omnis
1257 1618 1484 1662 persecutus
1503 1618 1572 1657 est,
1600 1625 1677 1651 non

221 1681 329 1718 aliter
349 1694 462 1730 quani
487 1680 517 1716 si
541 1680 650 1716 unius
685 1679 721 1715 in
756 1691 921 1728 persona
949 1690 1082 1714 omnes
1114 1677 1219 1726 capti
1240 1676 1475 1714 viderentur:
1507 1683 1594 1714 suut
1613 1677 1680 1727 qui

221 1745 367 1789 dicant,
389 1751 533 1781 vestem
557 1756 715 1794 quoque
746 1743 852 1780 velut
883 1743 919 1779 iu
953 1742 1061 1779 luctu
1094 1741 1254 1791 publico
1285 1748 1535 1791 permutasse.
1592 1741 1682 1785 Qua

222 1808 378 1859 quidem
401 1815 505 1846 tauta
537 1808 778 1845 veneratione
812 1821 856 1845 ac
890 1808 1049 1858 pietate,
1084 1806 1156 1843 nisi
1190 1805 1316 1851 fallor,
1346 1805 1483 1854 injuria
1514 1805 1680 1843 carceris

223 1880 472 1922 compensata
493 1879 568 1915 est;
602 1879 643 1910 ut
664 1872 836 1923 optabile
857 1872 972 1909 fuisse
993 1871 1168 1908 videatur
1188 1870 1326 1908 Catoni
1353 1869 1406 1907 sic
1428 1869 1465 1906 in
1486 1881 1679 1907 carcerem

222 1936 325 1978 duci,
341 1935 442 1972 unde
464 1949 550 1972 mox
567 1936 619 1972 sic
641 1936 884 1973 educeretur:
907 1934 1096 1985 siquidem
1120 1934 1217 1971 ¹⁶11ic
1237 1941 1389 1971 senatus
1406 1939 1509 1971 tanta
1526 1945 1682 1970 consen·

223 1999 328 2037 sione
349 1999 538 2036 Caesarem
573 2000 695 2049 ipsum
724 1999 862 2042 movim
895 2005 1014 2048 utque
1035 1998 1087 2034 ait
1108 1997 1291 2041 Valerius,
1314 1997 1433 2033 divini
1463 1996 1576 2032 animi
1597 2008 1681 2045 per-

224 2064 474 2100 severantiam
505 2063 626 2100 flexit:
659 2070 800 2112 praeter
834 2063 915 2099 liaec
950 2062 1078 2098 Caesar
1110 2060 1217 2097 initio
1251 2060 1486 2104 consulatus,
1517 2060 1681 2096 sentiens

224 2133 360 2164 contra
391 2141 431 2164 se
465 2127 643 2164 iuvidiam
679 2127 917 2163 laborantem
948 2132 986 2162 et
1017 2125 1242 2162 consulibus
1261 2137 1284 2161 a
1305 2131 1439 2161 senatu
1460 2122 1681 2172 provincias

223 2191 364 2229 nullius
398 2192 538 2228 laboris
559 2198 596 2228 et
617 2191 746 2239 gloria}
767 2190 958 2234 decretam,
981 2189 1098 2239 idque
1120 2189 1154 2225 in
1189 2202 1227 2225 se
1248 2201 1363 2225 unum
1394 2186 1473 2224 fieri
1495 2187 1682 2236 cogitans,

223 2261 261 2292 et
281 2254 330 2291 ad
349 2268 469 2299 suam,
492 2254 591 2291 sicut
611 2261 704 2298 erat,
726 2254 903 2302 injuriam
927 2253 1090 2296 trahens,
1108 2252 1211 2302 quod
1234 2252 1420 2301 collegam
1443 2250 1589 2287 scilicet
1609 2249 1682 2286 ista

224 2331 300 2355 non
323 2325 532 2368 tangerent,
555 2326 671 2367 atque
706 2319 885 2355 incensus
917 2317 1131 2367 cupiditate
1167 2315 1366 2357 vindictae:
1399 2315 1547 2350 Cueum
1568 2313 1683 2349 Pom-

223 2382 348 2432 peium
374 2384 570 2427 Mar-vnum,
588 2391 679 2419 tunc
697 2382 842 2418 senatui
865 2381 1067 2425 infensum,
1086 2380 1188 2430 quod
1213 2378 1438 2415 Mithridate
1459 2377 1677 2427 perdomito

225 2444 275 2482 ad
309 2444 427 2494 ipsius
450 2446 610 2481 honores
643 2445 834 2481 silentiis*
873 2444 1082 2486 habuisset,
1117 2442 1220 2478 omni
1255 2441 1441 2490 obsequio
1476 2439 1679 2489 promereri

226 2508 392 2553 studuit:
428 2518 545 2558 utque.
568 2508 723 2545 solidior
744 2522 862 2544 nexus
881 2515 977 2544 esset
1001 2508 1122 2543 Marci
1143 2506 1269 2543 Crassi
1297 2513 1335 2542 et
1358 2505 1526 2554 Pompeii
1555 2503 1682 2542 amici-

226 2572 317 2610 tiam
339 2580 490 2609 vetusto
511 2573 599 2608 odio
621 2573 869 2620 interruptam
901 2584 946 2607 ex
979 2571 1196 2614 consulatu,
1232 2583 1341 2619 quein
1365 2569 1475 2605 siniul
1505 2568 1681 2605 diffiden-

226 2636 370 2674 tissime
390 2643 593 2687 gesserant,
615 2636 795 2673 resarcire
817 2635 918 2672 nisus
947 2642 1014 2679 est,
1044 2634 1249 2683 effecitque
1284 2633 1446 2671 sollicito
1475 2646 1519 2670 ac
1551 2631 1682 2671 solerti

314 2740 354 2768 16
379 2737 496 2777 Forte,
522 2737 585 2768 lure
603 2741 726 2769 senatus
749 2740 838 2768 tanta
855 2737 1009 2768 consensio
1028 2738 1276 2769 (marem—17
1302 2736 1405 2775 Lege,
1428 2734 1596 2765 silentium.
