1850 3109
442 205 548 235 CAP.
579 192 650 233 37.
686 201 781 231 mn.
814 200 878 230 DE
912 199 1068 229 nmmo
1102 200 1263 229 Arme.

122 297 322 340 griesceret.'
336 296 422 329 Vide
436 301 471 327 et
480 294 651 328 Justinum
664 302 822 325 xxxviii.

123 355 174 382 10.
184 354 214 382 8.
239 350 347 382 Dacis.
364 348 451 379 Vide
462 347 558 387 plura
569 345 610 376 ad
624 345 661 376 B.
673 345 716 377 G.
731 355 755 376 ι.
768 347 821 376 31.

164 406 204 434 12
227 402 268 433 Se
290 400 452 432 mimarum
479 397 578 437 dixit]
602 398 694 437 Lege
721 396 821 432 dicit,-

116 461 196 484 nam
225 450 364 482 verbum
392 448 570 489 praesentis
595 447 758 487 temporis
787 452 821 478 et

119 501 340 534 anteceditet
352 499 517 539 sequitur.
535 497 645 529 Davi&
663 507 734 528 cur.
752 506 819 528 sec.

117 551 166 583 At
190 554 310 581 contra
339 550 372 580 iu
406 548 501 579 Leid.
532 548 627 588 prim.
659 551 713 578 est
743 548 819 586 egit.

117 601 207 633 Dicit
224 600 298 641 jam
324 603 440 630 exstat
467 599 500 629 iu
529 597 615 629 Eud.
648 597 819 628 Elzevirii.

117 651 307 691 Saepissime
334 649 446 680 monui
473 654 627 688 tempora
651 647 721 678 liaec
745 656 820 688 pas—

114 701 179 736 sim
195 701 288 732 varie
307 700 419 740 jungi.

110 778 117 781 .
159 754 199 784 14
237 751 372 782 Castello
400 750 433 780 in
461 749 573 780 motuis
603 749 666 778 loco
703 747 820 779 munito

112 804 213 836 locato
350 804 393 832 est
421 801 555 842 potitus]
583 799 694 831 Editt.
725 799 819 832 Vett.

113 854 238 885 castello
254 853 287 884 in
301 855 417 884 montes
431 852 506 891 loco,
527 852 579 891 ὅγε.
609 851 675 882 Ms.
705 855 818 882 autem

115 905 224 937 Norv.
247 904 405 936 castellum
426 903 461 934 in
484 906 600 934 montes
621 903 684 933 loco
702 902 820 933 munito

114 957 247 987 locatum
361 954 480 994 potitus
495 956 552 993 est,
581 953 669 984 unde
687 953 819 993 procul-

115 1006 219 1039 dubio
235 1005 490 1037 rescribendum
513 1004 670 1036 castellum
687 1004 719 1035 in
734 1013 818 1034 mon·

113 1058 157 1089 tis
171 1058 232 1089 Ioco
247 1057 366 1088 munito
381 1057 514 1087 locutum
622 1055 742 1095 potitus
756 1058 818 1086 est.-

113 1116 181 1139 non
199 1116 275 1138 raro
291 1106 378 1137 enim
395 1106 484 1145 apud
502 1106 649 1145 optimos
661 1110 817 1136 auctores

113 1161 251 1198 quartus
267 1166 363 1188 casus
378 1156 456 1186 huic
481 1155 585 1186 verbo
608 1155 818 1195 adjungitur,

112 1211 149 1239 et
170 1206 273 1239 salsus
295 1211 347 1238 est
370 1206 520 1245 servius,
548 1205 605 1246 qui
623 1204 665 1235 ad
682 1204 818 1245 Virgilii

112 1257 189 1290 AEn.
206 1267 262 1289 111.
279 1261 353 1289 278.
377 1256 516 1297 negavit
539 1265 600 1286 nos
623 1254 817 1286 accusativo

112 1319 192 1341 casu
209 1309 264 1340 hic
281 1308 331 1339 uti
347 1316 457 1348 posse.
503 1305 682 1337 Lucretius
710 1306 730 1337 l.
762 1315 815 1338 ιιι.

112 1369 146 1400 p.
164 1361 238 1391 406.
255 1358 338 1389 edit.
351 1356 504 1389 Wechel.
521 1356 530 1373 ‘
543 1356 673 1396 Sceptra
685 1357 818 1397 potitus,

112 1409 233 1441 eadem
255 1408 329 1439 aliis
352 1406 475 1448 sopitu'
505 1407 644 1448 quiete!
687 1407 815 1438 Teren-

110 1459 178 1491 tius
195 1459 339 1499 Adelph.
364 1468 396 1489 v.
421 1458 476 1489 Sc.
493 1461 525 1489 4.
553 1461 604 1489 17.
650 1458 659 1474 ‘
675 1457 739 1488 Ille
769 1458 815 1488 al-

112 1513 166 1541 ter
178 1509 250 1541 sine
263 1509 380 1540 labore
391 1509 497 1549 patria
507 1509 628 1549 potitur
639 1509 816 1541 commoda!

110 1559 179 1592 Ubi
210 1561 378 1600 Donatus,
419 1561 428 1576 ‘
445 1559 660 1599 accusativo‚’
695 1560 816 1600 inquit,

109 1610 118 1628 ‘
135 1620 216 1642 casu
233 1610 369 1649 extulit,
382 1609 472 1651 quod
489 1619 550 1640 nos
567 1609 716 1640 ablativo
731 1609 815 1640 dici-

110 1661 207 1693 mus!
324 1660 449 1692 Accius
476 1660 509 1691 in
537 1660 815 1700 Clytemnaestra,

110 1713 120 1730 ‘
138 1713 241 1744 Feras
256 1711 432 1753 potiuntur
448 1709 590 1751 plagas!
616 1710 719 1742 Corn.
748 1711 816 1741 Ne-

106 1772 172 1803 pos
203 1763 346 1793 Eumen.
377 1772 406 1792 c..
439 1764 469 1792 3.
509 1762 517 1777 ⁶
534 1761 677 1801 Semper
706 1760 815 1791 habiti

108 1817 187 1844 sunt
213 1811 402 1851 fortissimi,
425 1811 482 1852 qui
508 1821 657 1842 summum
679 1811 815 1851 imperii

105 1862 309 1904 potirentur)
338 1862 495 1894 Justinus
509 1870 561 1893 lx.
574 1865 604 1893 7.
619 1865 670 1893 12.
711 1862 815 1902 Spec-

100 1913 289 1954 -tacnloque
318 1912 510 1953 pendentis,
539 1912 687 1942 ultionem
710 1912 813 1952 polita

109 1963 185 1995 est.’
228 1963 317 1994 Vide
345 1967 379 1993 et
407 1970 549 1994 xxxvn.
581 1965 608 1992 l.
635 1964 665 1993 4.
696 1962 811 1993 Dat-is.

108 2014 260 2055 Vulgata
281 2018 395 2044 tamen
419 2013 534 2052 lectio,
564 2012 654 2054 quod
679 2021 813 2044 movea-

109 2069 165 2096 tur
180 2065 262 2095 nihil
280 2070 342 2096 est.
369 2065 477 2095 Clark.
502 2063 549 2096 At
565 2063 740 2095 durissime
756 2063 811 2095 hic

109 2119 162 2146 tot
177 2114 317 2146 ablativi
329 2115 535 2155 junguntur,
553 2123 660 2155 quare
676 2113 811 2144 omnino

108 2164 269 2205 rescripsi
294 2165 453 2196 castellum
478 2165 631 2196 locatum.-
655 2174 730 2206 quae
746 2165 812 2196 lec-

109 2215 157 2246 tio
173 2215 394 2247 confirmatur
409 2215 452 2246 ab
468 2215 696 2255 integerrimis
713 2215 813 2246 Codi-

100 2265 204 2298 .eibus
220 2266 408 2297 Petaviano
425 2270 461 2296 et
477 2265 574 2296 Leid.
592 2265 710 2305 primo.
757 2266 812 2296 Sic

108 2325 140 2348 c.
155 2319 208 2348 68.
235 2316 391 2357 Oppidum
402 2316 526 2356 potitur
542 2315 626 2346 Mss.
643 2315 811 2347 meliores.

101 2366 224 2398 plaut.
234 2365 406 2407 Amphitr.
419 2375 442 2397 1.
458 2368 486 2397 1.
500 2367 553 2396 32.
569 2366 692 2396 domum
701 2366 810 2406 potiri.

107 2417 153 2448 Et
180 2417 376 2458 saepissime.
422 2416 504 2455 Adi,
536 2425 610 2457 quae
641 2415 812 2456 congessit

100 2466 151 2503 Α.
174 2468 218 2499 V.
248 2468 413 2499 Staveren
437 2466 478 2497 ad
506 2467 635 2506 Nepot.
661 2467 758 2497 Eum.
781 2475 810 2499 e.

109 2519 139 2548 3.
156 2518 170 2558 §
186 2520 216 2549 4.
233 2522 268 2548 et
284 2517 404 2549 Davis.
422 2516 509 2547 infra
525 2517 567 2547 ad
585 2527 614 2548 c.
631 2520 681 2548 87.
705 2518 713 2533 ‘
731 2517 810 2549 Cas-

108 2571 162 2598 tra
177 2567 306 2607 potitus
323 2568 396 2599 est.’
420 2568 461 2598 B.
479 2567 578 2608 Hisp.
592 2578 622 2599 c.
641 2570 691 2600 13.

152 2619 190 2647 15
209 2617 247 2648 In
263 2621 364 2649 monte
378 2619 440 2649 loco
454 2618 588 2658 munito]
603 2618 659 2650 Sic
675 2619 810 2652 restitui

109 2675 152 2696 ex
163 2666 229 2697 Ms.
244 2667 361 2708 Regio.
389 2668 470 2698 Mss.
487 2668 542 2698 alii
558 2673 594 2699 et
610 2668 698 2699 Edd.
714 2668 809 2700 Vett.

111 2714 236 2747 habeut
252 2721 426 2758 corrupte,
451 2717 483 2748 in
507 2722 640 2751 montes
663 2719 725 2753 loco
745 2728 810 2750 mu-

1466 186 1578 227 1605

872 295 949 326 nito.
997 294 1096 325 Unde
1113 294 1265 333 Scaliger
1289 297 1324 324 et
1344 293 1576 332 Recentiovv„

872 346 905 377 in
922 346 1046 377 montis
1062 347 1125 376 loco
1141 345 1271 376 munito.
1301 343 1367 375 Sed
1384 345 1575 380 elegantior

873 403 924 430 est
939 398 1042 429 lectio
1059 406 1113 435 ea,
1142 406 1241 438 quam
1259 406 1301 427 ex
1318 396 1384 426 Ms.
1402 396 1509 431 Regio
1528 404 1576 425 re-

872 449 981 489 posui.
1009 449 1117 491 ⁸Clurlc.
1157 447 1278 478 Illontis
1296 446 1366 487 jum
1395 444 1576 477 ediderunt

872 499 994 537 Aldus,
1014 498 1154 529 vascos.
1171 497 1302 537 Gryplr.
1319 496 1435 536 steph.
1459 499 1493 526 et
1518 505 1574 525 ex-

871 554 940 580 stat
968 549 1000 579 in
1030 548 1124 580 Leid.
1152 558 1202 588 pr.
1229 548 1353 587 Scalig.
1378 547 1436 578 sed
1461 550 1576 577 montes

871 600 974 630 etiam
1005 599 1124 630 Petav.
1156 599 1305 630 Dorvill.
1330 603 1365 628 et
1388 597 1483 628 Leid.
1507 606 1573 628 sec.

870 659 944 680 cum
962 649 1050 680 Edd.
1069 649 1194 690 primis.
1240 649 1354 681 Quare
1370 649 1473 678 etiam
1489 657 1574 688 prae-

871 701 931 732 tuli
949 703 1061 731 monte.

914 752 953 782 In
969 753 1048 791 qnod
1071 751 1170 791 Juba]
1187 751 1254 781 Ms.
1272 751 1355 790 Reg.
1376 750 1414 780 In
1433 759 1498 790 quo
1514 750 1574 779 Ju-

870 802 906 833 lm
937 805 1192 843 comportat-erat.
1249 802 1334 834 Quae
1372 801 1486 831 verior
1523 805 1574 831 est

869 853 984 884 lectio.
1021 853 1077 883 Sic
1101 853 1189 883 enim
1205 861 1320 892 supra.
1359 851 1397 881 In
1414 860 1479 890 quo
1494 860 1573 880 com-

865 906 992 944 portata
1007 903 1149 941 suerunt.
1195 903 1283 933 Vide
1301 912 1376 944 quae
1403 901 1445 932 ad
1473 901 1572 932 istum

868 955 980 985 locum
997 960 1031 986 et
1045 954 1199 995 superius
1213 953 1254 984 ad
1270 962 1318 985 lv.
1334 956 1384 983 12.
1399 952 1572 983 annotavi.

871 1005 980 1036 Clark.

913 1059 951 1086 17
982 1056 1020 1087 Vi
1036 1054 1257 1096 expugnando]
1281 1054 1442 1085 Ciaccon.
1461 1062 1572 1084 emen—

868 1108 928 1138 dat
958 1108 989 1138 ri
1018 1110 1048 1137 et
1077 1107 1241 1146 pugnando
1284 1115 1302 1136 e
1341 1104 1456 1135 Plauti
1495 1104 1571 1134 Mil.

869 1158 967 1188 Glor.
996 1162 1031 1188 et
1057 1158 1104 1188 ita
1130 1157 1186 1187 ille
1215 1157 1304 1187 alibi.
1329 1156 1506 1195 Pugnando
1522 1165 1572 1185 ca—

863 1216 937 1246 pere
954 1205 1115 1247 frequens
1133 1211 1195 1237 est.
1234 1205 1303 1235 Adi
1320 1205 1414 1236 Cort.
1430 1204 1472 1234 ad
1489 1205 1570 1235 Sall.

867 1256 908 1286 B.
925 1255 1000 1286 Cat.
1012 1258 1042 1286 7.
1055 1259 1091 1286 et
1107 1265 1209 1295 supra
1226 1264 1255 1286 c.
1267 1257 1337 1285 25.:
1364 1254 1423 1285 sed
1442 1254 1450 1270 ‘
1465 1254 1496 1284 vi
1514 1263 1573 1294 op-

867 1305 1049 1347 pugnando
1077 1305 1174 1346 cepi'
1197 1305 1356 1336 Vatinius
1381 1304 1471 1344 apud
1496 1304 1570 1335 Cic.

866 1357 908 1387 V.
936 1357 1001 1397 Ep.
1032 1359 1081 1387 10.
1118 1356 1187 1386 ‘vi
1214 1355 1428 1396 inrumpere'
1460 1364 1490 1386 c.
1519 1357 1570 1386 29.

867 1417 979 1448 supra.
1026 1407 1156 1438 Passim
1183 1407 1257 1437 Liv.
1284 1410 1319 1437 et
1346 1406 1415 1445 alii,
1439 1405 1495 1436 ‘vi
1518 1415 1572 1436 ca-

866 1457 970 1498 pcre‚’
998 1457 1007 1475 ‘
1024 1457 1231 1498 obpugnare!
1248 1466 1272 1488 1.
1292 1459 1343 1488 17.
1390 1457 1497 1487 Immo
1519 1464 1570 1487 ιν.

865 1511 919 1539 57.
964 1508 973 1524 ‘
992 1508 1177 1539 Castellum
1193 1507 1225 1537 vi
1242 1505 1499 1547 expugnatum!

908 1568 1060 1590 xxxvn.
1093 1562 1109 1590 l
1147 1559 1285 1600 Propter
1314 1568 1400 1590 mare
1435 1558 1571 1596 legiones

863 1611 967 1650 ducit]
983 1611 1093 1643 Editt.
1109 1612 1207 1642 Rom.
1224 1612 1312 1642 Ven.
1331 1610 1490 1642 Beroald.
1515 1620 1571 1640 ex-

865 1661 983 1693 hibent
997 1671 1090 1702 prope
1105 1671 1192 1692 mare
1206 1661 1340 1701 legiones
1354 1661 1455 1692 educit
1469 1671 1478 1690 :
1509 1660 1568 1691 sed

866 1716 919 1743 est
936 1712 1112 1752 glossema,
1139 1721 1215 1742 nam
1237 1714 1366 1753 propter
1379 1721 1463 1742 mare
1478 1710 1568 1741 idem

864 1763 956 1793 valet
972 1772 1011 1794 ae
1023 1772 1117 1804 prope
1133 1772 1227 1793 mare.
1273 1762 1432 1802 Virgilius
1450 1762 1567 1801 Eclog.

865 1821 946 1853 vm,
962 1815 1013 1844 87.
1038 1814 1046 1829 ‘
1065 1813 1216 1853 Propter
1231 1821 1327 1853 aquae
1346 1812 1452 1842 rivum
1467 1811 1570 1842 viridi

864 1863 1056 1903 procumbit
1080 1863 1112 1893 in
1142 1863 1241 1893 ulva.’
1285 1863 1331 1893 Et
1359 1862 1484 1902 Georg.
1511 1871 1569 1892 111.

866 1917 916 1946 13.
947 1914 1151 1954 ‘Templum
1180 1913 1223 1944 de
1251 1922 1418 1943 marmore
1445 1922 1567 1953 ponam

864 1966 1014 2005 Propter
1036 1965 1176 2006 aquam!
1199 1963 1353 1996 Justinus
1379 1973 1446 1995 xn.
1473 1967 1504 1994 9.
1535 1967 1565 1994 9.

862 2016 871 2032 ‘
887 2016 1019 2047 Trunco
1033 2025 1082 2055 se,
1094 2015 1150 2056 qui
1162 2018 1291 2055 propter
1305 2025 1428 2046 murum
1441 2014 1566 2054 stabat,

861 2066 1050 2107 applicuit!
1094 2066 1182 2097 Vide
1206 2070 1242 2096 et
1257 2067 1431 2097 Donatum
1448 2065 1489 2095 ad
1506 2065 1568 2096 Te-

861 2116 964 2148 rentii
986 2116 1135 2157 Adelph.
1160 2121 1227 2147 act.
1252 2125 1301 2147 1v.
1326 2126 1371 2146 sc.
1395 2118 1427 2146 2.
1455 2118 1507 2146 37.
1533 2120 1568 2145 et

863 2166 1012 2197 Nonium
1042 2165 1245 2197 Marcellum
1275 2175 1307 2205 p.
1338 2168 1412 2197 396.
1450 2166 1565 2196 Daris.

861 2216 964 2256 Prope
992 2216 1094 2247 etiam
1117 2216 1210 2256 legas
1231 2216 1265 2246 in
1282 2216 1349 2247 Ms.
1367 2215 1512 2247 Dor-vill.
1530 2220 1565 2246 et

862 2265 926 2298 Ed.
950 2266 1045 2297 Med.
1073 2275 1263 2306 perperam.
1310 2265 1379 2296 Adi
1396 2266 1438 2297 ad
1460 2267 1502 2297 B.
1520 2266 1564 2297 G.

861 2325 887 2347 1.
913 2319 966 2347 22.
994 2317 1003 2333 ‘
1021 2320 1162 2357 propter
1186 2316 1333 2347 hostium
1358 2316 1504 2348 castra:'
1530 2322 1566 2347 et

861 2368 987 2408 passim
999 2367 1165 2409 Apuleius
1179 2379 1185 2398 :
1199 2368 1258 2399 sed
1268 2378 1359 2410 saepe
1368 2368 1459 2410 apud
1471 2368 1564 2399 illum

861 2428 995 2460 quoque
1011 2419 1094 2450 abiit
1108 2419 1141 2449 in
1159 2429 1264 2460 prope.

905 2473 944 2501 13
970 2470 1099 2510 Ingens]
1115 2471 1156 2501 Iu
1172 2469 1429 2510 longitudinem.
1457 2469 1563 2500 Clark.

903 2529 1062 2552 xxxvm.
1085 2524 1104 2552 2
1136 2522 1240 2561 Atque
1264 2521 1298 2550 in
1325 2528 1564 2560 unumquemque

858 2572 981 2612 collem]
997 2571 1114 2602 Prima
1131 2580 1194 2602 vox
1211 2571 1274 2602 hoc
1290 2570 1324 2600 in
1341 2571 1412 2600 loco
1429 2578 1494 2599 non
1511 2573 1564 2599 est

859 2623 1031 2663 particula
1046 2622 1222 2662 copulans,
1235 2621 1295 2651 sed
1308 2621 1396 2651 idem
1411 2624 1510 2650 sonat
1523 2628 1562 2648 ac

857 2673 976 2704 statim.
1014 2673 1157 2703 Plautus
1173 2671 1335 2702 Bacchid.
1353 2669 1431 2700 Act.
1450 2677 1489 2698 11.
1506 2668 1561 2699 Sc.

859 2725 901 2754 3.
921 2725 976 2754 45.
1011 2723 1019 2739 ‘
1039 2722 1130 2753 Dum
1168 2721 1430 2761 circumspecto,
1472 2722 1562 2759 utque
