1850 3109
224 157 338 198 1624

225 262 343 303 officere
356 271 416 293 non
441 261 645 298 inter-mittin
667 261 777 292 ductis
803 270 924 300 nempe

223 321 287 351 per
316 322 470 353 campum
501 313 589 343 vallo
614 311 781 353 fossaque.
813 311 923 342 Dat-is.

225 370 298 393 cur.
325 371 392 394 sec.
452 363 519 393 Iter
549 362 645 393 abest
675 372 693 392 a
723 362 860 392 Vascos.
888 365 924 390 et

223 411 342 452 Steph.
359 422 398 444 ac
413 413 545 445 Stradae
568 412 655 443 Edd.
670 411 844 451 prospectui
860 411 924 451 offi-

223 471 290 492 cere
307 462 394 493 dixit
418 463 520 493 etium
543 471 645 501 supra
672 472 701 491 c.
718 463 780 490 52:
818 460 874 490 ubi
891 460 924 490 in

225 512 299 544 aliis
312 517 506 553 prospectum
522 518 649 551 tamen,
670 516 705 542 et
730 510 817 542 vide.
864 510 925 541 Ni-

224 562 402 594 hilominus
429 563 504 594 dele
520 563 582 593 iter
603 562 656 592 vel
673 562 718 592 ita
743 562 837 601 lege:
864 561 925 601 effi-

224 621 291 643 cere
305 618 357 643 est
374 613 408 643 in
426 612 523 643 Leid.
551 621 618 643 see..
647 620 686 642 ac
713 610 872 641 Beroald.
889 613 925 641 et

222 661 295 692 aliis
323 661 455 694 Editis:
490 662 554 692 iter
581 661 707 691 nullum
732 659 784 691 hie
813 661 924 690 locum

226 710 343 743 habet.

268 770 360 793 an.
400 765 418 793 3
451 761 557 802 Ibique
598 762 723 793 Getulis
753 760 925 800 remigibus

222 812 410 854 epibatisque
425 814 565 853 complet,
578 812 804 852 insidia-nitique
817 812 925 850 gratia

220 863 416 903 progressus]
454 863 519 893 Mn.
550 862 656 894 Norv.
686 863 842 902 illamque,
872 862 923 900 ⁸5⁶·

223 913 362 954 complet,
377 913 602 952 insidiandiqioe
627 912 733 951 gratia
759 911 800 941 ab
825 911 925 942 Utica

219 972 422 1003 progressus,-
453 972 528 1003 quae
558 961 692 1002 quidem
718 960 821 991 lectio
847 969 923 991 cum

224 1013 331 1043 Hirtii
370 1011 590 1052 simplicitate
631 1010 752 1041 melius
789 1009 925 1041 videtur

222 1062 417 1093 convenire.
463 1062 548 1092 Eam
575 1070 656 1092 sane
684 1061 794 1092 animo
814 1059 925 1101 proni-

224 1121 281 1143 ore
304 1113 445 1153 recipio,
475 1112 565 1153 qnod
594 1112 693 1143 editt.
717 1112 812 1143 Rom.
838 1111 923 1141 Ven.

223 1164 382 1195 Beroald.
399 1164 482 1194 duas
500 1163 572 1193 illas
601 1171 700 1193 voces
729 1161 924 1202 exhibeant,

223 1223 305 1254 quas
323 1223 364 1244 ex
380 1213 472 1244 Msto
489 1212 630 1244 Norvic.
644 1212 789 1243 adserui.
814 1212 924 1243 Daris·

222 1263 309 1294 Mss.
324 1262 452 1294 Eliens.
469 1267 504 1293 et
515 1262 641 1302 vossii,
654 1266 689 1293 et
703 1262 812 1294 Editt.
827 1262 925 1292 Vett.

222 1313 260 1343 ab
295 1313 388 1344 Utica
414 1322 603 1353 progressus.
661 1311 763 1344 Quod
804 1312 926 1352 probat

222 1363 397 1402 Davisius,
425 1367 461 1394 ut
489 1362 596 1394 Hirtii
620 1362 771 1404 σαφηνείᾳ
794 1366 829 1393 et
851 1362 926 1393 sim-

224 1413 371 1454 plicitati
397 1423 595 1454 congruens.
623 1414 730 1445 Clark.
776 1413 926 1453 Illamque

222 1469 260 1494 ut
285 1468 322 1495 et
343 1463 380 1494 ab
403 1463 497 1494 Utica
525 1462 744 1495 confirmatur
760 1473 780 1494 a
796 1463 925 1495 Codice

223 1516 300 1547 Pet.
329 1525 434 1557 quare
463 1515 514 1547 ita
543 1516 688 1555 reposui.
749 1515 857 1546 Immo
887 1515 924 1546 ab

226 1567 320 1598 Utica
352 1571 543 1607 agnoscunt
577 1566 680 1598 etiam
719 1566 817 1598 Leid.
855 1576 923 1598 sec.

223 1616 333 1648 Dorv.
372 1621 407 1647 et
451 1616 538 1649 Edd.
584 1616 726 1648 Vascos.
768 1616 926 1658 Grypbii‚

223 1667 342 1708 Steph.
359 1667 516 1708 aliaeque.

265 1720 284 1747 7
308 1717 360 1748 Ad
379 1717 535 1757 Thapsum
553 1716 672 1757 versus]
708 1716 794 1748 Haec
820 1716 925 1749 lectio

224 1770 276 1798 est
292 1776 311 1797 a
326 1767 419 1798 Msto
437 1767 544 1799 Norv.
559 1777 598 1799 ac
615 1767 713 1799 editt.
728 1767 826 1799 Rom.
839 1768 925 1799 Ven.

225 1816 385 1848 Beroald.
403 1825 480 1848 cum
503 1817 538 1848 in
564 1818 679 1858 vulgg.
703 1817 824 1849 omissa
839 1827 926 1858 prae-

225 1867 406 1906 positione,
431 1867 600 1899 scribatur
628 1868 783 1908 Thapsum
812 1877 926 1899 versus.

221 1916 339 1947 Dauis.
377 1916 432 1948 Ad
452 1917 607 1957 Thapsum
620 1927 737 1949 versus.
761 1917 815 1949 Ita
829 1923 925 1949 recte

226 1966 379 1998 restituit
407 1966 586 2006 Cellarius,
613 1972 649 1998 et
678 1967 852 2007 Davisius,
883 1976 926 1997 ex

222 2016 291 2048 Ms.
314 2017 439 2048 Eliens.
454 2022 490 2048 et
506 2018 614 2049 Editt.
632 2017 727 2050 Vett.
750 2018 927 2050 Consenti-

222 2072 286 2098 unt
301 2067 386 2098 Mss.
405 2068 489 2107 Reg.
506 2072 542 2099 et
550 2068 671 2099 Vossii.
695 2069 816 2109 Vulgg.
829 2069 926 2101 omit-

221 2121 313 2156 tunt,
351 2119 402 2148 ad.
441 2118 550 2149 Clark.
596 2118 742 2150 Videtur
769 2123 927 2160 typogra-

222 2167 323 2207 phico
338 2176 453 2199 errore
469 2167 636 2200 excidisse
657 2170 697 2199 ad
713 2179 731 2201 e
748 2170 835 2201 Scal.
862 2170 926 2201 Ed.

222 2226 298 2248 nam
315 2218 398 2249 Mss.
416 2227 532 2249 omnes
546 2223 582 2249 et
595 2218 682 2249 Edd.
697 2219 826 2259 priores
840 2229 925 2259 prae-

220 2266 422 2307 positionem
440 2277 514 2298 eam
529 2273 729 2308 agnoscunt.
745 2268 860 2310 Atque
876 2270 925 2301 ita

220 2325 311 2357 saepe
326 2318 442 2347 (Jaesnr
454 2323 489 2348 et
501 2318 634 2349 Hirtius
647 2328 722 2349 cum
733 2319 818 2350 aliis.
836 2319 924 2351 Vide

223 2366 405 2398 Cellarium
427 2367 468 2397 ad
483 2377 513 2397 c.
526 2370 579 2399 23.
593 2373 629 2399 ct
638 2378 741 2409 supra
753 2368 796 2399 ad
808 2378 857 2399 w.
870 2372 922 2401 32.

267 2417 306 2446 12
331 2417 410 2447 Cum
422 2417 515 2447 classe
537 2427 569 2448 se
592 2418 715 2457 longius
728 2428 748 2448 a
760 2423 924 2460 prospecta

224 2466 368 2497 removit:
401 2466 519 2506 reliqua
541 2468 648 2498 classis
662 2467 695 2498 in
709 2469 774 2498 salo
788 2469 828 2498 ad
844 2468 922 2509 Lep-

221 2515 295 2556 tim]
333 2516 389 2546 De
404 2516 467 2547 hoc
484 2516 557 2547 loco
573 2517 619 2548 sic
635 2516 754 2548 scribit
770 2517 833 2548 Ph.
851 2517 920 2549 Ru-

222 2565 340 2596 benius
365 2565 475 2597 Elect.
503 2574 542 2596 11.
572 2568 603 2597 4.
649 2566 747 2597 Prior
770 2567 920 2597 narratio

221 2614 429 2656 expungitur
454 2614 698 2656 damnaturque
715 2624 735 2646 a
750 2616 918 2656 sequenti.

221 2666 255 2696 Si
272 2665 396 2707 Aquila
411 2674 486 2697 cum
503 2665 610 2696 classe
624 2664 783 2705 angulum
801 2670 920 2697 nactus

224 2721 284 2757 est,
306 2715 473 2758 quomodo
496 2715 617 2758 adjicit
640 2715 758 2757 reliqua
771 2715 874 2748 classis
888 2715 921 2747 in

693 167 835 199 NOTAE
866 166 1129 198 VARIORUM

1164 166 1217 197 IN

973 261 1036 290 salo
1051 261 1090 290 ad
1107 259 1257 300 Leptim?
1288 259 1354 292 Sed
1369 263 1488 292 auctor
1499 261 1603 302 culpa
1618 271 1678 293 va-

975 314 1044 348 cat,
1065 316 1100 341 et
1116 311 1220 341 editio
1237 311 1349 351 prisca
1363 310 1534 342 verissime
1551 310 1672 343 scribit

975 365 1010 389 et
1025 360 1159 391 ordinat
1178 372 1184 391 ε
1221 363 1229 378 ‘
1247 362 1372 403 Aquila
1389 366 1593 402 tempestate
1603 362 1676 402 jac·

977 413 1077 448 tatus,
1093 420 1168 441 cum
1195 413 1301 443 classe
1325 412 1462 453 propius
1484 416 1692 453 promontm.

976 458 1061 489 rium
1077 468 1235 500 superare
1251 471 1316 493 non
1341 463 1452 503 potuit
1467 473 1474 493 :
1500 467 1603 503 atque
1619 471 1676 492 an-

974 510 1086 549 gulum
1104 511 1283 551 quemdam
1306 517 1415 544 tutum
1432 524 1451 544 a
1468 517 1674 553 tempestate

975 566 1107 600 nactuS,
1124 571 1158 592 se
1175 562 1306 602 longius
1325 573 1343 593 a
1360 567 1543 604 prospectu
1572 572 1677 593 remo-

975 611 1046 643 vit.'
1093 613 1162 643 Cur
1179 611 1250 643 haec
1265 614 1420 645 mutata?
1458 623 1533 644 narn
1551 613 1677 654 Aquila

976 662 1063 692 solus
1079 662 1238 702 angulum
1252 662 1346 694 illum
1363 672 1439 694 cum
1455 663 1532 693 navi
1546 673 1605 694 sua
1621 672 1675 694 ce-

975 713 1050 752 pit;
1075 713 1203 754 reliqua
1220 714 1337 744 classis
1350 713 1392 744 ad
1418 713 1552 754 Leptim
1569 723 1675 754 appu-

974 763 1024 794 lit.
1072 763 1249 795 Hactenus
1276 765 1327 794 vir
1349 764 1515 803 eundum,
1531 765 1626 805 cujus
1642 763 1678 795 fi-

975 812 1053 842 dem
1070 812 1284 853 aliquatenus
1306 813 1441 845 firmant
1463 814 1563 845 editt.
1580 814 1675 845 Rom.

974 861 1061 892 Ven.
1089 861 1248 892 Beroald.
1278 863 1311 893 in
1342 864 1382 894 iis
1410 864 1499 894 enim
1532 863 1675 904 legitur:

975 911 1090 951 Aquila
1115 914 1294 952 tempestate
1314 913 1467 954 jactatus,
1491 925 1559 945 cum
1584 915 1678 946 classe

971 961 1100 1001 propius
1122 962 1365 1001 promontorium
1389 973 1532 1003 superare
1549 973 1607 994 non
1625 974 1681 1004 po-

975 1012 1049 1052 tuit,
1076 1015 1166 1052 atque
1188 1014 1334 1051 angulum
1355 1015 1506 1053 quendam
1532 1017 1635 1045 tutum
1657 1024 1677 1044 a

975 1065 1157 1103 tempestate
1168 1066 1287 1101 nactus,
1300 1072 1375 1094 cum
1388 1064 1495 1095 classe
1508 1074 1540 1095 se
1553 1064 1676 1103 longius

975 1122 994 1141 a
1019 1115 1177 1151 prospectu
1198 1114 1337 1143 removit.
1364 1113 1477 1144 Daris.
1522 1113 1593 1144 Aut
1622 1123 1679 1144 vo-

976 1170 1033 1192 ces
1051 1161 1125 1192 istae
1148 1172 1216 1193 cum
1232 1163 1326 1193 classe
1353 1163 1584 1203 intelligendae
1598 1167 1677 1194 sunt

975 1215 1146 1251 camparte
1170 1212 1289 1251 classis,
1305 1212 1437 1243 seilicet
1462 1223 1529 1243 cum
1551 1213 1681 1244 naribus

975 1262 1111 1301 aliquot:
1135 1266 1195 1292 aut
1224 1262 1421 1302 recipienda
1448 1263 1515 1294 erit
1534 1263 1680 1297 Rubenii

975 1313 1093 1350 lectio,
1105 1313 1158 1343 cui
1175 1312 1293 1344 favent
1309 1313 1402 1344 Editi
1430 1314 1561 1355 aliquot
1584 1319 1678 1345 vete-

977 1373 1052 1395 res:
1077 1368 1114 1394 ut
1131 1364 1346 1404 transpositis
1367 1364 1524 1395 nimirum
1540 1365 1678 1396 vocibus

976 1414 1048 1446 istis
1076 1424 1144 1445 cum
1166 1416 1261 1446 classe
1291 1415 1353 1446 hoc
1383 1414 1482 1446 modo
1511 1416 1679 1446 scribatur

977 1470 1047 1496 tota
1061 1466 1239 1506 periodus:
1266 1466 1381 1505 Aquila
1397 1469 1421 1496 t.
1436 1466 1577 1504 jactatus
1600 1475 1676 1497 cum

976 1516 1083 1547 classe
1104 1516 1349 1556 promontorium
1377 1516 1435 1556 (al.
1459 1516 1586 1556 propius
1605 1525 1677 1555 pro-

975 1565 1174 1607 montorium)
1188 1575 1334 1607 superare
1348 1575 1407 1596 non
1420 1566 1535 1606 potuit.
1574 1566 1676 1606 Atque

974 1626 1048 1655 ang.
1073 1627 1103 1656 q.
1127 1619 1188 1647 tut.
1213 1627 1231 1646 α
1251 1619 1344 1656 temp.
1363 1619 1471 1646 nactus
1494 1625 1526 1647 se
1541 1615 1591 1657 (id
1609 1621 1674 1655 cst,

975 1675 1095 1696 navem
1127 1664 1234 1706 suam)
1264 1666 1384 1705 longius
1413 1675 1433 1695 a
1459 1675 1509 1706 pr.
1536 1667 1677 1698 removit.

977 1715 1110 1756 Reliqua
1136 1715 1254 1754 classis,
1279 1716 1330 1755 850.
1357 1716 1464 1747 Clark.
1511 1716 1594 1747 Curn
1612 1716 1678 1757 pri-

975 1766 1037 1797 mis
1066 1765 1167 1797 editis
1192 1765 1364 1796 consentit
1393 1764 1435 1796 de
1465 1775 1558 1797 more
1582 1765 1676 1798 Med.

975 1816 1040 1847 Illa
1055 1816 1159 1847 verba
1171 1826 1241 1847 cum
1263 1817 1357 1847 classe
1371 1816 1505 1847 omnino
1522 1820 1676 1857 transpo-

976 1866 1090 1897 nenda
1107 1865 1206 1898 duco.
1231 1867 1339 1898 Favet
1365 1866 1462 1898 Leid.
1491 1877 1542 1908 pr.
1563 1867 1620 1908 qui
1644 1876 1677 1898 se

974 1927 1042 1948 non
1056 1917 1170 1948 habet.

1022 1971 1058 1998 15
1085 1967 1124 1998 In
1140 1967 1249 2008 oppido
1262 1967 1451 2008 progressis]
1487 1967 1526 1998 In
1541 1976 1676 1999 oPmDo

973 2017 1120 2056 progredi
1132 2022 1168 2048 et
1182 2018 1308 2057 vagari,
1327 2018 1438 2058 paullo
1455 2018 1598 2058 amplius
1611 2022 1676 2056 est,

977 2076 1075 2107 quam
1092 2068 1238 2107 oppidum
1252 2068 1339 2099 adire
1367 2068 1419 2098 vel
1446 2069 1476 2098 in
1505 2076 1676 2099 oPPmcM

972 2118 1132 2156 progredi.
1178 2117 1471 2149 Quemadmodum
1487 2118 1576 2159 quod
1590 2117 1678 2150 dixit

975 2166 1097 2206 Poeta,
1126 2167 1231 2197 Pilum
1255 2167 1382 2207 projecit
1411 2168 1443 2198 in
1468 2167 1584 2206 herba,
1610 2177 1678 2198 am-

974 2216 1061 2256 plius
1075 2221 1128 2248 est
1151 2227 1251 2259 quam
1275 2218 1303 2248 si
1318 2217 1473 2257 dixisset,
1492 2218 1596 2248 Pitam
1609 2227 1679 2257 pro·

964 2267 1045 2305 J'ecit
1060 2268 1094 2297 in
1107 2267 1257 2300 herbam.
1282 2268 1369 2299 Vide
1382 2278 1484 2309 supra
1498 2269 1540 2298 ad
1558 2277 1607 2299 lv.
1625 2271 1677 2301 12.

973 2316 1202 2349 Quamobrem
1219 2318 1328 2348 minus
1345 2322 1439 2349 recte
1465 2316 1606 2357 faciunt,
1619 2317 1677 2358 qui

972 2367 1175 2406 emendant;
1211 2367 1244 2398 in
1273 2367 1428 2407 oppidum.
1470 2367 1578 2398 Clark.
1636 2366 1676 2397 Iu

972 2416 1099 2457 oppido
1121 2418 1220 2448 victus
1244 2417 1293 2448 sui
1315 2417 1471 2449 mercandi
1484 2417 1593 2457 gratia
1606 2427 1677 2458 pro·

967 2467 1103 2506 gressis:
1137 2467 1313 2507 Gryphius
1340 2467 1446 2498 edidit
1461 2468 1493 2499 in
1519 2469 1673 2508 oppidum.

970 2518 1062 2557 Lege
1079 2517 1112 2548 in
1129 2517 1294 2558 oppidum
1312 2518 1410 2548 rictus
1426 2527 1494 2549 sun
1513 2518 1674 2548 mercandi

967 2567 1073 2605 gratia
1084 2567 1266 2606 progressis.
1285 2567 1396 2597 Dat-is.
1421 2576 1492 2598 cur.
1511 2577 1581 2598 sec.
1625 2567 1675 2599 At

962 2616 1061 2657 jungi
1078 2621 1215 2657 possent
1226 2616 1258 2646 in
1269 2617 1378 2656 oppido
1393 2617 1491 2647 victus
1503 2617 1673 2648 mercandi.

971 2667 1098 2698 Verum
1120 2667 1261 2707 oppidom
1277 2672 1329 2697 est
1351 2667 1385 2697 iu
1404 2668 1485 2699 Mss.
1500 2667 1673 2700 Leidensb

969 2718 1030 2749 bus
1053 2721 1088 2749 et
1113 2717 1199 2750 Edd.
1223 2717 1365 2750 Vascos.
1392 2718 1510 2759 Steph.
1538 2717 1670 2760 Gryph.
