1850 3109
393 217 487 246 12113.
521 215 572 244 11.
603 203 798 244 cAP.32.
831 213 894 243 DE
930 207 1084 242 menno
1117 213 1287 243 cnvim.

118 324 176 346 non
190 315 274 346 robis
287 316 413 346 salutem
427 314 551 354 petivit.
597 313 695 344 Hanc
712 313 812 343 etiam

118 368 315 407 scripturam
344 366 375 395 in
393 365 490 395 editt.
519 365 617 395 Rom.
636 365 722 394 Ven.
752 365 814 394 Be-

121 417 225 447 roald.
241 416 386 453 invenio,
409 416 471 446 nisi
489 415 579 456 quod
608 415 671 446 illa²
686 417 815 445 salutem

111 468 192 508 fuga
216 467 340 507 petivit.
401 467 480 507 lpse
506 466 676 505 vulgatam
700 467 815 497 lectio-

118 528 192 549 nem
220 527 282 548 non
311 527 442 556 moveo,
471 528 570 560 quam
599 519 723 550 retinet
750 518 815 549 ΜΒ.

119 568 259 600 Norvic.
276 573 323 606 et,
341 573 376 598 ut
394 568 553 607 arbitror,
580 568 658 599 nihil
677 573 817 608 recepta

118 618 297 648 venustius.
340 618 452 649 Daris.
501 619 638 657 Projecit
661 617 736 649 ille?
759 629 817 648 nou

112 668 181 707 sibi,
208 669 285 699 clam
310 667 495 707 t·o!›i3‚83·c.?
534 669 640 699 Mirus
663 667 818 708 profecto

115 718 168 749 hic
195 718 346 757 Vossius,
375 719 429 749 cni
459 718 635 759 perplacet
667 717 754 759 qnod
784 718 817 748 in

114 768 281 798 nonnullis
307 768 490 799 Codicibus
513 773 588 806 est;
611 769 789 808 —prnjecil
803 766 818 799 :2

114 819 165 849 ille
179 818 239 849 sibi
253 820 342 856 clam,
354 829 413 850 non
430 819 525 858 robis,
541 820 592 858 &a
605 817 621 850 ?
660 820 737 851 Qua
751 819 818 850 lec-

116 869 208 900 tione
225 879 286 900 nec
304 870 511 901 invenustius
536 870 730 911 quidquam,
755 880 818 901 nec

115 920 254 961 vulgata
290 925 405 961 potest
431 921 614 962 quidquam
651 931 724 952 esse
752 922 819 952 ele-

116 970 263 1009 gantius.
299 972 482 1011 Vulgatam
500 971 627 1012 itaque,
647 981 723 1001 curn
743 971 820 1001 doc-

117 1018 246 1050 tissimo
273 1021 424 1061 Davisio‚
449 1021 583 1052 omnino
607 1021 818 1051 retinendam

115 1077 248 1100 censeo.
274 1071 382 1102 Clark.
426 1071 495 1101 Sibi
506 1072 585 1101 clam
598 1081 657 1100 non
670 1071 754 1100 vobis
770 1081 819 1101 rc-

116 1119 191 1160 peri
207 1120 308 1150 etiam
326 1121 357 1150 in
376 1121 456 1151 Lov.
482 1125 517 1151 et
540 1121 684 1151 Dorvill.
702 1121 734 1150 in
753 1130 819 1160 quo

117 1177 182 1199 non
208 1175 384 1209 comparet
413 1169 512 1209 fuga.
572 1169 612 1200 In
644 1170 755 1209 Bong.
784 1174 820 1201 et

116 1218 213 1250 Leid.
227 1228 296 1250 sec.
312 1229 373 1251 non
387 1219 447 1250 sibi
461 1221 551 1259 clam,
571 1230 631 1251 mm
645 1220 730 1250 vobis
741 1220 821 1250 salu-

117 1273 177 1299 tem
190 1269 314 1309 petivit.
359 1270 426 1300 Sed
443 1271 540 1302 male.

158 1322 200 1351 36
224 1320 263 1350 In
278 1330 326 1351 me
340 1320 515 1361 offenditis]
550 1321 635 1353 Haec
659 1331 741 1352 vera
757 1322 821 1352 lec-

119 1370 168 1401 tio
197 1370 239 1401 ab
266 1370 373 1403 Alest.
433 1371 524 1403 Olim
551 1372 644 1403 Editi
672 1376 707 1402 et
736 1372 819 1403 Mss.

118 1421 272 1462 plerique
295 1422 365 1460 jam
390 1432 438 1453 me
458 1421 515 1462 off.
570 1421 669 1453 Unde
700 1421 819 1452 Rivius

118 1471 268 1511 conjecit
284 1471 354 1510 jam
376 1471 408 1502 in
432 1481 480 1502 me
504 1471 581 1512 ⁰ff·-'
605 1471 666 1502 sed
692 1472 819 1502 Brutus

118 1521 242 1552 rectius
257 1521 378 1562 probat
393 1522 426 1553 in
438 1532 486 1552 me
507 1521 582 1562 off:
610 1521 700 1562 quod
716 1521 820 1552 diser-

118 1577 153 1602 te
168 1571 386 1603 confirmatur
403 1572 444 1604 ab
465 1573 594 1613 optimo
622 1572 820 1604 PetavianO.

121 1621 254 1663 Offendo
269 1623 412 1654 sumitur
437 1623 579 1663 passive,
608 1627 646 1653 ut
661 1623 749 1654 bene
765 1622 820 1654 hic

119 1671 229 1703 Aldus
244 1672 420 1703 Manutius
436 1673 598 1712 ostendit,
610 1673 748 1714 ejusque
764 1682 822 1713 pa·

120 1726 174 1751 ter
188 1720 313 1752 Paulus
331 1723 371 1753 ad
389 1722 499 1753 Cicer.
522 1723 586 1763 Ep.
611 1723 703 1753 Fam.
719 1732 752 1753 v.
767 1724 819 1753 14.

117 1771 126 1786 ‘
144 1771 177 1801 in
193 1772 301 1802 altera
316 1771 397 1802 mihi
420 1772 522 1802 velim
538 1772 766 1813 obtemperes,
788 1772 822 1802 in

119 1820 227 1852 altera
241 1831 307 1852 non
324 1820 503 1853 offendas!
549 1823 589 1853 In
616 1823 683 1853 Ms.
708 1823 824 1853 Ursini

118 1872 317 1912 simpliciter
332 1876 385 1903 est
401 1882 448 1903 me
463 1872 522 1914 off.

159 1924 199 1953 41
246 1922 415 1963 Processit]
469 1922 650 1953 Postulare
687 1922 826 1954 videtur

119 1972 244 2013 linguae
259 1973 390 2004 Latinae
408 1973 507 2012 ratio,
521 1978 559 2005 ut
571 1974 735 2014 legamus,
754 1983 824 2014 pro·

119 2024 253 2054 cesserit.
294 2024 403 2054 Clark.
463 2024 555 2055 Cave
589 2028 715 2063 tamen,
742 2023 826 2065 quid

119 2077 229 2104 mutes
243 2084 251 2104 ε
268 2082 360 2114 saepe
377 2078 499 2104 contra
516 2073 827 2105 Grammaticorum

121 2124 273 2164 regulam
295 2125 328 2155 in
352 2125 403 2156 his
420 2128 559 2156 utuntur
582 2124 752 2155 Auctores
770 2124 827 2155 In-

123 2175 281 2206 ‹licativo.
313 2176 413 2208 Quod
430 2176 582 2216 plurimis
596 2176 759 2216 exemplis
770 2175 827 2207 do-

123 2230 203 2256 cent
215 2225 304 2257 doct.
319 2225 490 2266 Wopkens
522 2227 620 2257 Lect.
636 2227 726 2257 Tull.
743 2235 782 2257 11.
798 2230 828 2258 5.

123 2281 158 2307 et
171 2276 232 2307 Vir
243 2276 363 2307 doctus
379 2276 412 2306 in
426 2277 572 2308 Miscell.
587 2276 758 2308 Obs.Vol.
772 2285 829 2307 111.

123 2327 160 2358 T.
172 2335 196 2358 r.
210 2336 243 2367 p.
259 2330 334 2358 257.
357 2329 418 2358 &c.
455 2327 528 2358 Val.
543 2327 637 2359 Max.
653 2337 688 2358 v.
702 2330 734 2358 6.
748 2327 828 2358 Ext.

123 2377 156 2407 iu
170 2375 196 2407 f.
222 2378 232 2394 ‘
249 2381 358 2417 patet,
389 2387 488 2417 quam
518 2376 666 2417 profusae
690 2377 830 2417 pietatis

123 2435 205 2468 erga
243 2428 390 2467 patriam
427 2427 580 2457 homines
617 2426 829 2458 extiterunt!

127 2477 183 2508 Sic
198 2477 283 2509 Mss.
301 2477 398 2509 Harl.
415 2482 450 2508 et
463 2477 561 2509 Leid.
576 2487 593 2508 a
607 2486 660 2508 me
673 2477 830 2508 consulti.

127 2527 215 2559 Vide
246 2528 398 2559 eumdem
430 2537 512 2559 vui.
539 2531 575 2559 1.·
598 2531 628 2559 1.
661 2533 698 2559 et
728 2528 831 2559 etiam

128 2577 170 2608 B.
212 2577 321 2610 Afric.
359 2589 391 2610 c.
416 2581 469 2611 59.
525 2580 620 2611 Cort.
660 2579 703 2610 ad
741 2579 830 2611 Plin.

128 2626 189 2668 Ep.
205 2636 246 2659 ιι.
260 2632 316 2660 10.

169 2680 209 2708 47
235 2679 406 2711 Onerarias
418 2679 617 2720 adduxerim]
639 2679 758 2710 Primo
775 2688 831 2710 no-

132 2728 267 2759 tandum
284 2729 318 2759 in
332 2726 455 2761 Petav.
468 2733 504 2760 et
511 2730 609 2761 Voss.
627 2734 732 2770 atque
742 2728 830 2760 Edd.

131 2778 289 2819 Romana,
299 2779 386 2810 Ven.
400 2782 436 2810 et
451 2779 546 2811 Med.
560 2778 662 2811 scribi
675 2782 829 2810 oneratas.

1452 201 1565 245 1435

865 312 968 345 Quasi
986 313 1089 343 vellet
1114 313 1266 350 innuere,
1293 321 1393 341 naves
1410 321 1475 342 non
1492 317 1564 342 tan-

866 368 936 393 tum
967 364 1151 401 onerariae,
1176 364 1233 393 sed
1262 363 1359 402 copia
1384 372 1493 393 rernm
1518 363 1565 392 in-

867 415 976 453 pletas·
994 413 1107 450 fuisso,
1124 414 1170 444 uti
1186 419 1281 453 patet
1297 423 1336 443 ex
1356 423 1384 442 c.
1401 417 1450 443 25.
1479 413 1563 443 Nam

867 470 900 494 et
917 466 1065 495 nnerarioe
1081 474 1171 494 nares
1184 469 1340 503 poterant
1353 473 1425 493 esse
1438 463 1565 501 inanes,

867 516 956 556 qnod
982 516 1082 546 etiam
1113 515 1165 545 hic
1197 515 1355 545 observat
1384 515 1565 545 Gruterus.

871 567 977 596 Nimis
1010 571 1120 597 tamen
1153 572 1287 596 acutum
1318 565 1394 595 mihi
1424 565 1566 595 videtur.

869 617 1009 647 Rectius
1041 616 1239 647 ciacconius
1268 625 1285 644 e
1316 616 1404 644 Msto
1432 615 1566 645 Yiterb.

868 666 1018 706 reposuit
1035 666 1228 696 abduxerim.
1273 665 1313 695 Id
1344 665 1431 704 qnod
1455 674 1569 696 neces·

869 717 991 747 sarium
1009 717 1177 754 existimo,
1193 721 1226 745 et
1248 716 1433 754 saepissime
1451 715 1569 755 depra—

869 772 995 804 vatum,
1019 767 1141 807 acjam
1161 766 1237 796 olim
1256 766 1450 796 restitutum
1471 767 1509 796 B.
1528 767 1568 798 C.

868 826 925 848 ιιι.
942 820 994 848 22.
1022 818 1149 847 ‘navos
1176 816 1345 846 onerariau
1373 820 1492 847 nactus
1520 817 1568 847 in-

870 867 997 906 cendit,
1021 877 1117 898 nnam
1144 865 1314 897 frumento
1333 872 1488 897 onustam
1511 867 1568 898 ab·

869 918 989 949 duxit.'
1016 919 1144 949 Contra
1162 926 1217 947 111.
1235 920 1287 947 40.
1305 918 1313 933 ‘
1333 917 1496 948 Remulco
1513 927 1570 948 na·

869 978 944 999 vem
962 968 1126 1007 al›duxit,'
1145 968 1227 998 Mss.
1239 968 1388 998 adduxit:
1404 968 1459 998 ubi
1473 967 1568 999 vide:

869 1018 904 1048 id
927 1019 1015 1049 enim
1043 1018 1182 1049 rectius.
1238 1017 1303 1047 Sed
1330 1017 1455 1048 ibidem
1481 1027 1571 1048 naves

870 1077 907 1098 1v
933 1078 972 1098 ex
999 1068 1037 1098 iis
1062 1067 1207 1106 abana-it,
1233 1067 1319 1097 Edd.
1343 1067 1427 1097 bene
1442 1066 1571 1097 habent

870 1123 989 1149 contra
1007 1119 1187 1159 plerosque
1215 1117 1324 1148 Codd.
1364 1117 1452 1147 Vide
1469 1117 1570 1148 etiam

870 1168 912 1197 B.
930 1167 1002 1199 Civ.
1021 1177 1044 1198 1.
1064 1171 1178 1198 15.85.
1209 1176 1248 1198 11.
1263 1170 1295 1197 9.
1320 1166 1392 1197 Afr.
1411 1177 1440 1198 c.
1454 1170 1506 1198 44.

913 1221 953 1248 50
979 1217 1198 1259 Corfiniensem
1216 1217 1429 1256 ignominiam,
1450 1227 1490 1247 an
1508 1218 1573 1248 Ita-

869 1269 1055 1307 lioesugam,
1070 1279 1108 1299 an
1127 1267 1357 1308 Hispaniarum
1375 1267 1575 1307 deditionem,

870 1330 909 1350 an
936 1319 1042 1357 Africi
1071 1319 1141 1349 belli
1167 1317 1350 1358 praejudicia
1372 1318 1535 1357 sequimini
1545 1316 1574 1357 3]

870 1370 1014 1401 Variant
1046 1369 1203 1400 Codices.
1265 1369 1302 1398 ln
1336 1367 1444 1398 Editt.
1477 1368 1573 1399 Rom.

870 1421 956 1451 Ven.
987 1425 1038 1450 est
1069 1419 1287 1461 Corfiniensem
1315 1418 1516 1457 ignominiam
1541 1420 1573 1448 in

872 1470 976 1501 Italia>
992 1470 1090 1510 fuga,
1112 1481 1151 1501 an
1177 1471 1209 1501 in
1238 1469 1466 1509 Hispaniarum
1489 1469 1574 1500 dedi-

870 1522 964 1561 tione,
1001 1531 1041 1552 an
1078 1522 1110 1551 in
1149 1520 1254 1557 Africi
1290 1519 1361 1550 belli
1395 1519 1574 1559 pray'udicio

870 1569 1059 1611 sequimini?
1082 1570 1243 1601 Beroald.
1262 1579 1339 1600 cum
1356 1570 1440 1601 Mss.
1457 1569 1574 1600 Ciacc.

872 1627 907 1654 et
924 1623 1018 1654 Carr.
1037 1623 1176 1654 exhibet
1203 1622 1424 1664 Corfiniensem
1443 1621 1576 1661 ignomi-

872 1673 955 1703 niam
982 1674 1014 1704 in
1040 1673 1145 1704 Italiae
1161 1672 1258 1711 suga,
1285 1682 1325 1703 an
1349 1671 1577 1711 Hispaniarum

872 1723 1056 1754 deditionem
1086 1724 1118 1753 in
1147 1723 1255 1760 Africi
1293 1723 1365 1753 belli
1395 1721 1577 1762 proejudicz'o

872 1771 1057 1812 sequimini?
1101 1774 1169 1804 Ms.
1195 1773 1302 1803 Norv.
1323 1782 1342 1802 a
1359 1772 1496 1811 vulgata
1509 1771 1578 1802 lec-

875 1824 968 1854 tione
985 1833 1050 1854 non
1069 1823 1211 1863 recedit,
1237 1827 1465 1863 praeterquam
1487 1821 1578 1862 quod

874 1874 1018 1914 primam
1064 1874 1265 1914 particulam
1312 1873 1578 1911 interrogantem

875 1923 1032 1961 omittat;
1057 1933 1114 1954 eas
1141 1927 1253 1954 autem
1280 1931 1394 1953 omnes
1418 1920 1579 1952 delendas

876 1973 1009 2005 censuit
1023 1974 1103 2005 Pet.
1121 1973 1336 2011 Ciacconins,
1353 1981 1453 2013 quem
1469 1971 1503 2001 in
1520 1981 1581 2002 sua

876 2025 1026 2056 editione
1057 2029 1195 2055 secutus
1227 2028 1280 2054 est
1317 2023 1388 2055 Jos.
1418 2022 1580 2062 scaliger.

876 2075 966 2106 Sana
981 2078 1036 2106 est
1051 2074 1155 2106 lectio
1171 2074 1320 2114 vulgata.
1359 2073 1467 2102 Varro
1484 2072 1523 2102 L.
1540 2072 1579 2102 L.

876 2125 898 2156 l.
922 2134 1006 2156 vul.
1028 2125 1134 2157 ‘Quae
1162 2124 1251 2156 euim
1278 2128 1329 2154 est
1357 2132 1435 2164 pars
1456 2122 1583 2162 mundi,

879 2185 954 2216 quae
970 2184 1036 2206 non
1053 2173 1314 2205 innumerabiles
1329 2172 1455 2203 habeat
1470 2173 1583 2203 analo-

879 2226 972 2266 gias?
997 2225 1141 2263 Caelum,
1166 2234 1209 2255 an
1232 2233 1337 2264 mare,
1355 2233 1396 2254 au
1419 2228 1523 2262 terra,
1539 2232 1581 2253 an

880 2276 952 2315 aer,
985 2280 1021 2307 et
1051 2280 1191 2314 caetera,
1224 2284 1298 2315 quae
1331 2278 1410 2304 sunt
1440 2273 1472 2303 in
1496 2272 1582 2303 his?

880 2327 1004 2366 Dictys
1028 2325 1204 2358 Cretensis
1229 2333 1270 2356 ιι.
1287 2326 1340 2355 31.
1365 2325 1373 2340 ‘
1389 2322 1585 2353 Pertinacia

880 2376 995 2416 animi,
1011 2386 1052 2407 an
1069 2375 1113 2406 ob
1130 2384 1276 2406 amorem
1294 2373 1463 2413 captivae.'
1495 2372 1584 2403 Vide

881 2431 918 2459 et
955 2428 1030 2460 Jac.
1066 2425 1236 2458 Perizouii
1270 2425 1417 2456 Dissert.
1462 2424 1505 2455 de
1542 2433 1583 2454 eo

880 2478 1046 2518 scriptore
1062 2478 1078 2518 ξ
1095 2480 1148 2509 40.
1172 2476 1280 2507 Daris.
1330 2476 1440 2506 Recte
1466 2473 1584 2504 defen-

881 2527 933 2559 dit
948 2528 1118 2568 vulgatam
1135 2526 1320 2557 lectionem
1336 2524 1508 2556 DavisiuS.
1543 2522 1585 2553 In

882 2578 987 2610 ltaliae
1007 2578 1093 2617 fuga
1121 2582 1233 2608 tamen
1257 2574 1419 2606 scribitur
1442 2573 1473 2603 in
1498 2572 1584 2603 Mss.

881 2628 966 2659 meis
995 2628 1130 2659 cunctis
1161 2631 1198 2657 et
1225 2625 1312 2656 Edd.
1341 2625 1442 2654 Vasc.
1467 2622 1586 2662 Steph.

882 2679 1047 2719 aliisque:
1066 2677 1145 2708 dein
1173 2677 1207 2707 in
1237 2675 1284 2706 H.
1312 2672 1466 2704 deditione
1493 2674 1524 2701 et
1551 2672 1584 2702 in

881 2728 1002 2766 Africoe
1016 2728 1124 2758 bellum
1142 2736 1176 2766 p.
1194 2724 1289 2756 Leid.
1306 2732 1357 2762 pr.
1376 2721 1530 2762 plerique
1545 2731 1585 2752 aa

881 2778 916 2809 in
932 2778 977 2810 H.
992 2777 1146 2809 deditione
1166 2776 1199 2806 in
1215 2773 1269 2805 vel
1284 2782 1323 2803 an
1339 2773 1372 2803 in
1386 2771 1443 2811 Af.
1461 2771 1488 2804 b.
1502 2781 1585 2813 pra:-
