1850 3109
542 199 602 227 nn
639 196 749 226 vim
786 194 917 225 sunu
952 194 1182 226 CAESARIS.
1471 189 1583 230 1809

134 361 206 396 llic
228 359 364 408 ivice'pit
380 363 531 395 octavus
553 358 919 394 Commentariorum
935 357 1033 395 liber
1051 356 1261 407 quemfecit
1283 357 1415 396 Julius
1434 360 1582 399 Celsus:

182 421 291 471 [1150]
311 426 449 471 septem
478 426 602 458 aulem
624 423 774 470 primos
792 426 828 457 et
857 434 971 470 usque
999 420 1052 458 ad
1079 421 1180 462 lumc
1203 422 1477 472 passumsecit
1506 427 1584 475 ipse

183 487 326 529 Faesar,
354 486 520 535 quamvis
547 485 610 522 ltic
638 490 772 522 auctor
799 485 945 535 aliquot
975 486 1015 522 in
1045 484 1136 522 locis
1163 484 1397 524 contradicit
1426 492 1463 525 et
1489 490 1584 526 male

183 552 197 583 1
209 550 359 586 'icerone
379 553 470 586 teste
491 553 525 585 et
548 549 630 598 ipso
654 548 758 586 Celso
782 550 822 585 in
837 548 1007 598 prologo
1028 561 1108 592 ειιο,
1127 549 1193 598 550.

185 677 358 713 VlcroR
396 677 528 713 Caesar
560 688 634 712 uon
671 683 746 712 ram
783 675 865 725 ipse
901 688 969 725 per
1002 676 1165 713 hiemem
1199 677 1435 726 quiescebat,
1469 693 1584 729 quam

129 739 290 776 honesto
324 739 456 776 labore
489 739 610 776 sessus
639 738 823 775 militibus
858 738 1022 788 quietem
1057 739 1197 783 dabat;
1230 752 1424 790 nunquam
1457 742 1586 780 auimo

128 803 297 846 otiosus;
329 815 480 852 semper
499 802 535 839 in
568 801 736 839 futurum
766 801 984 851 providens,
1007 808 1046 839 et
1079 809 1236 839 ventura
1265 806 1465 852 praeteritis
1496 820 1588 843 con-

127 867 262 910 serens,
282 865 542 915 adversusque
571 865 698 902 omnia
719 878 806 914 quae
835 877 926 902 casu
956 865 1086 915 aliquo
1114 867 1264 904 evenire
1285 875 1453 917 possent,
1476 872 1586 919 quasi

128 929 332 978 praesentia
351 929 603 978 consiliojam
624 928 795 972 intuitus,
818 935 859 966 ut
889 928 948 965 vix
979 942 1146 979 unquam
1173 929 1243 967 sibi
1265 930 1586 981 impedimentum

127 991 267 1029 ⁴³aliud
289 992 501 1030 accideret:
533 992 636 1042 quod
668 992 781 1030 etiam
801 993 849 1029 de
879 998 1000 1030 morte
1033 994 1118 1042 ejus
1140 994 1298 1044 quidam
1319 996 1464 1044 opinati
1487 1005 1587 1041 sunt,

128 1055 176 1092 de
196 1068 274 1105 quo
294 1069 362 1093 suo
383 1055 558 1093 dicemus
579 1056 681 1094 loco.
722 1057 768 1094 Et
791 1056 875 1094 liaec
897 1056 1051 1106 quidem
1072 1057 1149 1106 ipse
1170 1058 1312 1097 victor:
1347 1059 1438 1097 victi
1458 1066 1584 1097 autern

130 1118 234 1156 Galli
253 1132 325 1156 nec
345 1119 545 1169 quiescere
566 1126 756 1168 poterant,
796 1127 833 1157 et
853 1120 1072 1170 impositum
1088 1121 1230 1171 jugum
1260 1135 1384 1172 neque
1405 1125 1588 1161 sustinere

130 1182 320 1228 volebant,
341 1196 465 1233 neque
485 1189 667 1221 excutere
689 1183 880 1227 valebant,
902 1183 1174 1221 indomitorum
1190 1191 1317 1222 tamen
1333 1199 1378 1223 ac
1400 1186 1590 1236 fragilium

129 1259 234 1284 more
273 1247 391 1285 boum
424 1254 605 1284 excutere
638 1247 880 1284 nitebantur:
921 1247 1010 1284 hinc
1041 1260 1109 1297 per
1135 1248 1248 1286 urbes
1277 1262 1320 1286 ac
1350 1250 1516 1299 populos
1551 1259 1590 1288 et

128 1310 352 1348 ⁴⁴tractatus
373 1311 464 1348 varii
482 1317 517 1347 et
535 1310 831 1360 conjurationes,
849 1324 1110 1361 novarumque
1130 1325 1256 1349 rerum
1270 1312 1398 1350 studia
1419 1314 1589 1364 undique

128 1375 399 1424 resurgebant;
435 1388 481 1412 ac
500 1375 602 1412 velut
629 1375 892 1425 incipientium
923 1382 1190 1425 tempestatum
1221 1389 1412 1413 murmura
1440 1377 1589 1428 longin-

131 1437 215 1488 quis
242 1451 262 1475 e
294 1438 488 1475 littoribus
519 1439 774 1476 resonabant:
806 1439 942 1476 lioruui
972 1451 1088 1476 causa
1107 1437 1335 1476 4⁵mortuum
1368 1447 1462 1486 erat,
1485 1443 1592 1491 quod

132 1501 238 1539 Galli
259 1501 465 1551 potentiam
497 1502 629 1545 solam,
652 1515 738 1551 quae
771 1502 906 1550 utique
935 1514 1071 1551 magna
1100 1509 1192 1547 erat,
1212 1515 1288 1539 non
1317 1503 1496 1541 virtutem
1524 1514 1593 1543 aut

128 1565 324 1602 fortunam
355 1577 460 1602 suam
497 1566 708 1610 metientes,
738 1565 933 1609 dicebant,
964 1579 1114 1616 proque
1148 1572 1347 1616 comperto
1367 1567 1590 1613 habebant;

131 1629 191 1666 vel
211 1628 242 1666 si
261 1641 348 1666 suas
377 1628 510 1678 copias
531 1628 770 1674 effudissent,
791 1641 866 1665 uon
896 1641 1009 1678 posse
1034 1629 1230 1666 Romanos
1251 1636 1308 1667 tot
1337 1629 1433 1667 locis
1459 1644 1594 1669 occur-

131 1704 212 1729 rere
230 1707 239 1737 ;
270 1692 328 1729 vel
348 1692 377 1729 si
398 1705 460 1729 eas
490 1692 527 1729 in
550 1706 662 1729 unum
684 1692 978 1737 contraxissent,
998 1698 1148 1730 tantum
1178 1692 1289 1730 simul
1317 1700 1493 1730 coactam
1513 1707 1591 1731 sar-

131 1755 257 1792 cinam
278 1755 463 1792 tollerare.
522 1756 638 1798 Quod
661 1755 835 1793 ultimum
856 1755 1055 1805 praecipue
1084 1768 1200 1805 quam
1230 1755 1438 1806 prudenter
1457 1758 1590 1806 opina-

131 1825 273 1862 rentur,
295 1819 429 1868 proelia
450 1819 521 1855 ista
542 1819 750 1856 novissima
777 1818 953 1856 docuisse
982 1819 1209 1856 debuerant.
1266 1819 1342 1856 Sed
1369 1826 1458 1857 suut
1482 1821 1592 1859 inulti

132 1881 198 1932 qui
218 1882 309 1919 nihil
327 1889 550 1919 eventurum
575 1883 743 1932 cogitare
764 1882 985 1927 didicerint,
1005 1883 1073 1919 nisi
1100 1882 1204 1932 quod
1228 1882 1390 1933 cupiunt
1413 1883 1589 1921 evenire:

133 1946 186 1983 sic
206 1945 435 1983 indomitum
457 1945 620 1983 sortunae
641 1953 759 1996 caput
779 1960 849 1984 suo
870 1948 1120 1984 substernunt
1140 1946 1348 1990 desiderio,
1368 1947 1595 1996 saepissime-

134 2022 210 2059 que
230 2009 433 2047 falluntur:
467 2022 513 2046 ex
545 2009 681 2047 eodem
705 2009 811 2047 fonte
848 2016 949 2055 sunt,
971 2010 1036 2060 qui
1057 2023 1123 2047 sna
1155 2009 1253 2046 iuter
1281 2009 1423 2046 multos
1452 2010 1595 2060 agitata

132 2073 294 2110 consilia
313 2085 507 2122 nunquan]
528 2072 566 2109 in
596 2073 762 2110 hostium
789 2073 963 2110 notitiam
985 2080 1162 2117 ventura;
1206 2071 1319 2122 [161]
1347 2078 1385 2109 et
1415 2076 1518 2122 quod
1549 2086 1594 2111 ea

134 2135 279 2185 vulgari
300 2136 446 2180 nolunt,
463 2148 534 2172 nec
555 2135 700 2185 vulgari
717 2136 874 2185 quidem
890 2149 1002 2185 posse
1019 2134 1242 2172 confidunt:
1275 2136 1356 2172 liaec
1371 2136 1408 2172 in
1426 2148 1594 2185 praesens

134 2199 323 2250 Bituriges
343 2199 443 2249 passi
460 2206 559 2235 sunt.
609 2198 812 2248 Siquidem
834 2199 960 2236 Caesar
981 2198 1094 2234 rebus
1115 2198 1220 2247 apud
1241 2197 1387 2236 AEduos
1403 2199 1472 2234 rite
1492 2211 1596 2236 com-

133 2263 278 2313 positis,
299 2263 420 2313 pridie
448 2262 641 2300 Kalendas
669 2261 855 2306 Januarii,
879 2268 1050 2311 tempore
1070 2260 1174 2298 ⁴⁶aut
1200 2274 1290 2298 sane
1317 2261 1527 2299 exercitum
1546 2262 1594 2300 ad

136 2327 207 2364 iter
225 2334 432 2376 oportuno,
455 2326 633 2363 Bibracte
654 2325 889 2376 digreditur:
920 2325 1116 2375 edicitque
1138 2324 1334 2369 militibus,
1362 2332 1402 2362 ut
1423 2324 1596 2363 villarum

135 2389 318 2427 incendiis
345 2390 575 2434 abstineant,
604 2403 651 2427 ne
670 2392 751 2426 ⁴⁷ut
785 2390 995 2427 exercitum
1025 2389 1210 2438 pabulum
1241 2388 1352 2433 desit,
1383 2396 1449 2425 aut
1471 2389 1599 2426 hostes

136 2453 254 2491 territi
274 2453 498 2503 spectaculo
520 2466 600 2490 sese
619 2453 822 2490 43intutum
853 2453 1030 2502 eripiant.
1086 2452 1144 2489 Ita
1163 2452 1302 2502 raptim
1328 2452 1364 2488 in
1387 2452 1596 2503 Biturigum

137 2515 241 2562 fines,
262 2516 362 2554 unde
385 2516 538 2554 hostilia
556 2517 791 2559 nuntiantur,
809 2516 989 2566 erumpit,
1006 2522 1049 2553 ut
1067 2516 1247 2565 praeinissi
1263 2515 1414 2564 equites
1435 2515 1538 2565 prius
1560 2514 1597 2550 in

137 2580 236 2630 agris
252 2580 397 2618 otiosos
414 2592 648 2629 securosque
665 2579 850 2617 ruricolas
865 2579 1213 2629 deprehenderent,
1245 2590 1360 2627 quam
1382 2584 1446 2614 aut
1467 2576 1598 2626 sugere

181 2686 221 2715 43
253 2684 364 2725 Forte,
379 2686 598 2726 ntiquom—44
626 2685 729 2725 Lege,
745 2689 864 2716 tractus
877 2685 1075 2715 varios-45
1105 2684 1208 2724 Lege,
1229 2683 1459 2712 motuum-⁴16
1484 2681 1600 2721 Forte,

139 2736 219 2767 haud
232 2747 305 2767 sane
319 2739 565 2769 exercitum—1?
586 2738 699 2776 Forte,
715 2742 770 2769 aut
785 2738 1036 2769 exercitat—48
1053 2739 1154 2777 Lege,
1169 2737 1201 2767 in
1216 2739 1328 2766 tutum.

228 2800 343 2840 Delplz.
361 2803 389 2831 ct
412 2801 486 2832 Υαι·Δ
505 2801 592 2832 Clas.
899 2801 979 2832 Coes.
1437 2802 1456 2828 5
1478 2798 1511 2829 >Y
