1850 3109
661 229 725 258 AD
762 227 1037 257 Lssc'ronmr.
1473 215 1581 257 1087

131 332 284 374 tarium
305 329 345 369 in
368 337 455 367 vm
479 326 610 366 libros
641 323 803 373 divisit,
834 327 882 364 ut
910 321 1056 363 Julius
1079 319 1244 362 Caesar.
1309 318 1361 360 In
1393 320 1581 363 editione

131 404 272 439 tamen
298 399 438 435 vetere
459 393 577 433 nulla
597 395 663 431 est
694 391 898 431 librorum
933 389 1165 438 distinctio,
1199 400 1329 441 quam
1360 386 1430 427 hic
1462 392 1509 427 ut
1542 389 1584 428 in

131 466 229 505 aliis
260 474 408 503 sumus
442 461 595 501 secuti.
657 458 745 500 Sed
768 457 978 512 quicquid
999 458 1055 497 sit
1074 455 1126 496 de
1146 456 1313 508 scripto
1332 458 1373 495 et
1394 458 1584 505 auctore,

130 533 265 584 liquet
285 529 434 582 utique
456 540 713 582 anonymum
735 539 844 575 esse,
866 538 991 578 quem
1012 522 1201 564 Vossius
1220 521 1246 563 J
1254 522 1387 561 ulium
1410 519 1586 562 Celsum

130 603 272 647 vocat,
316 609 404 650 quo
441 599 619 636 auctore
655 595 821 646 ignoro,
859 593 942 632 nisi
977 592 1098 640 sorte,
1133 603 1233 631 cum
1264 590 1453 642 legisset,
1486 589 1586 630 libri

129 665 277 707 octavi
316 664 572 716 scriptorem
608 662 756 702 haberi
790 660 983 709 Celsum,
1018 663 1062 699 ut
1097 658 1300 707 vidimus,
1330 669 1409 697 nec
1444 660 1586 697 tamen

129 733 242 774 alius
262 735 379 772 esset
399 731 516 771 illius
546 729 645 770 libri
678 732 844 777 auctor,
879 740 1009 780 quam
1043 726 1117 779 qui
1149 726 1204 765 sit
1235 724 1584 778 praecedentium,

131 799 246 854 quod
268 812 393 839 nemo
415 799 540 839 iverit
559 797 749 845 inficias,
780 795 854 848 qui
881 794 952 835 vel
985 793 1219 834 dictionem
1250 792 1321 832 vel
1354 791 1587 832 sententias

130 867 335 908 attentius
375 864 631 913 consideret,
669 863 858 903 animum
893 860 1114 902 induxerit
1147 864 1195 900 ut
1229 859 1421 900 crederet
1456 859 1588 899 totius

127 934 254 988 hujus
276 933 421 987 operis
443 932 710 973 conditorem
727 942 823 971 esse
854 929 883 970 J
889 930 1022 970 ulium
1050 927 1240 969 Celsum.
1303 926 1408 967 Fuit
1439 930 1585 967 autem

132 1014 371 1054 anonymus
391 1001 461 1040 hic
485 999 768 1040 Christianus.
828 997 1001 1038 Laudat
1019 996 1312 1037 testimonium
1334 994 1473 1034 sancti
1494 992 1587 1034 Au-

130 1068 291 1121 gustini
312 1067 363 1108 de
384 1072 519 1108 morte
540 1066 784 1107 voluntaria
805 1064 999 1114 Catonis,
1019 1068 1060 1105 et
1088 1077 1174 1104 non
1206 1075 1302 1103 raro
1336 1062 1514 1102 damnat
1546 1065 1590 1102 et

130 1134 278 1175 irridet
321 1135 554 1185 gentilium,
594 1132 892 1173 Romanorum
929 1133 1168 1185 praecipue,
1208 1131 1251 1170 in
1294 1129 1504 1182 auspiciis
1545 1131 1587 1168 et

132 1202 270 1242 sacris
297 1201 661 1254 superstitionem.
723 1199 860 1240 Nulla
887 1200 931 1238 in
962 1200 1037 1239 illo
1068 1199 1337 1251 antiquitatis
1366 1199 1465 1236 sunt
1492 1208 1588 1235 ves-

131 1269 252 1321 tigia,
313 1268 433 1318 Quin
452 1268 528 1308 vix
562 1266 988 1321 quadringentorum,
1016 1278 1227 1306 summum
1261 1264 1589 1317 quingentorum

133 1348 341 1376 annorum
382 1339 554 1376 aetatem
591 1334 681 1375 fert.
756 1333 888 1382 Nam,
925 1337 970 1374 ut
1009 1333 1202 1373 omittam
1243 1332 1346 1380 alia,
1391 1329 1588 1370 Morinos

132 1403 240 1444 dicit
259 1416 339 1444 suo
359 1407 554 1456 tempore
586 1402 800 1443 Flandros
826 1401 1056 1455 appellari,
1085 1404 1126 1441 ct
1158 1399 1304 1452 Reges
1337 1397 1585 1439 Germaniae

133 1470 345 1512 Caesares.
406 1469 619 1520 Quamvis
647 1483 752 1511 vero
783 1468 894 1510 Julii
922 1468 1038 1510 Celsi
1065 1481 1149 1509 non
1182 1468 1269 1508 sint
1296 1466 1340 1507 hi
1373 1476 1587 1506 commen—

130 1539 247 1588 tarii,
278 1539 314 1579 si
349 1538 424 1579 ulli
444 1551 636 1591 unquam
668 1537 785 1578 Celsi
818 1536 1113 1578 commentarii
1140 1536 1388 1582 extiterunt,
1419 1532 1474 1573 de
1501 1543 1588 1586 quo

131 1605 260 1646 valde
280 1606 446 1655 dubito,
471 1618 522 1646 ac
551 1618 638 1646 non
667 1605 815 1658 potius
849 1604 1019 1658 decepti
1050 1606 1151 1643 sunt
1186 1614 1351 1651 omnes,
1385 1599 1476 1649 alii,
1511 1598 1589 1652 qui

130 1672 448 1713 emendatorem
468 1685 647 1725 operum
665 1671 858 1712 Caesaris
872 1671 900 1712 J
906 1672 1040 1712 ulium
1058 1670 1233 1711 Celsum
1250 1669 1489 1710 habuerunt
1508 1679 1588 1720 pro

131 1739 300 1780 illorum
335 1744 526 1788 auctore,
560 1739 650 1788 alii,
687 1739 761 1793 qui
795 1739 908 1779 hunc
941 1751 1203 1792 anonymum
1238 1735 1516 1777 crediderunt
1546 1737 1588 1774 et

133 1805 310 1848 Celsum
334 1807 468 1856 illum,
502 1806 576 1860 qui
604 1819 724 1860 saepe
755 1806 957 1846 laudatur
990 1819 1015 1846 a
1048 1804 1350 1858 scriptoribus,
1384 1802 1459 1855 qui
1490 1804 1588 1842 ante

129 1877 342 1915 trecentos
373 1886 507 1914 annos
534 1874 750 1922 vixerunt,
779 1886 962 1926 quorum
994 1885 1125 1925 supra
1152 1871 1440 1919 meminimus,
1469 1869 1587 1922 quia,

132 1944 179 1981 ut
199 1941 243 1981 in
262 1940 450 1981 editione
467 1944 640 1981 vetusta
659 1944 807 1980 nostra
826 1940 934 1979 liber
953 1943 1137 1980 octavus
1155 1938 1271 1979 Celsi
1291 1949 1446 1977 nomen
1467 1935 1587 1989 gerit,

132 2008 198 2049 sic
218 2008 399 2049 forsitan
419 2009 462 2048 in
481 2008 701 2048 nonnullis
721 2008 1030 2061 manuscriptis
1055 2006 1282 2048 codicibus
1315 2016 1462 2046 omnes
1489 2002 1588 2044 libri

132 2074 213 2116 hoc
242 2089 396 2116 nomen
415 2079 696 2126 ostentarunt,
727 2075 842 2129 quod
864 2076 944 2116 viri
965 2075 1083 2116 docti
1104 2075 1389 2115 observarunt
1418 2073 1462 2112 in
1490 2070 1588 2111 Cae-

135 2142 245 2182 saris
266 2155 438 2195 quoque
461 2143 778 2184 commentariis
808 2143 1144 2195 manuscriptis;
1177 2146 1276 2182 sunt
1301 2144 1445 2181 tamen
1473 2137 1591 2191 digni

133 2208 176 2249 hi
197 2210 399 2263 anonymi
421 2202 730 2260 commentarii,
763 2212 838 2264 qui
865 2224 923 2251 ex
952 2211 1046 2250 istis
1077 2209 1254 2250 latebris
1286 2208 1331 2248 in
1362 2206 1587 2247 celebrita—

134 2279 222 2316 tem
241 2276 556 2329 protrahantur.
617 2278 690 2318 Sic
720 2279 831 2318 enim
852 2277 1036 2318 satisfiet
1066 2276 1332 2317 eruditorum
1357 2273 1588 2321 desiderio,

136 2344 211 2396 qui
233 2344 335 2384 olim
356 2357 455 2384 eum
475 2344 620 2385 videre
642 2346 846 2398 gestiunt,
878 2347 984 2386 inter
1005 2357 1116 2398 quos
1136 2343 1220 2384 fuit
1239 2342 1322 2383 Vir
1353 2341 1587 2395 probitate,

135 2409 344 2460 doctrina,
364 2415 406 2452 et
427 2425 526 2453 cum
546 2418 795 2466 superesset
813 2413 953 2454 studio
975 2410 1274 2453 benemerendi
1294 2410 1346 2450 de
1367 2408 1589 2462 praeclaris

135 2478 315 2527 artibus,
344 2479 598 2532 illarumque
632 2481 872 2521 cultoribus
906 2481 950 2521 in
979 2480 1132 2533 primis
1167 2478 1324 2518 nobilis
1362 2475 1587 2517 Emericus

137 2543 352 2596 Bigotius,
384 2544 510 2598 cujus
531 2548 763 2599 epistolam
795 2552 894 2588 ante
918 2547 1074 2588 multos
1095 2559 1230 2586 annos
1261 2544 1318 2585 ad
1350 2543 1586 2584 Nicolaum

139 2609 368 2651 Heinsium
389 2612 534 2654 datam
556 2614 655 2665 legi,
686 2615 730 2654 in
757 2627 843 2667 qua
874 2615 1050 2667 petebat
1079 2613 1283 2667 quaedam
1310 2611 1393 2651 sibi
1419 2623 1475 2650 ex
1504 2609 1587 2648 hoc

137 2689 348 2731 anonymo
378 2679 581 2728 describi,
615 2682 878 2735 optabatque
911 2686 1050 2723 totum
1084 2686 1160 2721 aut
1194 2681 1349 2726 solum,
1380 2680 1453 2717 aut
1487 2689 1587 2716 cum

135 2740 164 2781 J
169 2742 254 2782 ulio
272 2742 462 2794 Caesarc,
478 2746 517 2785 si
537 2748 712 2799 quando
733 2749 851 2801 typis
871 2749 1027 2790 itemm
1047 2747 1337 2794 mandaretur,
1355 2743 1585 2798 publicari,
