1850 3109
559 218 620 247 un
655 216 768 246 νιΤΑ
799 216 931 245 sumi
967 215 1198 246 CAESAms.
1486 209 1596 250 1691

150 314 233 363 ejus
253 312 375 363 pretio
407 310 610 361 persolutis
642 308 809 347 libertati
843 308 1015 347 redditus
1048 308 1201 353 suisset;
1233 310 1353 348 classe
1383 311 1483 349 illico
1504 327 1596 352 con-

149 377 286 425 quisita
306 375 390 411 illos
411 374 538 423 attigit
555 373 900 423 apprehenditque.
960 373 1001 409 ln
1024 373 1166 423 quibus
1192 374 1275 422 jam
1305 380 1384 410 tum
1407 383 1597 416 secuturae

147 439 324 476 ⁵levitatis
342 452 386 475 ac
408 437 621 474 clementiae
643 444 796 485 gustum
819 436 938 473 dedit.
998 436 1094 473 Nam
1117 450 1205 473 cum
1225 445 1261 473 et
1283 444 1411 474 sontes
1433 439 1598 487 plectere

146 503 457 551 etjurauientum
480 514 632 538 servare
653 500 771 538 lixum
791 509 913 544 essen
937 500 1092 537 modum
1110 502 1342 551 excogitavit
1359 515 1437 551 quo
1454 509 1599 541 utrum·

147 579 223 616 que
254 565 392 602 leviore
423 566 610 615 supplicio
632 565 903 614 compleretur.
960 566 1095 614 Itaque
1119 564 1289 612 jugulari
1318 566 1403 603 illos
1423 566 1598 616 primurn,

148 636 236 678 post
255 629 445 666 exanimes
464 629 644 666 crucibus
659 629 777 677 jussit
798 628 918 678 affigi;
951 641 1020 665 nec
1042 641 1110 677 per
1126 629 1243 666 otium
1271 635 1396 667 tamen
1423 630 1600 680 publicas

146 706 206 730 res
226 692 402 741 neglexit.
463 692 688 730 Mithridate
708 693 807 730 enim
829 694 957 730 Asiam
979 692 1181 729 infestante
1202 694 1460 731 continentem
1481 700 1602 731 trans-

146 768 306 804 gressus,
328 757 568 806 congregatis
589 757 752 801 auxiliis,
781 756 894 793 etiam
917 755 1143 806 praefectum
1165 756 1262 806 regis
1283 757 1374 794 Asia
1394 756 1544 806 pepulit
1562 762 1602 794 et

146 819 383 866 provinciam
403 819 653 857 conservavit.

201 882 273 920 His
293 883 392 920 actis
415 884 573 920 Romam
595 882 721 927 rediit,
744 883 966 932 primusque
986 882 1039 919 illi
1061 882 1184 920 honos
1203 881 1276 920 fuit
1295 881 1514 919 tribunatus
1534 882 1603 920 mi-

147 941 270 991 litum,
303 948 340 984 in
372 960 451 996 quo
471 947 626 997 quidem
649 947 888 984 imminutam
917 961 937 984 a
962 946 1067 984 Sulla
1095 947 1335 985 tribunitiam
1369 951 1601 996 potestatem

148 1009 344 1047 restituere
365 1024 514 1047 summo
534 1010 663 1047 studio
683 1011 786 1048 nisus
807 1016 877 1047 est.
937 1010 1030 1048 Inde
1051 1018 1222 1060 quaestor
1249 1011 1467 1049 ulteriorem
1496 1009 1604 1047 sorti-

149 1080 209 1110 tus
238 1074 478 1123 Hispaniam,
501 1074 605 1124 apud
639 1074 774 1111 Gades
809 1074 845 1110 in
876 1074 1020 1123 templo
1055 1075 1236 1112 Herculis
1268 1074 1366 1111 forte
1393 1072 1602 1110 Alexandri

147 1137 375 1174 Macedonis
395 1138 679 1187 contemplatus
700 1138 916 1187 imaginem,
933 1138 1180 1175 vehementer
1195 1137 1370 1182 indoluit,
1387 1137 1490 1187 quod
1512 1150 1602 1174 cum

148 1205 263 1237 aetate
283 1200 356 1246 illa,
379 1214 494 1251 quam
524 1202 604 1251 ipse
632 1208 723 1238 tnnc
745 1208 886 1250 ageret,
909 1201 1128 1238 Alexander
1157 1202 1192 1237 in
1220 1201 1315 1238 fines
1336 1207 1444 1238 terra„-
1463 1200 1602 1237 famam

148 1263 207 1301 sui
239 1264 399 1301 nominis
426 1265 674 1309 extendisset,
705 1277 727 1301 a
765 1277 803 1301 se
834 1264 927 1300 nihil
959 1263 1088 1301 adhuc
1123 1263 1280 1313 dignum
1309 1264 1427 1314 gloria
1456 1270 1603 1313 gestum

145 1332 264 1364 esset:
295 1328 512 1366 missionem
543 1328 659 1378 igitur
692 1341 713 1364 a
742 1335 876 1365 senatu
909 1327 1029 1377 petiit,
1051 1327 1211 1377 cupiens
1243 1340 1326 1364 esse
1356 1326 1422 1364 ubi
1455 1325 1606 1374 majoris

149 1388 260 1426 famae
282 1391 480 1428 materiam
500 1392 698 1428 inveniret.
748 1390 833 1442 [10]
855 1392 1021 1428 Romam
1043 1404 1217 1428 reversus
1232 1390 1338 1428 foedo
1355 1390 1456 1427 illico
1475 1389 1606 1427 turba-

150 1459 209 1491 tus
227 1460 285 1491 est
317 1455 480 1500 somnio,
508 1455 608 1492 visus
641 1455 713 1492 sibi
742 1454 934 1491 dormiens
963 1467 1048 1491 cum
1081 1462 1201 1491 matre
1229 1452 1482 1493 ⁶c0ncubere.
1539 1453 1606 1490 Est

148 1518 232 1556 haec
253 1519 408 1568 quidem
442 1532 515 1557 una
536 1519 770 1557 miseriarum
804 1519 1072 1556 humanarum:
1103 1525 1145 1556 ut
1177 1517 1351 1568 quamvis
1383 1529 1511 1555 verum
1544 1516 1604 1561 sit,

149 1581 254 1631 quod
275 1583 328 1620 ait
356 1584 506 1629 Cicero,
528 1584 711 1634 quodque
742 1583 791 1621 de
821 1583 991 1621 Homero
1011 1583 1164 1628 scribit3
1197 1583 1297 1632 ⁷ejus
1318 1582 1543 1632 plerumque
1561 1592 1607 1618 ea

150 1644 276 1683 videre
296 1646 530 1685 dormientes
549 1648 597 1685 de
618 1648 759 1698 quibus
780 1647 989 1697 saepissime
1005 1647 1205 1697 vigilantes
1221 1647 1296 1684 sint
1315 1646 1416 1683 soliti
1434 1645 1605 1694 cogitare

149 1715 186 1746 et
205 1708 330 1759 loqui:
364 1717 442 1748 tum
463 1711 555 1748 illud
578 1725 734 1761 quoque
756 1712 990 1749 verissimum
1011 1718 1078 1756 est,
1099 1712 1222 1748 solere
1243 1724 1282 1748 se
1303 1709 1423 1760 quieti
1444 1706 1607 1746 ⁸homini

150 1772 317 1822 ingerere
334 1775 493 1812 visiones
512 1775 634 1813 foedas
654 1789 699 1813 ac
721 1776 890 1813 turbidas
910 1782 949 1813 et
963 1788 984 1812 a
1001 1775 1213 1812 somniante
1233 1774 1359 1811 anima
1374 1772 1606 1823 peregrinas,

152 1842 191 1873 nt
212 1837 317 1887 quod
340 1851 536 1889 nunquam
560 1840 759 1890 vigilantes
775 1840 1001 1889 cogitarent,
1020 1846 1059 1877 et
1088 1839 1191 1889 quod
1214 1838 1342 1889 potius
1364 1850 1477 1887 quam
1501 1835 1606 1873 face-

150 1907 234 1938 rent
260 1903 354 1939 mori
376 1910 567 1952 optarent,
589 1903 780 1954 consopiti
801 1903 947 1940 ⁹facere
965 1903 1177 1947 videantur,
1199 1902 1341 1951 rejecta
1367 1901 1415 1937 ad
1448 1899 1607 1949 conjec-

150 1965 268 2002 tiones
287 1966 442 2004 visione.
499 1967 574 2013 Illi,
597 1974 638 2005 ut
659 1981 823 2018 quorum
845 1968 994 2004 vafrum
1015 1967 1210 2016 fallaxque
1225 1972 1284 2003 est
1301 1963 1519 2008 artificium,
1540 1975 1606 2000 ex-

144 2028 291 2068 timatis
319 2030 438 2068 eredo
467 2031 535 2068 viri
565 2032 736 2069 moribus
765 2045 810 2070 ac
830 2039 978 2077 natura,
999 2037 1257 2069 consentanea
1276 2027 1605 2078 interpretatione,

151 2093 352 2142 magnalia,
382 2102 642 2146 terrarumque
662 2096 766 2133 orbis
796 2095 997 2145 imperium
1018 2093 1226 2144 significari
1247 2092 1394 2130 somnio
1410 2091 1606 2134 dixerunt,

153 2156 257 2205 quod
279 2170 323 2194 ea
342 2158 490 2196 scilicet
510 2173 623 2209 quam
645 2160 716 2197 sibi
736 2160 929 2197 subditam
952 2159 1163 2203 habuisset,
1182 2158 1234 2194 nil
1252 2163 1351 2194 esset
1369 2154 1471 2193 aliud
1488 2166 1606 2204 qnam

152 2225 251 2256 terra
279 2233 414 2269 parens
447 2223 617 2271 publica,
647 2224 714 2268 sie,
736 2230 776 2260 ut
797 2224 1013 2273 perhibent,
1043 2222 1092 2259 ad
1112 2221 1384 2270 amplissimam
1414 2231 1517 2268 spem
1550 2218 1608 2254 iu-

152 2283 380 2322 citaverunt.
437 2285 554 2329 Quod
588 2300 659 2336 ego
693 2289 819 2336 potius
849 2300 973 2332 narro,
996 2300 1114 2336 quum
1144 2286 1199 2322 sic
1233 2285 1282 2322 ab
1308 2283 1389 2321 aliis
1418 2283 1605 2332 scriptum

153 2348 244 2393 scio,
265 2361 378 2397 quam
401 2351 504 2399 quod
533 2363 660 2387 verum
681 2350 847 2398 credam,
878 2351 999 2388 virum
1029 2350 1124 2388 tanti
1144 2349 1273 2394 animi,
1295 2354 1488 2396 tantaeque
1519 2357 1608 2395 pru-

155 2410 309 2456 dentiae,
328 2413 375 2450 ad
398 2413 620 2451 immensam
652 2427 760 2464 spem
782 2415 931 2451 somnio
952 2413 1065 2459 inani,
1085 2419 1125 2450 et
1155 2419 1347 2449 nocturno
1366 2410 1605 2453 fantasmate,

153 2482 221 2513 aut
241 2477 398 2514 omniuo
418 2477 691 2515 circulatorum
725 2478 1026 2516 ¹0fataciunculis
1060 2477 1282 2519 incitatu1n;
1312 2474 1360 2512 ad
1390 2486 1508 2523 quam
1539 2473 1608 2510 im-

153 2539 333 2590 plendam
355 2548 501 2590 quanto
522 2542 686 2592 ingenio,
708 2543 860 2593 quantis
880 2542 1026 2579 bellicis
1047 2541 1202 2585 artibus,
1224 2538 1375 2589 quantis
1393 2536 1605 2581 laboribus,

197 2650 214 2677 5
233 2647 336 2687 Lege,
347 2648 560 2679 lenitatis.—-6
574 2649 678 2690 Lege,
691 2650 960 2681 concumbere.—-7
976 2650 1089 2690 Forte,
1099 2648 1308 2679 homines—8
1320 2646 1431 2684 Forte,
1442 2643 1605 2673 hominum.

155 2701 218 2729 -9
235 2700 326 2740 Lege
342 2705 376 2731 et
391 2701 572 2742 distingue,
581 2702 691 2740 facere
704 2704 879 2735 videantur.
916 2704 1045 2743 qu'ccta
1061 2704 1100 2733 ad
1115 2702 1299 2740 conjectores
1310 2698 1435 2737 visione,
1445 2696 1503 2735 illi,
1517 2698 1607 2727 ut.-

157 2756 196 2783 10
220 2753 334 2793 Forte,
355 2754 549 2787 vaticiniotis.
