1850 3109
354 192 447 221 tia
480 177 883 219 n1.CAP.84.nn
917 187 1277 220 Βκιιοιηνιιι

107 284 271 326 Pompeio
286 294 352 315 non
368 283 614 325 prestitissent.
640 282 746 312 Clark.

152 338 192 365 16
214 336 264 366 De
274 334 489 375 persequendis
507 332 640 362 iniiziicie
655 331 804 372 agebant]

108 384 173 415 Ms.
193 384 327 415 Norvic.
345 389 378 413 et
402 383 498 413 editt.
517 382 615 412 Rom.
634 383 720 412 Ven.
739 382 802 412 Bc-

106 434 211 466 roald.
227 435 310 465 miro
326 443 487 464 consensu
504 438 749 473 repraesentant
766 434 803 462 (Ie

102 483 316 524 persequendis
339 483 522 514 inimicitiis
547 483 704 522 agelumt,·
740 492 801 513 nec

107 534 287 575 quidquam
311 538 363 564 est
387 543 509 571 caium,
531 543 591 563 cur
607 533 678 563 have
700 533 801 563 lectio

104 583 300 623 rejiciatur:
325 583 513 614 abstractum
537 583 624 613 enim
651 593 711 623 pro
735 593 801 613 con-

104 636 197 672 creto,
222 639 259 663 ut
291 634 471 674 loquuntur
496 633 708 670 Scliolastici,
738 633 802 663 ele-

103 688 223 723 ganter
239 689 431 723 usurpatur.
458 683 614 715 Justinns
638 691 746 713 xxxi.
771 686 802 714 6.

104 735 114 749 ‘
130 733 254 764 Omnia
270 733 373 773 igitur
389 734 489 764 variis
511 737 719 764 assentantum
747 743 802 774 ge-

102 783 239 814 neribus
276 784 606 824 corruiupebantur.’
662 785 718 814 Sic
761 794 802 814 ex

103 833 253 864 l’elerini
278 833 405 865 Codice
437 834 545 865 edidit
574 835 607 866 J.
633 835 677 866 G.
706 835 801 866 Grae-

102 882 188 922 vius,
224 883 390 923 probante
429 884 638 924 Bougarsio3
677 889 714 915 ut
745 885 801 915 alii

101 932 187 963 Msti
214 935 465 971 assentationum,
491 934 657 974 quomodo
688 935 802 975 legen-

101 982 180 1014 dum
194 984 352 1015 arbitror.
376 985 500 1025 Dictys
513 986 686 1016 Cretensis
698 995 737 1016 ιι.
748 989 801 1016 42.

102 1035 111 1049 ⁴
131 1033 226 1064 Graii
252 1033 484 1075 infrequentes
510 1035 738 1075 incuriosique
760 1036 801 1066 ab

102 1084 204 1114 armis
235 1084 385 1120 turbati:
413 1084 474 1114 hoc
503 1090 566 1123 est,
597 1084 639 1114 ab
665 1087 801 1116 armatis

99 1133 271 1164 militibus.
327 1133 407 1163 Alia
436 1134 594 1173 exempla
624 1135 687 1164 buc
722 1144 801 1165 con-

99 1181 191 1214 ferre
216 1183 302 1214 nihil
329 1184 467 1221 attinet,
484 1192 559 1213 cuni
583 1192 696 1213 eorum
721 1183 802 1214 affa-

99 1233 161 1265 tim
177 1232 443 1274 suppeditabunt
467 1238 537 1264 not.
558 1233 601 1263 ad
617 1234 657 1264 B.
672 1234 716 1264 G.
734 1243 801 1265 vu.

100 1286 152 1314 78.
184 1292 265 1314 vtu.
294 1287 345 1314 19.
371 1283 482 1314 Ducis.
520 1283 721 1315 Inimicitii's:
752 1285 801 1316 ita

100 1332 227 1373 optime
245 1333 395 1364 restituit
410 1333 569 1364 Davisius
592 1344 636 1364 ex
651 1334 718 1364 Ms.
734 1335 800 1365 Eli—

100 1383 170 1414 ensi
187 1389 222 1415 et
245 1384 350 1416 Editt.
370 1384 553 1416 veteribus.
591 1385 800 1416 Quibuscum

100 1435 271 1466 consentit
291 1435 353 1466 Ms.
371 1435 508 1475 Regius.
546 1435 672 1475 Vulgg.
697 1436 800 1466 inimi-

101 1484 153 1515 cis.
179 1485 286 1516 Clark.
321 1486 375 1516 Ex
393 1485 476 1516 meis
492 1485 659 1517 accedunt
675 1486 799 1528 Scalig.

99 1539 135 1565 et
164 1535 260 1566 Leid.
291 1545 360 1567 sec.
422 1536 520 1568 Quod
551 1542 684 1568 secutus
715 1548 800 1568 sum.

99 1583 266 1625 Exempla
289 1585 398 1616 ubivis
413 1592 491 1616 sunt
506 1586 616 1627 obvia,
632 1593 667 1618 et
686 1589 800 1628 saepis-

101 1633 183 1665 sime
213 1636 249 1666 in
278 1635 328 1665 his
353 1637 603 1668 commentariis
631 1638 667 1668 id
694 1639 799 1669 moni-

102 1689 185 1717 tum.

143 1743 297 1766 Lxxxiv.
323 1740 339 1767 1
379 1737 427 1767 Re
445 1735 658 1774 frumentaria
680 1749 800 1779 praepa-

100 1784 186 1824 iata]
207 1785 239 1815 A
264 1795 301 1816 re
330 1796 410 1817 sane
436 1787 655 1819 frumentaria
675 1789 801 1820 medio-

99 1834 206 1865 criter
220 1835 406 1867 instructus
432 1843 506 1868 erat
538 1839 662 1877 Caesar,
690 1839 717 1869 si
745 1848 800 1869 xe-

99 1893 173 1916 rum
189 1890 253 1924 est,
271 1886 360 1927 quod
377 1887 482 1918 tradit
504 1888 679 1928 Appianus
699 1889 739 1919 B.
757 1890 800 1921 G.

99 1942 140 1967 11.
162 1945 196 1975 p.
212 1938 286 1967 466.
303 1936 447 1978 ideoque
474 1938 659 1978 Pompeius
685 1939 802 1979 τρίβειν

99 1985 156 2017 τὸν
167 1986 305 2026 πόλεμον
320 1989 457 2029 ἐγνώκει,
471 1989 522 2020 καὶ
545 1991 575 2021 ἐς
591 1991 682 2029 λιμὸν
697 1992 731 2022 ἐκ
753 1997 800 2022 λι-

98 2038 157 2075 μοῦ
170 2037 243 2069 τοὺς
263 2039 427 2077 πολεμίους
446 2040 628 2081 περιφέρειν.
660 2042 754 2082 Lego
771 2042 801 2073 ἐς

100 2086 210 2126 λοιμὸν
223 2089 256 2119 ἐκ
268 2090 370 2129 λιμοῦ,
386 2091 419 2121 in
434 2092 640 2131 pestilentium
653 2091 800 2131 exsarire,

102 2137 193 2177 quod
220 2139 358 2168 solenne
384 2145 445 2170 est.
492 2141 649 2172 Justinus
675 2150 714 2172 11.
748 2145 798 2172 13.

100 2187 316 2219 ‘Multorum
355 2189 478 2220 deinde
522 2191 654 2221 dierum
687 2192 801 2232 inopia

101 2242 318 2269 contraxerat
335 2244 367 2270 et
396 2239 550 2279 pestem.'
588 2241 638 2270 (ΣΙ.
654 2241 800 2272 Mamer-

101 2289 191 2319 tinus
217 2289 303 2320 Pau.
332 2299 357 2321 1.
383 2294 414 2320 5.
442 2293 474 2320 2.
502 2291 512 2307 ⁴
531 2290 587 2320 Ire
610 2300 726 2331 passus
750 2297 802 2322 est

98 2339 134 2370 in
150 2339 350 2380 profundam
367 2339 502 2379 famem,
528 2345 563 2371 et
589 2350 630 2371 ex
655 2339 743 2371 fame
765 2342 799 2372 in

100 2390 350 2431 pestilentiam?
377 2392 466 2422 Vide
483 2398 517 2422 et
534 2392 670 2423 Florum
687 2401 743 2422 111.
767 2397 797 2423 5.

103 2443 153 2471 17.
177 2441 287 2472 Dat-is.
315 2443 507 2483 Praepurutu.
532 2442 664 2473 Dubito
681 2452 723 2473 an
740 2443 799 2473 ali-

102 2490 135 2522 bi
156 2492 204 2523 sic
220 2493 376 2533 loquatur
392 2498 517 2524 auctor.
555 2494 649 2523 solet
674 2493 798 2533 saepius

102 2546 196 2572 certe
215 2544 339 2582 provisa
355 2543 528 2583 adhibere,
544 2544 595 2574 vel
611 2547 798 2584 comparata,

102 2591 152 2621 uti
179 2597 232 2624 est
261 2594 322 2623 boc
353 2595 452 2624 etiam
482 2595 558 2625 loco
584 2595 616 2624 in
640 2594 800 2625 Leidensi

103 2640 221 2680 primo.
250 2643 338 2674 Vide
365 2644 407 2674 ad
432 2645 473 2675 B.
491 2643 534 2675 G.
558 2653 598 2674 11.
622 2646 654 2675 2.
687 2644 798 2686 quue

105 2691 358 2723 convenientius
375 2693 521 2726 videtur.

147 2741 167 2771 ³
191 2739 292 2775 Quum
319 2742 409 2784 satis,
434 2743 504 2785 aym]
527 2743 586 2776 Sic
613 2753 657 2776 ex
682 2744 799 2777 Ursini

1441 180 1554 223 1513

855 281 939 312 cod.
971 281 1078 312 edidit
1107 282 1279 323 Scaliger:
1321 292 1423 323 quum
1453 290 1556 317 antea

855 331 1074 362 exhiberetur
1102 335 1190 373 quod.
1248 333 1316 364 Sed
1348 343 1462 365 omnes
1489 337 1554 366 mei

856 381 963 412 Codd.
987 381 1111 412 habent
1128 393 1195 423 quo.
1237 383 1342 414 Recte
1370 393 1417 414 sc.
1444 385 1554 424 spatio

854 433 1025 472 temporis.
1065 433 1208 463 Militum
1231 434 1365 464 animum
1381 433 1490 465 haltere
1511 443 1554 465 ex

854 482 971 514 eodem
997 483 1080 514 Cod.
1105 483 1257 514 restituit
1280 484 1451 523 Scaliger:
1478 493 1555 514 nam

852 533 884 563 in
902 532 1071 573 plerisque
1088 532 1173 563 Edd.
1191 533 1312 564 deerat
1332 534 1466 564 militum
1488 534 1555 565 uni-

852 591 944 619 mum,
968 582 1017 612 uti
1045 588 1079 613 et
1107 583 1139 612 in
1170 584 1337 613 nonnullis
1361 584 1555 616 Codicibns.

854 632 919 662 Sed
931 632 1002 672 jam
1021 638 1115 663 recte
1133 633 1318 674 Glandorp.
1347 635 1426 664 item
1452 635 1553 666 Vasc.

853 682 1044 722 Stephanus
1061 683 1182 723 aliique
1207 684 1360 723 legerunt
1375 683 1485 714 [iubere
1500 685 1555 715 mi-

851 732 941 762 litum
958 733 1112 763 animum.-
1135 738 1237 773 atque
1263 743 1301 764 eo
1319 734 1435 764 ordine
1451 740 1504 766 est
1520 735 1554 765 in

852 782 934 813 Mss.
951 783 1055 813 meis:
1081 783 1142 813 nisi
1161 783 1251 824 quod
1263 785 1400 814 animum
1417 784 1505 816 desit
1520 785 1555 816 in

851 831 973 863 tribus.
998 833 1202 874 Perspicuum
1217 833 1329 864 habere
1344 840 1395 865 est
1411 834 1444 865 in
1459 834 1554 867 Leid.

852 891 920 914 sec.

896 936 935 965 14
970 935 1094 976 Armis]
1130 936 1362 967 Vehementer
1388 936 1461 968 baec
1487 946 1554 968 vox

851 989 1009 1024 suspecta
1024 990 1087 1024 est,
1100 990 1135 1016 et
1150 986 1308 1017 vitiosam
1323 986 1482 1026 arbitror,
1499 987 1553 1017 vel

851 1033 1058 1073 adjectivum
1072 1035 1250 1074 excidisse,
1273 1045 1337 1076 quo
1355 1036 1525 1075 pertineat
1544 1047 1553 1074 ;

851 1092 914 1113 nec
932 1083 1020 1113 enim
1038 1084 1150 1124 placet
1165 1089 1300 1115 armatos
1317 1085 1457 1116 rescribi
1476 1095 1554 1117 cum

852 1133 1003 1163 Freinsh.
1021 1134 1062 1163 ad
1085 1135 1181 1165 Curt.
1199 1144 1263 1166 vii.
1280 1139 1332 1166 32.
1363 1137 1417 1166 De
1431 1137 1494 1167 hoc
1509 1137 1556 1167 in-

851 1184 972 1214 stituto
990 1184 1064 1215 vide
1081 1184 1125 1215 ad
1141 1194 1221 1215 vlu.
1240 1189 1288 1216 13.
1305 1192 1340 1217 et
1353 1195 1377 1217 1.
1395 1189 1448 1218 48.

895 1236 935 1264 lo
965 1233 1099 1273 Equites
1124 1235 1196 1266 mile
1218 1236 1368 1266 sustinere
1393 1237 1557 1278 auderent]

852 1283 934 1314 Mss.
960 1284 1082 1314 Petav.
1113 1284 1242 1315 Lovan.
1278 1285 1372 1316 Leid.
1403 1295 1456 1326 pr.
1488 1295 1555 1318 sec.

851 1333 965 1364 Palat.
983 1334 1140 1374 praebent
1160 1335 1306 1374 equitum.
1354 1335 1454 1367 Quod
1477 1334 1556 1366 doc-

851 1384 918 1414 u'us
935 1384 1081 1423 videtur,
1099 1394 1197 1426 quam
1215 1391 1251 1415 nt
1270 1395 1289 1414 a
1311 1384 1457 1416 librariis
1481 1395 1556 1426 pro-

849 1433 959 1466 ficisci
979 1437 1143 1475 potuerit.
1180 1437 1298 1476 Nepos
1320 1435 1354 1465 in
1372 1436 1455 1466 Dat.
1473 1445 1505 1466 c.
1522 1439 1553 1467 8.

851 1486 860 1501 ‘
880 1484 958 1515 Non
976 1485 1120 1525 amplius
1135 1486 1307 1516 hominum
1322 1486 1398 1515 mile
1415 1485 1557 1517 cecidis—

850 1535 959 1573 sent3’
985 1536 1042 1566 ubi
1068 1536 1100 1566 in
1127 1536 1240 1567 multis
1266 1536 1351 1566 Mss.
1373 1529 1485 1566 tamen
1501 1540 1555 1567 est

849 1587 1018 1618 cecidisset.
1066 1588 1115 1618 Ut
1145 1588 1186 1619 ad
1213 1588 1345 1628 amplius
1371 1587 1556 1620 referatur.

852 1637 927 1667 Liv.
953 1646 1063 1668 xxul.
1079 1640 1132 1668 44.
1157 1638 1166 1655 ‘
1184 1638 1269 1669 Mile
1295 1637 1368 1669 fere
1393 1647 1554 1679 passuum

851 1687 970 1718 erant.'
1017 1687 1154 1727 Apulei.
1188 1688 1275 1718 Met.
1307 1688 1330 1718 l.
1367 1697 1408 1719 11.
1438 1688 1556 1720 ‘mille

851 1746 1021 1767 nummum
1059 1737 1304 1777 deponentur!
1343 1744 1381 1768 ut
1420 1738 1507 1768 bene
1536 1747 1555 1768 e

852 1788 937 1818 Mss.
969 1788 1077 1818 edidit
1102 1788 1303 1819 Scriverius.
1352 1788 1452 1819 Adde
1472 1789 1558 1820 Gro-

851 1847 926 1868 nov.
943 1838 985 1868 de
1003 1848 1077 1878 pec.
1092 1839 1170 1869 Yet.
1183 1848 1216 1878 p.
1230 1841 1284 1870 77.
1308 1840 1411 1870 Plura
1424 1848 1555 1871 eorum-

851 1897 916 1928 que
933 1888 1094 1919 rationem
1112 1888 1188 1919 vide
1213 1889 1303 1929 apud
1327 1889 1379 1920 Cl.
1396 1889 1556 1921 Perizon.

851 1937 893 1967 ad
909 1938 1024 1968 Sanct.
1040 1938 1123 1968 Min.
1142 1946 1191 1968 n'.
1209 1940 1241 1969 4.
1259 1948 1291 1978 p.
1308 1941 1385 1978 611,
1402 1941 1466 1971 oce.

893 1990 934 2018 20
956 1987 1059 2027 Atque
1082 1997 1173 2018 unum
1197 1988 1407 2027 Allobrogem]
1432 1989 1556 2020 Petav-

1379 2039 1464 2070 Mss.
1491 2039 1556 2070 Pe-

851 2094 919 2119 tav.
936 2094 972 2120 et
990 2090 1131 2120 Norvic.
1148 2089 1310 2120 exhibent
1328 2091 1446 2129 AEgum
1469 2091 1555 2122 Allo-

850 2139 975 2179 brogem
1005 2151 1045 2171 ea:
1073 2141 1211 2177 duobus;
1247 2152 1286 2172 ac
1318 2143 1380 2172 hoc
1418 2142 1555 2183 quidem

850 2191 984 2221 nomine
1012 2192 1193 2231 insignitus
1223 2197 1297 2222 erat
1329 2191 1555 2233 Allobrogum

851 2249 946 2278 tinuit,
964 2241 1020 2280 qui
1044 2241 1086 2271 ad
1115 2241 1315 2280 Pompeium
1345 2242 1554 2282 perfugerat.

850 2289 919 2320 Adi
933 2291 1074 2330 hujusce
1092 2291 1167 2321 libri
1181 2302 1210 2322 c.
1226 2294 1278 2322 79.
1303 2292 1358 2322 Ita
1381 2293 1486 2332 igitur
1501 2302 1554 2324 re-

851 2341 1044 2380 ponendum
1059 2341 1224 2380 arbium-3
1242 2352 1308 2372 non
1323 2343 1410 2373 euim
1426 2349 1555 2375 temere

849 2390 901 2430 fit,
931 2396 970 2422 ut
1006 2391 1154 2422 Librarii
1186 2393 1321 2422 nomina
1355 2394 1495 2432 propria
1518 2394 1555 2426 in

851 2446 1048 2472 contextum
1079 2442 1300 2479 intruserint3
1333 2452 1412 2483 quin
1440 2443 1553 2483 potius

850 2501 901 2530 ea,
928 2498 1047 2533 utpote
1075 2493 1213 2532 rariora,
1230 2500 1455 2533 corruperunt
1481 2503 1553 2525 mu·

850 2548 1044 2584 taruntque.
1090 2544 1216 2574 Vocem
1241 2544 1436 2583 partitivam
1459 2553 1553 2574 unum

850 2593 1021 2624 subaudiri
1040 2603 1137 2633 posse
1150 2593 1289 2624 docebit
1306 2594 1349 2624 G.
1366 2594 1397 2625 J.
1414 2593 1551 2624 Vossius

851 2643 893 2674 de
919 2645 1112 2675 construet.
1147 2653 1175 2674 c.
1205 2646 1256 2674 10.
1287 2653 1321 2682 p.
1349 2646 1401 2673 41.
1439 2642 1552 2673 Daris.

849 2693 949 2725 Adde
972 2704 1048 2734 quae
1075 2693 1191 2724 notavi
1219 2694 1261 2723 ad
1288 2692 1441 2723 Frontin.
1463 2701 1502 2723 11.
1518 2695 1552 2724 9.

848 2744 865 2785 ς
881 2747 913 2776 5.
929 2745 938 2761 ‘
956 2743 998 2775 In
1009 2742 1170 2775 Adduum
1187 2751 1228 2773 ex
1243 2741 1446 2782 Megistanis
1458 2741 1479 2774 :'
1492 2742 1550 2774 ubi

852 2039 955 2077 ngn
971 2039 1174 2078 Allobrogem.
1206 2038 1338 2068 Vossius.
