<?xml version="1.0" encoding="UTF-8"?>
<!DOCTYPE html PUBLIC "-//W3C//DTD XHTML 1.0 Transitional//EN"
    "http://www.w3.org/TR/xhtml1/DTD/xhtml1-transitional.dtd">
<html xmlns="http://www.w3.org/1999/xhtml" xml:lang="en" lang="en">
 <head>
  <title>
</title>
<meta http-equiv="Content-Type" content="text/html;charset=utf-8" />
  <meta name='ocr-system' content='tesseract 3.04.00' />
  <meta name='ocr-capabilities' content='ocr_page ocr_carea ocr_par ocr_line ocrx_word'/>
</head>
<body>
  <div class='ocr_page' id='page_1' title='image "./operaomniaexedit04caesuoft_0139.png"; bbox 0 0 1850 3109; ppageno 0'>
   <div class='ocr_carea' id='block_1_1' title="bbox 448 186 1234 231">
    <p class='ocr_par' dir='ltr' id='par_1_1' title="bbox 448 186 1234 231">
     <span class='ocr_line' id='line_1_1' title="bbox 448 186 1234 231; baseline 0 -2"><span class='ocrx_word' id='word_1_1' title='bbox 448 198 554 231; x_wconf 80' lang='lat' dir='ltr'><strong>cAP.</strong></span> <span class='ocrx_word' id='word_1_2' title='bbox 583 186 626 227; x_wconf 79' lang='lat'>2.</span> <span class='ocrx_word' id='word_1_3' title='bbox 660 196 756 226; x_wconf 73' lang='lat' dir='ltr'>mn.</span> <span class='ocrx_word' id='word_1_4' title='bbox 794 197 856 227; x_wconf 72' lang='lat' dir='ltr'>nn</span> <span class='ocrx_word' id='word_1_5' title='bbox 891 197 1048 226; x_wconf 67' lang='lat' dir='ltr'>nunno</span> <span class='ocrx_word' id='word_1_6' title='bbox 1080 197 1234 229; x_wconf 71' lang='lat' dir='ltr'><strong>ALEX.</strong></span> 
     </span>
    </p>
   </div>
   <div class='ocr_carea' id='block_1_2' title="bbox 109 295 823 2445">
    <p class='ocr_par' dir='ltr' id='par_1_2' title="bbox 109 295 823 835">
     <span class='ocr_line' id='line_1_2' title="bbox 123 295 823 338; baseline 0 -13"><span class='ocrx_word' id='word_1_7' title='bbox 123 295 314 338; x_wconf 73' lang='lat' dir='ltr'>Voss.finie</span> <span class='ocrx_word' id='word_1_8' title='bbox 336 297 444 336; x_wconf 83' lang='lat' dir='ltr'>Bong.</span> <span class='ocrx_word' id='word_1_9' title='bbox 473 295 567 326; x_wconf 81' lang='lat' dir='ltr'>Leid.</span> <span class='ocrx_word' id='word_1_10' title='bbox 591 305 660 326; x_wconf 79' lang='lat' dir='ltr'>see.</span> <span class='ocrx_word' id='word_1_11' title='bbox 689 296 823 335; x_wconf 76' lang='lat' dir='ltr'>AEgypli</span> 
     </span>
     <span class='ocr_line' id='line_1_3' title="bbox 119 344 821 377; baseline 0 -1"><span class='ocrx_word' id='word_1_12' title='bbox 119 344 245 377; x_wconf 83' lang='lat' dir='ltr'>habent</span> <span class='ocrx_word' id='word_1_13' title='bbox 270 346 352 376; x_wconf 62' lang='lat' dir='ltr'>Msa.</span> <span class='ocrx_word' id='word_1_14' title='bbox 381 350 510 376; x_wconf 83' lang='lat' dir='ltr'>tantuin</span> <span class='ocrx_word' id='word_1_15' title='bbox 543 355 608 376; x_wconf 88' lang='lat' dir='ltr'>non</span> <span class='ocrx_word' id='word_1_16' title='bbox 638 355 752 375; x_wconf 69' lang='lat' dir='ltr'>omncs</span> <span class='ocrx_word' id='word_1_17' title='bbox 787 350 821 376; x_wconf 66' lang='lat' dir='ltr'>vt</span> 
     </span>
     <span class='ocr_line' id='line_1_4' title="bbox 119 395 819 435; baseline -0.001 -10"><span class='ocrx_word' id='word_1_18' title='bbox 119 395 204 426; x_wconf 79' lang='lat' dir='ltr'>Edd.</span> <span class='ocrx_word' id='word_1_19' title='bbox 223 395 349 435; x_wconf 55' lang='lat' dir='ltr'>primam</span> <span class='ocrx_word' id='word_1_20' title='bbox 396 395 540 432; x_wconf 69' lang='lat' dir='ltr'>Regnum</span> <span class='ocrx_word' id='word_1_21' title='bbox 555 395 627 425; x_wconf 83' lang='lat' dir='ltr'>sinc</span> <span class='ocrx_word' id='word_1_22' title='bbox 645 405 701 434; x_wconf 77' lang='lat' dir='ltr'>que</span> <span class='ocrx_word' id='word_1_23' title='bbox 717 400 769 426; x_wconf 80' lang='lat' dir='ltr'>cst</span> <span class='ocrx_word' id='word_1_24' title='bbox 787 395 819 424; x_wconf 93' lang='lat' dir='ltr'>in</span> 
     </span>
     <span class='ocr_line' id='line_1_5' title="bbox 119 444 820 485; baseline -0.004 -9"><span class='ocrx_word' id='word_1_25' title='bbox 119 445 212 476; x_wconf 84' lang='lat' dir='ltr'>Leid.</span> <span class='ocrx_word' id='word_1_26' title='bbox 244 455 292 485; x_wconf 83' lang='lat' dir='ltr'>pr.</span> <span class='ocrx_word' id='word_1_27' title='bbox 331 444 433 477; x_wconf 70' lang='lat' dir='ltr'>Quasi</span> <span class='ocrx_word' id='word_1_28' title='bbox 464 444 568 475; x_wconf 83' lang='lat' dir='ltr'>suerit</span> <span class='ocrx_word' id='word_1_29' title='bbox 606 449 735 475; x_wconf 83' lang='lat' dir='ltr'>tautum</span> <span class='ocrx_word' id='word_1_30' title='bbox 764 454 820 484; x_wconf 79' lang='lat' dir='ltr'>per</span> 
     </span>
     <span class='ocr_line' id='line_1_6' title="bbox 114 495 819 535; baseline 0.003 -12"><span class='ocrx_word' id='word_1_31' title='bbox 114 505 191 535; x_wconf 76' lang='lat' dir='ltr'>quas</span> <span class='ocrx_word' id='word_1_32' title='bbox 217 495 350 535; x_wconf 73' lang='lat' dir='ltr'>AEgypti</span> <span class='ocrx_word' id='word_1_33' title='bbox 387 504 516 533; x_wconf 69' lang='lat' dir='ltr'>regnum</span> <span class='ocrx_word' id='word_1_34' title='bbox 544 496 690 535; x_wconf 70' lang='lat' dir='ltr'>pertinet.</span> <span class='ocrx_word' id='word_1_35' title='bbox 751 495 819 525; x_wconf 78' lang='lat' dir='ltr'>Sed</span> 
     </span>
     <span class='ocr_line' id='line_1_7' title="bbox 115 544 820 585; baseline 0.001 -11"><span class='ocrx_word' id='word_1_36' title='bbox 115 544 271 575; x_wconf 84' lang='lat' dir='ltr'>videntur</span> <span class='ocrx_word' id='word_1_37' title='bbox 297 544 423 575; x_wconf 85' lang='lat' dir='ltr'>librarii</span> <span class='ocrx_word' id='word_1_38' title='bbox 449 544 587 584; x_wconf 69' lang='lat' dir='ltr'>decepti</span> <span class='ocrx_word' id='word_1_39' title='bbox 613 555 685 576; x_wconf 57' lang='lat' dir='ltr'>esse</span> <span class='ocrx_word' id='word_1_40' title='bbox 710 545 820 585; x_wconf 74' lang='lat' dir='ltr'>siugu-</span> 
     </span>
     <span class='ocr_line' id='line_1_8' title="bbox 114 594 818 635; baseline 0 -10"><span class='ocrx_word' id='word_1_41' title='bbox 114 594 174 625; x_wconf 72' lang='lat' dir='ltr'>lari</span> <span class='ocrx_word' id='word_1_42' title='bbox 196 604 332 625; x_wconf 84' lang='lat' dir='ltr'>numero</span> <span class='ocrx_word' id='word_1_43' title='bbox 355 595 448 625; x_wconf 81' lang='lat' dir='ltr'>verbi</span> <span class='ocrx_word' id='word_1_44' title='bbox 470 596 619 635; x_wconf 81' lang='lat' dir='ltr'><em>pertinet.</em></span> <span class='ocrx_word' id='word_1_45' title='bbox 668 595 713 625; x_wconf 64' lang='lat' dir='ltr'>,it</span> <span class='ocrx_word' id='word_1_46' title='bbox 739 605 818 625; x_wconf 75' lang='lat' dir='ltr'>con-</span> 
     </span>
     <span class='ocr_line' id='line_1_9' title="bbox 115 644 818 686; baseline 0.001 -12"><span class='ocrx_word' id='word_1_47' title='bbox 115 644 185 674; x_wconf 84' lang='lat' dir='ltr'>sule</span> <span class='ocrx_word' id='word_1_48' title='bbox 198 644 288 675; x_wconf 81' lang='lat' dir='ltr'>dicta</span> <span class='ocrx_word' id='word_1_49' title='bbox 305 644 346 675; x_wconf 81' lang='lat' dir='ltr'>ad</span> <span class='ocrx_word' id='word_1_50' title='bbox 363 645 401 675; x_wconf 85' lang='grc' dir='ltr'><strong>Β.</strong></span> <span class='ocrx_word' id='word_1_51' title='bbox 416 646 459 676; x_wconf 93' lang='lat' dir='ltr'>G.</span> <span class='ocrx_word' id='word_1_52' title='bbox 477 655 525 676; x_wconf 82' lang='lat' dir='ltr'>lv.</span> <span class='ocrx_word' id='word_1_53' title='bbox 544 649 594 676; x_wconf 90' lang='grc'><strong>11.</strong></span> <span class='ocrx_word' id='word_1_54' title='bbox 619 647 627 662; x_wconf 88' lang='lat'>‘</span> <span class='ocrx_word' id='word_1_55' title='bbox 647 646 818 686; x_wconf 83' lang='lat' dir='ltr'>principes</span> 
     </span>
     <span class='ocr_line' id='line_1_10' title="bbox 115 694 817 726; baseline 0.001 -2"><span class='ocrx_word' id='word_1_56' title='bbox 115 704 154 725; x_wconf 89' lang='lat' dir='ltr'>ac</span> <span class='ocrx_word' id='word_1_57' title='bbox 172 700 306 725; x_wconf 72' lang='lat' dir='ltr'>senatus</span> <span class='ocrx_word' id='word_1_58' title='bbox 331 694 492 726; x_wconf 66' lang='lat' dir='ltr'>fecisset!</span> <span class='ocrx_word' id='word_1_59' title='bbox 538 695 738 726; x_wconf 83' lang='lat' dir='ltr'>ciacconius</span> <span class='ocrx_word' id='word_1_60' title='bbox 761 705 817 726; x_wconf 88' lang='lat' dir='ltr'>au-</span> 
     </span>
     <span class='ocr_line' id='line_1_11' title="bbox 114 745 819 785; baseline 0 -10"><span class='ocrx_word' id='word_1_61' title='bbox 114 750 182 776; x_wconf 87' lang='lat' dir='ltr'>tem</span> <span class='ocrx_word' id='word_1_62' title='bbox 204 755 264 785; x_wconf 89' lang='lat' dir='ltr'>pro</span> <span class='ocrx_word' id='word_1_63' title='bbox 289 755 345 785; x_wconf 77' lang='lat' dir='ltr'>per</span> <span class='ocrx_word' id='word_1_64' title='bbox 374 755 449 785; x_wconf 79' lang='lat' dir='ltr'>quus</span> <span class='ocrx_word' id='word_1_65' title='bbox 474 745 571 776; x_wconf 88' lang='lat' dir='ltr'>nimis</span> <span class='ocrx_word' id='word_1_66' title='bbox 593 749 719 776; x_wconf 86' lang='lat' dir='ltr'>temere</span> <span class='ocrx_word' id='word_1_67' title='bbox 741 755 819 776; x_wconf 90' lang='lat' dir='ltr'>con-</span> 
     </span>
     <span class='ocr_line' id='line_1_12' title="bbox 109 794 509 835; baseline 0 -10"><span class='ocrx_word' id='word_1_68' title='bbox 109 794 195 834; x_wconf 87' lang='lat' dir='ltr'>jecit</span> <span class='ocrx_word' id='word_1_69' title='bbox 209 794 423 825; x_wconf 80' lang='lat' dir='ltr'>scribendum</span> <span class='ocrx_word' id='word_1_70' title='bbox 439 805 509 835; x_wconf 80' lang='lat' dir='ltr'>qua.</span> 
     </span>
    </p>

    <p class='ocr_par' dir='ltr' id='par_1_3' title="bbox 111 844 819 1340">
     <span class='ocr_line' id='line_1_13' title="bbox 155 844 814 876; baseline 0.003 -2"><span class='ocrx_word' id='word_1_71' title='bbox 155 847 173 874; x_wconf 93' lang='grc'><strong>5</strong></span> <span class='ocrx_word' id='word_1_72' title='bbox 195 846 409 875; x_wconf 67' lang='lat' dir='ltr'>Com-exerunt</span> <span class='ocrx_word' id='word_1_73' title='bbox 426 847 455 875; x_wconf 86' lang='lat' dir='ltr'>et</span> <span class='ocrx_word' id='word_1_74' title='bbox 473 844 725 875; x_wconf 75' lang='lat' dir='ltr'><em>innumerabilem</em></span> <span class='ocrx_word' id='word_1_75' title='bbox 738 846 814 876; x_wconf 78' lang='lat' dir='ltr'>mul-</span> 
     </span>
     <span class='ocr_line' id='line_1_14' title="bbox 113 894 818 935; baseline 0.003 -10"><span class='ocrx_word' id='word_1_76' title='bbox 113 894 276 926; x_wconf 71' lang='lat' dir='ltr'><em>titudinem</em></span> <span class='ocrx_word' id='word_1_77' title='bbox 291 895 502 935; x_wconf 71' lang='lat' dir='ltr'>adduxerant]</span> <span class='ocrx_word' id='word_1_78' title='bbox 530 897 620 935; x_wconf 69' lang='lat' dir='ltr'>Lege</span> <span class='ocrx_word' id='word_1_79' title='bbox 636 900 666 927; x_wconf 80' lang='lat' dir='ltr'>et</span> <span class='ocrx_word' id='word_1_80' title='bbox 681 897 818 927; x_wconf 79' lang='lat' dir='ltr'>innume-</span> 
     </span>
     <span class='ocr_line' id='line_1_15' title="bbox 114 943 818 977; baseline 0.001 -2"><span class='ocrx_word' id='word_1_81' title='bbox 114 943 240 976; x_wconf 77' lang='lat' dir='ltr'><strong><em>rabilem</em></strong></span> <span class='ocrx_word' id='word_1_82' title='bbox 259 945 400 975; x_wconf 78' lang='lat' dir='ltr'>militum</span> <span class='ocrx_word' id='word_1_83' title='bbox 425 946 654 976; x_wconf 77' lang='lat' dir='ltr'>multitudinem</span> <span class='ocrx_word' id='word_1_84' title='bbox 684 947 818 977; x_wconf 76' lang='lat' dir='ltr'>adduxe-</span> 
     </span>
     <span class='ocr_line' id='line_1_16' title="bbox 114 997 817 1037; baseline 0 -11"><span class='ocrx_word' id='word_1_85' title='bbox 114 999 195 1027; x_wconf 84' lang='lat' dir='ltr'><strong><em>rant.</em></strong></span> <span class='ocrx_word' id='word_1_86' title='bbox 223 997 267 1027; x_wconf 75' lang='lat' dir='ltr'>N.</span> <span class='ocrx_word' id='word_1_87' title='bbox 286 997 325 1026; x_wconf 72' lang='grc' dir='ltr'>Ρ..</span> <span class='ocrx_word' id='word_1_88' title='bbox 353 997 544 1028; x_wconf 82' lang='lat' dir='ltr'>Editiouein</span> <span class='ocrx_word' id='word_1_89' title='bbox 570 1002 720 1028; x_wconf 86' lang='lat' dir='ltr'>nostram</span> <span class='ocrx_word' id='word_1_90' title='bbox 738 1007 817 1037; x_wconf 88' lang='lat' dir='ltr'>qua-</span> 
     </span>
     <span class='ocr_line' id='line_1_17' title="bbox 114 1047 819 1087; baseline 0 -10"><span class='ocrx_word' id='word_1_91' title='bbox 114 1050 192 1077; x_wconf 84' lang='lat' dir='ltr'>tuor</span> <span class='ocrx_word' id='word_1_92' title='bbox 224 1047 350 1078; x_wconf 82' lang='lat' dir='ltr'>ultimis</span> <span class='ocrx_word' id='word_1_93' title='bbox 382 1047 519 1078; x_wconf 84' lang='lat' dir='ltr'>vocibus</span> <span class='ocrx_word' id='word_1_94' title='bbox 551 1047 697 1087; x_wconf 82' lang='lat' dir='ltr'>privavit</span> <span class='ocrx_word' id='word_1_95' title='bbox 726 1057 819 1078; x_wconf 83' lang='lat' dir='ltr'>error</span> 
     </span>
     <span class='ocr_line' id='line_1_18' title="bbox 112 1098 819 1139; baseline 0 -10"><span class='ocrx_word' id='word_1_96' title='bbox 112 1098 409 1139; x_wconf 70' lang='lat' dir='ltr'>Typograpliicus.</span> <span class='ocrx_word' id='word_1_97' title='bbox 433 1100 544 1130; x_wconf 74' lang='lat' dir='ltr'>Daris.</span> <span class='ocrx_word' id='word_1_98' title='bbox 573 1109 644 1130; x_wconf 91' lang='lat' dir='ltr'>cur.</span> <span class='ocrx_word' id='word_1_99' title='bbox 671 1109 738 1130; x_wconf 83' lang='lat' dir='ltr'>sec.</span> <span class='ocrx_word' id='word_1_100' title='bbox 767 1100 819 1130; x_wconf 83' lang='lat' dir='ltr'>Ci-</span> 
     </span>
     <span class='ocr_line' id='line_1_19' title="bbox 112 1149 817 1188; baseline -0.001 -8"><span class='ocrx_word' id='word_1_101' title='bbox 112 1151 251 1181; x_wconf 87' lang='lat' dir='ltr'>aeconio</span> <span class='ocrx_word' id='word_1_102' title='bbox 276 1150 408 1180; x_wconf 84' lang='lat' dir='ltr'>videtur</span> <span class='ocrx_word' id='word_1_103' title='bbox 431 1149 547 1180; x_wconf 79' lang='lat' dir='ltr'>deesse</span> <span class='ocrx_word' id='word_1_104' title='bbox 572 1160 636 1180; x_wconf 80' lang='lat' dir='ltr'>vox</span> <span class='ocrx_word' id='word_1_105' title='bbox 650 1151 817 1188; x_wconf 83' lang='lat' dir='ltr'>hominum,</span> 
     </span>
     <span class='ocr_line' id='line_1_20' title="bbox 115 1199 817 1240; baseline 0 -10"><span class='ocrx_word' id='word_1_106' title='bbox 115 1199 193 1240; x_wconf 86' lang='lat' dir='ltr'>quia</span> <span class='ocrx_word' id='word_1_107' title='bbox 215 1199 381 1240; x_wconf 83' lang='lat' dir='ltr'>sequitur,</span> <span class='ocrx_word' id='word_1_108' title='bbox 402 1199 474 1230; x_wconf 81' lang='lat' dir='ltr'>Huc</span> <span class='ocrx_word' id='word_1_109' title='bbox 496 1200 694 1230; x_wconf 77' lang='lat' dir='ltr'>multitudine</span> <span class='ocrx_word' id='word_1_110' title='bbox 716 1201 817 1240; x_wconf 79' lang='lat' dir='ltr'>dispo-</span> 
     </span>
     <span class='ocr_line' id='line_1_21' title="bbox 111 1249 817 1289; baseline 0.001 -10"><span class='ocrx_word' id='word_1_111' title='bbox 111 1250 195 1281; x_wconf 78' lang='lat' dir='ltr'>sita:</span> <span class='ocrx_word' id='word_1_112' title='bbox 218 1249 276 1280; x_wconf 85' lang='lat' dir='ltr'>sed</span> <span class='ocrx_word' id='word_1_113' title='bbox 297 1259 356 1280; x_wconf 85' lang='lat' dir='ltr'>cur</span> <span class='ocrx_word' id='word_1_114' title='bbox 380 1259 445 1280; x_wconf 91' lang='lat' dir='ltr'>non</span> <span class='ocrx_word' id='word_1_115' title='bbox 470 1249 548 1280; x_wconf 87' lang='lat' dir='ltr'>iude</span> <span class='ocrx_word' id='word_1_116' title='bbox 572 1254 665 1289; x_wconf 88' lang='lat' dir='ltr'>patet</span> <span class='ocrx_word' id='word_1_117' title='bbox 682 1249 817 1280; x_wconf 80' lang='lat' dir='ltr'>militum</span> 
     </span>
     <span class='ocr_line' id='line_1_22' title="bbox 113 1301 584 1340; baseline -0.002 -9"><span class='ocrx_word' id='word_1_118' title='bbox 113 1302 166 1332; x_wconf 88' lang='lat' dir='ltr'>vel</span> <span class='ocrx_word' id='word_1_119' title='bbox 182 1301 336 1332; x_wconf 80' lang='lat' dir='ltr'>hominum</span> <span class='ocrx_word' id='word_1_120' title='bbox 352 1301 558 1340; x_wconf 76' lang='lat' dir='ltr'>subintelligi</span> <span class='ocrx_word' id='word_1_121' title='bbox 574 1301 584 1330; x_wconf 85' lang='lat'>?</span> 
     </span>
    </p>

    <p class='ocr_par' dir='ltr' id='par_1_4' title="bbox 110 1350 818 2036">
     <span class='ocr_line' id='line_1_23' title="bbox 157 1350 563 1390; baseline -0.002 -8"><span class='ocrx_word' id='word_1_122' title='bbox 157 1353 196 1382; x_wconf 81' lang='lat'>13</span> <span class='ocrx_word' id='word_1_123' title='bbox 232 1351 423 1390; x_wconf 75' lang='lat' dir='ltr'>Obportunoe</span> <span class='ocrx_word' id='word_1_124' title='bbox 449 1350 563 1390; x_wconf 80' lang='lat' dir='ltr'>essent]</span> 
     </span>
     <span class='ocr_line' id='line_1_24' title="bbox 114 1401 817 1442; baseline 0.001 -10"><span class='ocrx_word' id='word_1_125' title='bbox 114 1406 183 1433; x_wconf 70' lang='lat' dir='ltr'>lav.</span> <span class='ocrx_word' id='word_1_126' title='bbox 200 1402 313 1442; x_wconf 81' lang='lat' dir='ltr'>Cujac.</span> <span class='ocrx_word' id='word_1_127' title='bbox 329 1401 453 1442; x_wconf 77' lang='lat' dir='ltr'>scalig.</span> <span class='ocrx_word' id='word_1_128' title='bbox 470 1402 634 1441; x_wconf 78' lang='lat' dir='ltr'>Bongars.</span> <span class='ocrx_word' id='word_1_129' title='bbox 653 1401 748 1432; x_wconf 83' lang='lat' dir='ltr'>Leid.</span> <span class='ocrx_word' id='word_1_130' title='bbox 766 1410 817 1441; x_wconf 85' lang='lat' dir='ltr'>pr.</span> 
     </span>
     <span class='ocr_line' id='line_1_25' title="bbox 112 1451 818 1492; baseline 0 -10"><span class='ocrx_word' id='word_1_131' title='bbox 112 1451 210 1483; x_wconf 87' lang='lat' dir='ltr'>Voss.</span> <span class='ocrx_word' id='word_1_132' title='bbox 237 1452 321 1492; x_wconf 83' lang='lat' dir='ltr'>Reg.</span> <span class='ocrx_word' id='word_1_133' title='bbox 353 1452 478 1483; x_wconf 83' lang='lat' dir='ltr'>Eliens.</span> <span class='ocrx_word' id='word_1_134' title='bbox 507 1455 543 1482; x_wconf 87' lang='lat' dir='ltr'>et</span> <span class='ocrx_word' id='word_1_135' title='bbox 572 1451 658 1482; x_wconf 85' lang='lat' dir='ltr'>Edd.</span> <span class='ocrx_word' id='word_1_136' title='bbox 688 1451 818 1492; x_wconf 75' lang='lat' dir='ltr'>primae,</span> 
     </span>
     <span class='ocr_line' id='line_1_26' title="bbox 113 1501 818 1542; baseline 0 -10"><span class='ocrx_word' id='word_1_137' title='bbox 113 1501 194 1532; x_wconf 85' lang='lat' dir='ltr'>item</span> <span class='ocrx_word' id='word_1_138' title='bbox 224 1501 321 1533; x_wconf 75' lang='lat' dir='ltr'>Vasc.</span> <span class='ocrx_word' id='word_1_139' title='bbox 349 1502 465 1542; x_wconf 86' lang='lat' dir='ltr'>Steph.</span> <span class='ocrx_word' id='word_1_140' title='bbox 491 1502 634 1542; x_wconf 70' lang='lat' dir='ltr'>aliaeque</span> <span class='ocrx_word' id='word_1_141' title='bbox 661 1501 745 1533; x_wconf 84' lang='lat' dir='ltr'>‹lant</span> <span class='ocrx_word' id='word_1_142' title='bbox 767 1502 818 1532; x_wconf 86' lang='lat' dir='ltr'>ob·</span> 
     </span>
     <span class='ocr_line' id='line_1_27' title="bbox 110 1551 818 1592; baseline 0.001 -10"><span class='ocrx_word' id='word_1_143' title='bbox 110 1552 184 1591; x_wconf 79' lang='lat' dir='ltr'>poni</span> <span class='ocrx_word' id='word_1_144' title='bbox 198 1555 331 1592; x_wconf 78' lang='lat' dir='ltr'><em>possent.</em></span> <span class='ocrx_word' id='word_1_145' title='bbox 377 1553 488 1585; x_wconf 78' lang='lat' dir='ltr'>Quare</span> <span class='ocrx_word' id='word_1_146' title='bbox 513 1551 709 1592; x_wconf 84' lang='lat' dir='ltr'>recipienda</span> <span class='ocrx_word' id='word_1_147' title='bbox 726 1552 818 1583; x_wconf 87' lang='lat' dir='ltr'>vide-</span> 
     </span>
     <span class='ocr_line' id='line_1_28' title="bbox 112 1602 816 1635; baseline 0.004 -3"><span class='ocrx_word' id='word_1_148' title='bbox 112 1607 168 1633; x_wconf 77' lang='lat' dir='ltr'>tur</span> <span class='ocrx_word' id='word_1_149' title='bbox 198 1603 299 1634; x_wconf 84' lang='lat' dir='ltr'>lectio</span> <span class='ocrx_word' id='word_1_150' title='bbox 339 1604 466 1633; x_wconf 80' lang='lat' dir='ltr'>Lovan.</span> <span class='ocrx_word' id='word_1_151' title='bbox 509 1602 585 1634; x_wconf 82' lang='lat' dir='ltr'>Pal.</span> <span class='ocrx_word' id='word_1_152' title='bbox 619 1602 716 1634; x_wconf 87' lang='lat' dir='ltr'>Leid.</span> <span class='ocrx_word' id='word_1_153' title='bbox 750 1612 816 1635; x_wconf 81' lang='lat' dir='ltr'>sec.</span> 
     </span>
     <span class='ocr_line' id='line_1_29' title="bbox 113 1651 818 1693; baseline 0 -11"><span class='ocrx_word' id='word_1_154' title='bbox 113 1651 257 1683; x_wconf 78' lang='lat' dir='ltr'>Dorvill.</span> <span class='ocrx_word' id='word_1_155' title='bbox 282 1656 317 1683; x_wconf 91' lang='lat' dir='ltr'>et</span> <span class='ocrx_word' id='word_1_156' title='bbox 343 1652 430 1684; x_wconf 90' lang='lat' dir='ltr'>Edd.</span> <span class='ocrx_word' id='word_1_157' title='bbox 454 1652 578 1683; x_wconf 75' lang='lat' dir='ltr'>Venet.</span> <span class='ocrx_word' id='word_1_158' title='bbox 603 1655 698 1684; x_wconf 83' lang='grc'><strong>1517.</strong></span> <span class='ocrx_word' id='word_1_159' title='bbox 730 1653 818 1693; x_wconf 84' lang='lat' dir='ltr'>Gry—</span> 
     </span>
     <span class='ocr_line' id='line_1_30' title="bbox 113 1702 818 1742; baseline 0.001 -11"><span class='ocrx_word' id='word_1_160' title='bbox 113 1702 194 1741; x_wconf 79' lang='lat' dir='ltr'>pliii,</span> <span class='ocrx_word' id='word_1_161' title='bbox 211 1704 274 1733; x_wconf 63' lang='grc' dir='ltr'>ὰς.</span> <span class='ocrx_word' id='word_1_162' title='bbox 299 1702 469 1742; x_wconf 78' lang='lat' dir='ltr'>obporluuz&#39;,</span> <span class='ocrx_word' id='word_1_163' title='bbox 489 1712 549 1742; x_wconf 82' lang='lat' dir='ltr'>per</span> <span class='ocrx_word' id='word_1_164' title='bbox 569 1702 752 1742; x_wconf 72' lang='lat' dir='ltr'>Synthesin</span> <span class='ocrx_word' id='word_1_165' title='bbox 769 1712 818 1733; x_wconf 88' lang='lat' dir='ltr'>rc-</span> 
     </span>
     <span class='ocr_line' id='line_1_31' title="bbox 112 1752 817 1790; baseline 0 -8"><span class='ocrx_word' id='word_1_166' title='bbox 112 1752 182 1783; x_wconf 93' lang='lat' dir='ltr'>lato</span> <span class='ocrx_word' id='word_1_167' title='bbox 198 1752 238 1782; x_wconf 87' lang='lat' dir='ltr'>ad</span> <span class='ocrx_word' id='word_1_168' title='bbox 256 1752 392 1790; x_wconf 85' lang='lat' dir='ltr'>milites,</span> <span class='ocrx_word' id='word_1_169' title='bbox 409 1761 473 1783; x_wconf 91' lang='lat' dir='ltr'>non</span> <span class='ocrx_word' id='word_1_170' title='bbox 491 1752 532 1782; x_wconf 89' lang='lat' dir='ltr'>ad</span> <span class='ocrx_word' id='word_1_171' title='bbox 546 1752 692 1783; x_wconf 81' lang='lat' dir='ltr'><em>cohortes.</em></span> <span class='ocrx_word' id='word_1_172' title='bbox 716 1752 817 1785; x_wconf 80' lang='lat' dir='ltr'>Quod</span> 
     </span>
     <span class='ocr_line' id='line_1_32' title="bbox 113 1803 818 1843; baseline 0 -10"><span class='ocrx_word' id='word_1_173' title='bbox 113 1803 300 1843; x_wconf 77' lang='lat' dir='ltr'>saepissime</span> <span class='ocrx_word' id='word_1_174' title='bbox 315 1813 374 1834; x_wconf 86' lang='lat' dir='ltr'>usn</span> <span class='ocrx_word' id='word_1_175' title='bbox 394 1803 486 1834; x_wconf 85' lang='lat' dir='ltr'>venit</span> <span class='ocrx_word' id='word_1_176' title='bbox 503 1803 535 1833; x_wconf 91' lang='lat' dir='ltr'>in</span> <span class='ocrx_word' id='word_1_177' title='bbox 552 1803 602 1833; x_wconf 87' lang='lat' dir='ltr'>his</span> <span class='ocrx_word' id='word_1_178' title='bbox 613 1807 818 1834; x_wconf 84' lang='lat' dir='ltr'>commenta-</span> 
     </span>
     <span class='ocr_line' id='line_1_33' title="bbox 112 1852 817 1894; baseline 0.003 -11"><span class='ocrx_word' id='word_1_179' title='bbox 112 1853 182 1884; x_wconf 83' lang='lat' dir='ltr'>riis.</span> <span class='ocrx_word' id='word_1_180' title='bbox 239 1852 363 1884; x_wconf 83' lang='lat' dir='ltr'>Confer</span> <span class='ocrx_word' id='word_1_181' title='bbox 386 1854 461 1884; x_wconf 90' lang='lat' dir='ltr'>loca</span> <span class='ocrx_word' id='word_1_182' title='bbox 487 1854 528 1884; x_wconf 84' lang='lat' dir='ltr'>ad</span> <span class='ocrx_word' id='word_1_183' title='bbox 553 1863 627 1894; x_wconf 84' lang='lat' dir='ltr'>quae</span> <span class='ocrx_word' id='word_1_184' title='bbox 653 1854 817 1885; x_wconf 86' lang='lat' dir='ltr'>lectorem</span> 
     </span>
     <span class='ocr_line' id='line_1_34' title="bbox 111 1902 818 1944; baseline 0.001 -11"><span class='ocrx_word' id='word_1_185' title='bbox 111 1903 187 1934; x_wconf 87' lang='lat' dir='ltr'>misi</span> <span class='ocrx_word' id='word_1_186' title='bbox 202 1903 243 1934; x_wconf 91' lang='lat' dir='ltr'>B.</span> <span class='ocrx_word' id='word_1_187' title='bbox 262 1902 334 1933; x_wconf 81' lang='lat' dir='ltr'>Civ.</span> <span class='ocrx_word' id='word_1_188' title='bbox 350 1912 404 1933; x_wconf 88' lang='grc' dir='ltr'>ιιι.</span> <span class='ocrx_word' id='word_1_189' title='bbox 422 1906 473 1935; x_wconf 82' lang='grc'><strong>87.</strong></span> <span class='ocrx_word' id='word_1_190' title='bbox 497 1904 505 1920; x_wconf 87' lang='lat'>‘</span> <span class='ocrx_word' id='word_1_191' title='bbox 520 1903 649 1944; x_wconf 82' lang='lat' dir='ltr'>Copiae,</span> <span class='ocrx_word' id='word_1_192' title='bbox 666 1903 742 1935; x_wconf 57' lang='lat' dir='ltr'>&amp;cf</span> <span class='ocrx_word' id='word_1_193' title='bbox 759 1905 767 1920; x_wconf 91' lang='lat'>‘</span> <span class='ocrx_word' id='word_1_194' title='bbox 784 1912 818 1935; x_wconf 90' lang='lat' dir='ltr'>et</span> 
     </span>
     <span class='ocr_line' id='line_1_35' title="bbox 112 1954 818 1995; baseline 0.003 -11"><span class='ocrx_word' id='word_1_195' title='bbox 112 1954 287 1995; x_wconf 82' lang='lat' dir='ltr'>plerique.’</span> <span class='ocrx_word' id='word_1_196' title='bbox 304 1955 345 1984; x_wconf 81' lang='grc' dir='ltr'><strong>Β.</strong></span> <span class='ocrx_word' id='word_1_197' title='bbox 363 1955 436 1985; x_wconf 82' lang='lat' dir='ltr'>Civ.</span> <span class='ocrx_word' id='word_1_198' title='bbox 455 1963 496 1986; x_wconf 86' lang='lat'>11.</span> <span class='ocrx_word' id='word_1_199' title='bbox 513 1957 566 1986; x_wconf 81' lang='lat'>32.</span> <span class='ocrx_word' id='word_1_200' title='bbox 591 1955 600 1972; x_wconf 84' lang='lat'>‘</span> <span class='ocrx_word' id='word_1_201' title='bbox 617 1954 818 1995; x_wconf 78' lang='lat' dir='ltr'>Municipia.</span> 
     </span>
     <span class='ocr_line' id='line_1_36' title="bbox 111 2003 717 2036; baseline 0.002 -3"><span class='ocrx_word' id='word_1_202' title='bbox 111 2003 184 2034; x_wconf 88' lang='lat' dir='ltr'>ilii.’</span> <span class='ocrx_word' id='word_1_203' title='bbox 206 2004 247 2034; x_wconf 88' lang='lat' dir='ltr'>B.</span> <span class='ocrx_word' id='word_1_204' title='bbox 265 2003 362 2034; x_wconf 80' lang='lat' dir='ltr'>Alex.</span> <span class='ocrx_word' id='word_1_205' title='bbox 382 2014 410 2035; x_wconf 91' lang='lat' dir='ltr'>c.</span> <span class='ocrx_word' id='word_1_206' title='bbox 427 2007 458 2035; x_wconf 84' lang='lat'>9.</span> <span class='ocrx_word' id='word_1_207' title='bbox 482 2005 491 2021; x_wconf 91' lang='lat'>‘</span> <span class='ocrx_word' id='word_1_208' title='bbox 508 2014 622 2036; x_wconf 71' lang='lat' dir='ltr'>naves.</span> <span class='ocrx_word' id='word_1_209' title='bbox 648 2004 717 2035; x_wconf 89' lang='lat' dir='ltr'>Hi.&#39;</span> 
     </span>
    </p>

    <p class='ocr_par' dir='ltr' id='par_1_5' title="bbox 113 2053 819 2445">
     <span class='ocr_line' id='line_1_37' title="bbox 158 2053 817 2096; baseline 0.002 -12"><span class='ocrx_word' id='word_1_210' title='bbox 158 2056 196 2084; x_wconf 88' lang='grc'>17</span> <span class='ocrx_word' id='word_1_211' title='bbox 224 2053 442 2085; x_wconf 73' lang='lat' dir='ltr'>Tabulacmwn</span> <span class='ocrx_word' id='word_1_212' title='bbox 456 2055 664 2096; x_wconf 67' lang='lat' dir='ltr'>confixerant]</span> <span class='ocrx_word' id='word_1_213' title='bbox 693 2055 817 2086; x_wconf 80' lang='lat' dir='ltr'>Nescio</span> 
     </span>
     <span class='ocr_line' id='line_1_38' title="bbox 115 2102 817 2144; baseline 0.001 -11"><span class='ocrx_word' id='word_1_214' title='bbox 115 2112 215 2143; x_wconf 86' lang='lat' dir='ltr'>quem</span> <span class='ocrx_word' id='word_1_215' title='bbox 242 2102 352 2133; x_wconf 90' lang='lat' dir='ltr'>locum</span> <span class='ocrx_word' id='word_1_216' title='bbox 376 2103 430 2134; x_wconf 85' lang='lat' dir='ltr'>hic</span> <span class='ocrx_word' id='word_1_217' title='bbox 452 2104 577 2134; x_wconf 85' lang='lat' dir='ltr'>habere</span> <span class='ocrx_word' id='word_1_218' title='bbox 600 2103 728 2144; x_wconf 83' lang='lat' dir='ltr'>poterit</span> <span class='ocrx_word' id='word_1_219' title='bbox 751 2113 817 2134; x_wconf 83' lang='lat' dir='ltr'>vox</span> 
     </span>
     <span class='ocr_line' id='line_1_39' title="bbox 114 2153 818 2195; baseline 0.003 -12"><span class='ocrx_word' id='word_1_220' title='bbox 114 2153 243 2183; x_wconf 81' lang='lat' dir='ltr'>ultima.</span> <span class='ocrx_word' id='word_1_221' title='bbox 291 2153 382 2193; x_wconf 84' lang='lat' dir='ltr'>Lego</span> <span class='ocrx_word' id='word_1_222' title='bbox 405 2153 628 2195; x_wconf 72' lang='lat' dir='ltr'>confinxerant.</span> <span class='ocrx_word' id='word_1_223' title='bbox 673 2154 730 2185; x_wconf 87' lang='lat' dir='ltr'>Sic</span> <span class='ocrx_word' id='word_1_224' title='bbox 748 2154 818 2185; x_wconf 89' lang='lat' dir='ltr'>Pli-</span> 
     </span>
     <span class='ocr_line' id='line_1_40' title="bbox 114 2202 818 2235; baseline 0.001 -2"><span class='ocrx_word' id='word_1_225' title='bbox 114 2202 188 2233; x_wconf 85' lang='lat' dir='ltr'>nius</span> <span class='ocrx_word' id='word_1_226' title='bbox 213 2202 256 2234; x_wconf 81' lang='lat' dir='ltr'>H.</span> <span class='ocrx_word' id='word_1_227' title='bbox 273 2203 318 2234; x_wconf 90' lang='lat' dir='ltr'>N.</span> <span class='ocrx_word' id='word_1_228' title='bbox 344 2212 379 2233; x_wconf 75' lang='lat' dir='ltr'>x.</span> <span class='ocrx_word' id='word_1_229' title='bbox 402 2206 455 2234; x_wconf 80' lang='lat'>33.</span> <span class='ocrx_word' id='word_1_230' title='bbox 480 2203 567 2234; x_wconf 83' lang='lat' dir='ltr'>dixit</span> <span class='ocrx_word' id='word_1_231' title='bbox 591 2204 599 2220; x_wconf 88' lang='lat'>‘</span> <span class='ocrx_word' id='word_1_232' title='bbox 617 2204 713 2235; x_wconf 84' lang='lat' dir='ltr'>nidos</span> <span class='ocrx_word' id='word_1_233' title='bbox 739 2213 818 2235; x_wconf 87' lang='lat' dir='ltr'>con-</span> 
     </span>
     <span class='ocr_line' id='line_1_41' title="bbox 115 2252 818 2295; baseline 0 -11"><span class='ocrx_word' id='word_1_234' title='bbox 115 2252 263 2295; x_wconf 66' lang='lat' dir='ltr'>fingere.=</span> <span class='ocrx_word' id='word_1_235' title='bbox 279 2253 391 2284; x_wconf 65' lang='lat' dir='ltr'>Daris.</span> <span class='ocrx_word' id='word_1_236' title='bbox 411 2253 531 2284; x_wconf 87' lang='lat' dir='ltr'>Nescit</span> <span class='ocrx_word' id='word_1_237' title='bbox 548 2254 707 2284; x_wconf 73' lang='lat' dir='ltr'>Davisius</span> <span class='ocrx_word' id='word_1_238' title='bbox 718 2264 818 2294; x_wconf 86' lang='lat' dir='ltr'>quem</span> 
     </span>
     <span class='ocr_line' id='line_1_42' title="bbox 114 2303 819 2345; baseline -0.001 -10"><span class='ocrx_word' id='word_1_239' title='bbox 114 2303 224 2335; x_wconf 87' lang='lat' dir='ltr'>locum</span> <span class='ocrx_word' id='word_1_240' title='bbox 249 2303 301 2334; x_wconf 78' lang='lat' dir='ltr'>liic</span> <span class='ocrx_word' id='word_1_241' title='bbox 318 2304 442 2334; x_wconf 78' lang='lat' dir='ltr'>habere</span> <span class='ocrx_word' id='word_1_242' title='bbox 468 2304 575 2344; x_wconf 79' lang='lat' dir='ltr'>possit</span> <span class='ocrx_word' id='word_1_243' title='bbox 599 2313 664 2334; x_wconf 73' lang='lat' dir='ltr'>vox</span> <span class='ocrx_word' id='word_1_244' title='bbox 687 2304 819 2345; x_wconf 67' lang='lat' dir='ltr'>confixe-</span> 
     </span>
     <span class='ocr_line' id='line_1_43' title="bbox 113 2354 817 2395; baseline 0.001 -11"><span class='ocrx_word' id='word_1_245' title='bbox 113 2357 206 2385; x_wconf 80' lang='lat' dir='ltr'>rant.-</span> <span class='ocrx_word' id='word_1_246' title='bbox 229 2354 372 2395; x_wconf 72' lang='lat' dir='ltr'>ideoque</span> <span class='ocrx_word' id='word_1_247' title='bbox 403 2354 572 2394; x_wconf 82' lang='lat' dir='ltr'>rescribit,</span> <span class='ocrx_word' id='word_1_248' title='bbox 593 2354 817 2395; x_wconf 71' lang='lat' dir='ltr'>confinxerant.</span> 
     </span>
     <span class='ocr_line' id='line_1_44' title="bbox 114 2403 818 2445; baseline -0.001 -10"><span class='ocrx_word' id='word_1_249' title='bbox 114 2404 180 2435; x_wconf 88' lang='lat' dir='ltr'>Sed</span> <span class='ocrx_word' id='word_1_250' title='bbox 198 2404 278 2434; x_wconf 87' lang='lat' dir='ltr'>nihil</span> <span class='ocrx_word' id='word_1_251' title='bbox 292 2413 388 2444; x_wconf 86' lang='lat' dir='ltr'>opus.</span> <span class='ocrx_word' id='word_1_252' title='bbox 430 2405 518 2435; x_wconf 86' lang='lat' dir='ltr'>Nam</span> <span class='ocrx_word' id='word_1_253' title='bbox 536 2403 818 2445; x_wconf 83' lang='lat' dir='ltr'>quemadmodum</span> 
     </span>
    </p>
   </div>
   <div class='ocr_carea' id='block_1_3' title="bbox 606 1350 816 1382">
    <p class='ocr_par' dir='ltr' id='par_1_6' title="bbox 606 1350 816 1382">
     <span class='ocr_line' id='line_1_45' title="bbox 606 1350 816 1382; baseline 0 -1"><span class='ocrx_word' id='word_1_254' title='bbox 606 1350 720 1382; x_wconf 82' lang='lat' dir='ltr'>Ursin.</span> <span class='ocrx_word' id='word_1_255' title='bbox 751 1350 816 1381; x_wconf 90' lang='lat' dir='ltr'>Pe-</span> 
     </span>
    </p>
   </div>
   <div class='ocr_carea' id='block_1_4' title="bbox 1467 191 1580 234">
    <p class='ocr_par' dir='ltr' id='par_1_7' title="bbox 1467 191 1580 234">
     <span class='ocr_line' id='line_1_46' title="bbox 1467 191 1580 234; baseline 0.009 -2"><span class='ocrx_word' id='word_1_256' title='bbox 1467 191 1580 234; x_wconf 83' lang='lat'>1533</span> 
     </span>
    </p>
   </div>
   <div class='ocr_carea' id='block_1_5' title="bbox 860 296 1579 2445">
    <p class='ocr_par' dir='ltr' id='par_1_8' title="bbox 869 296 1579 828">
     <span class='ocr_line' id='line_1_47' title="bbox 875 296 1578 338; baseline 0.007 -13"><span class='ocrx_word' id='word_1_257' title='bbox 875 304 947 326; x_wconf 85' lang='lat' dir='ltr'>cur.</span> <span class='ocrx_word' id='word_1_258' title='bbox 967 306 1032 326; x_wconf 84' lang='lat' dir='ltr'>sec.</span> <span class='ocrx_word' id='word_1_259' title='bbox 1059 296 1281 338; x_wconf 77' lang='lat' dir='ltr'>s&#39;mfinxerant</span> <span class='ocrx_word' id='word_1_260' title='bbox 1305 297 1438 328; x_wconf 74' lang='lat' dir='ltr'>invenio</span> <span class='ocrx_word' id='word_1_261' title='bbox 1456 298 1489 329; x_wconf 93' lang='lat' dir='ltr'>in</span> <span class='ocrx_word' id='word_1_262' title='bbox 1515 300 1578 331; x_wconf 87' lang='lat' dir='ltr'>Ed.</span> 
     </span>
     <span class='ocr_line' id='line_1_48' title="bbox 876 345 1577 386; baseline 0.004 -11"><span class='ocrx_word' id='word_1_263' title='bbox 876 345 989 376; x_wconf 81' lang='lat' dir='ltr'>Elzev.</span> <span class='ocrx_word' id='word_1_264' title='bbox 1007 351 1040 376; x_wconf 74' lang='lat' dir='ltr'>ot</span> <span class='ocrx_word' id='word_1_265' title='bbox 1058 346 1251 384; x_wconf 67' lang='lat' dir='ltr'>confecerunt</span> <span class='ocrx_word' id='word_1_266' title='bbox 1271 347 1304 378; x_wconf 90' lang='lat' dir='ltr'>iu</span> <span class='ocrx_word' id='word_1_267' title='bbox 1322 346 1416 377; x_wconf 80' lang='lat' dir='ltr'>Leid.</span> <span class='ocrx_word' id='word_1_268' title='bbox 1436 357 1485 386; x_wconf 83' lang='lat' dir='ltr'>pr.</span> <span class='ocrx_word' id='word_1_269' title='bbox 1510 348 1577 378; x_wconf 83' lang='lat' dir='ltr'>Sed</span> 
     </span>
     <span class='ocr_line' id='line_1_49' title="bbox 874 396 1579 437; baseline 0.003 -12"><span class='ocrx_word' id='word_1_270' title='bbox 874 405 956 425; x_wconf 76' lang='lat' dir='ltr'>cave</span> <span class='ocrx_word' id='word_1_271' title='bbox 989 396 1068 437; x_wconf 80' lang='lat' dir='ltr'>quid</span> <span class='ocrx_word' id='word_1_272' title='bbox 1098 402 1219 427; x_wconf 68' lang='lat' dir='ltr'>mutes.</span> <span class='ocrx_word' id='word_1_273' title='bbox 1275 396 1417 427; x_wconf 76' lang='lat' dir='ltr'>Adiudit</span> <span class='ocrx_word' id='word_1_274' title='bbox 1448 397 1579 428; x_wconf 80' lang='lat' dir='ltr'>Hirtius</span> 
     </span>
     <span class='ocr_line' id='line_1_50' title="bbox 872 446 1579 488; baseline 0 -12"><span class='ocrx_word' id='word_1_275' title='bbox 872 446 913 476; x_wconf 82' lang='lat' dir='ltr'>ad</span> <span class='ocrx_word' id='word_1_276' title='bbox 946 456 1063 477; x_wconf 66' lang='lat' dir='ltr'>vocent</span> <span class='ocrx_word' id='word_1_277' title='bbox 1099 447 1220 485; x_wconf 79' lang='grc' dir='ltr'><strong>πῆγμα.</strong></span> <span class='ocrx_word' id='word_1_278' title='bbox 1267 447 1399 478; x_wconf 71' lang='lat' dir='ltr'>Glossae</span> <span class='ocrx_word' id='word_1_279' title='bbox 1439 446 1579 488; x_wconf 65' lang='lat' dir='ltr'>Conligit</span> 
     </span>
     <span class='ocr_line' id='line_1_51' title="bbox 872 496 1579 539; baseline -0.001 -12"><span class='ocrx_word' id='word_1_280' title='bbox 872 497 1055 534; x_wconf 80' lang='grc' dir='ltr'>συνπήσσει,</span> <span class='ocrx_word' id='word_1_281' title='bbox 1069 499 1178 537; x_wconf 69' lang='grc' dir='ltr'>πῆγμα</span> <span class='ocrx_word' id='word_1_282' title='bbox 1193 497 1356 539; x_wconf 76' lang='lat' dir='ltr'>confixum.</span> <span class='ocrx_word' id='word_1_283' title='bbox 1402 496 1579 537; x_wconf 67' lang='lat' dir='ltr'>Adposite,</span> 
     </span>
     <span class='ocr_line' id='line_1_52' title="bbox 872 547 1578 587; baseline 0 -9"><span class='ocrx_word' id='word_1_284' title='bbox 872 554 908 578; x_wconf 86' lang='lat' dir='ltr'>ut</span> <span class='ocrx_word' id='word_1_285' title='bbox 936 548 1001 586; x_wconf 64' lang='lat' dir='ltr'>legi</span> <span class='ocrx_word' id='word_1_286' title='bbox 1030 548 1144 584; x_wconf 79' lang='lat' dir='ltr'>(lebet,</span> <span class='ocrx_word' id='word_1_287' title='bbox 1175 547 1276 587; x_wconf 83' lang='lat' dir='ltr'>Apul.</span> <span class='ocrx_word' id='word_1_288' title='bbox 1311 548 1451 577; x_wconf 73' lang='lat' dir='ltr'>Metam.</span> <span class='ocrx_word' id='word_1_289' title='bbox 1481 548 1502 577; x_wconf 91' lang='grc' dir='ltr'><strong>Ι.</strong></span> <span class='ocrx_word' id='word_1_290' title='bbox 1531 555 1578 578; x_wconf 84' lang='grc' dir='ltr'>ιν.</span> 
     </span>
     <span class='ocr_line' id='line_1_53' title="bbox 872 596 1577 638; baseline 0 -11"><span class='ocrx_word' id='word_1_291' title='bbox 872 608 904 638; x_wconf 82' lang='lat' dir='ltr'>p.</span> <span class='ocrx_word' id='word_1_292' title='bbox 922 601 973 628; x_wconf 83' lang='lat'>72.</span> <span class='ocrx_word' id='word_1_293' title='bbox 999 598 1062 628; x_wconf 82' lang='lat' dir='ltr'>Ed.</span> <span class='ocrx_word' id='word_1_294' title='bbox 1090 598 1181 629; x_wconf 76' lang='lat' dir='ltr'>Piic.</span> <span class='ocrx_word' id='word_1_295' title='bbox 1207 600 1215 614; x_wconf 93' lang='lat'>‘</span> <span class='ocrx_word' id='word_1_296' title='bbox 1235 597 1399 628; x_wconf 77' lang='lat' dir='ltr'>confixilis</span> <span class='ocrx_word' id='word_1_297' title='bbox 1416 596 1577 627; x_wconf 69' lang='lat' dir='ltr'>machinae</span> 
     </span>
     <span class='ocr_line' id='line_1_54' title="bbox 872 646 1578 678; baseline 0 -1"><span class='ocrx_word' id='word_1_298' title='bbox 872 647 1026 678; x_wconf 72' lang='lat' dir='ltr'>subliciae</span> <span class='ocrx_word' id='word_1_299' title='bbox 1046 652 1155 678; x_wconf 81' lang='lat' dir='ltr'>turres</span> <span class='ocrx_word' id='word_1_300' title='bbox 1172 647 1361 678; x_wconf 82' lang='lat' dir='ltr'>tabularum</span> <span class='ocrx_word' id='word_1_301' title='bbox 1379 647 1521 678; x_wconf 84' lang='lat' dir='ltr'>nexibus</span> <span class='ocrx_word' id='word_1_302' title='bbox 1535 646 1578 677; x_wconf 86' lang='lat' dir='ltr'>ad</span> 
     </span>
     <span class='ocr_line' id='line_1_55' title="bbox 870 696 1575 728; baseline 0 -1"><span class='ocrx_word' id='word_1_303' title='bbox 870 698 977 728; x_wconf 84' lang='lat' dir='ltr'>instar</span> <span class='ocrx_word' id='word_1_304' title='bbox 1015 696 1290 728; x_wconf 65' lang='lat' dir='ltr'>circumforanea»</span> <span class='ocrx_word' id='word_1_305' title='bbox 1325 697 1442 727; x_wconf 86' lang='lat' dir='ltr'>domus</span> <span class='ocrx_word' id='word_1_306' title='bbox 1460 697 1480 726; x_wconf 88' lang='lat'>:&#39;</span> <span class='ocrx_word' id='word_1_307' title='bbox 1519 696 1575 727; x_wconf 89' lang='lat' dir='ltr'>ubi</span> 
     </span>
     <span class='ocr_line' id='line_1_56' title="bbox 870 745 1577 785; baseline 0 -8"><span class='ocrx_word' id='word_1_308' title='bbox 870 748 970 785; x_wconf 64' lang='lat' dir='ltr'>vulgo</span> <span class='ocrx_word' id='word_1_309' title='bbox 997 747 1105 778; x_wconf 85' lang='lat' dir='ltr'>male:</span> <span class='ocrx_word' id='word_1_310' title='bbox 1130 748 1138 763; x_wconf 89' lang='lat'>‘</span> <span class='ocrx_word' id='word_1_311' title='bbox 1156 746 1315 777; x_wconf 69' lang='lat' dir='ltr'>sublicae:</span> <span class='ocrx_word' id='word_1_312' title='bbox 1343 752 1454 776; x_wconf 84' lang='lat' dir='ltr'>turres</span> <span class='ocrx_word' id='word_1_313' title='bbox 1479 745 1577 777; x_wconf 83' lang='lat' dir='ltr'>tabu-</span> 
     </span>
     <span class='ocr_line' id='line_1_57' title="bbox 869 797 1430 828; baseline 0 -1"><span class='ocrx_word' id='word_1_314' title='bbox 869 798 974 827; x_wconf 80' lang='lat' dir='ltr'>larum</span> <span class='ocrx_word' id='word_1_315' title='bbox 993 797 1158 828; x_wconf 65' lang='lat' dir='ltr'>nexibus!</span> <span class='ocrx_word' id='word_1_316' title='bbox 1183 798 1223 827; x_wconf 87' lang='lat' dir='ltr'>V.</span> <span class='ocrx_word' id='word_1_317' title='bbox 1240 797 1430 828; x_wconf 84' lang='lat' dir='ltr'>Comment.</span> 
     </span>
    </p>

    <p class='ocr_par' dir='ltr' id='par_1_9' title="bbox 860 847 1579 2445">
     <span class='ocr_line' id='line_1_58' title="bbox 914 847 1578 888; baseline -0.003 -9"><span class='ocrx_word' id='word_1_318' title='bbox 914 851 954 879; x_wconf 79' lang='lat'>10</span> <span class='ocrx_word' id='word_1_319' title='bbox 978 848 1118 879; x_wconf 77' lang='lat' dir='ltr'>Funibns</span> <span class='ocrx_word' id='word_1_320' title='bbox 1136 848 1345 888; x_wconf 76' lang='lat' dir='ltr'>jumentisque</span> <span class='ocrx_word' id='word_1_321' title='bbox 1372 847 1509 887; x_wconf 76' lang='lat' dir='ltr'>objectis,</span> <span class='ocrx_word' id='word_1_322' title='bbox 1529 847 1578 877; x_wconf 80' lang='lat' dir='ltr'>‹ii-</span> 
     </span>
     <span class='ocr_line' id='line_1_59' title="bbox 868 897 1579 939; baseline 0.001 -10"><span class='ocrx_word' id='word_1_323' title='bbox 868 899 961 929; x_wconf 79' lang='lat' dir='ltr'>rectis</span> <span class='ocrx_word' id='word_1_324' title='bbox 974 898 1100 939; x_wconf 73' lang='lat' dir='ltr'>plateis]</span> <span class='ocrx_word' id='word_1_325' title='bbox 1125 898 1164 929; x_wconf 94' lang='lat' dir='ltr'>In</span> <span class='ocrx_word' id='word_1_326' title='bbox 1182 907 1222 928; x_wconf 90' lang='lat' dir='ltr'>eo</span> <span class='ocrx_word' id='word_1_327' title='bbox 1237 898 1307 929; x_wconf 91' lang='lat' dir='ltr'>solo</span> <span class='ocrx_word' id='word_1_328' title='bbox 1324 898 1454 928; x_wconf 77' lang='lat' dir='ltr'>variant</span> <span class='ocrx_word' id='word_1_329' title='bbox 1471 897 1579 931; x_wconf 89' lang='lat' dir='ltr'>Codd.</span> 
     </span>
     <span class='ocr_line' id='line_1_60' title="bbox 870 948 1575 990; baseline -0.004 -10"><span class='ocrx_word' id='word_1_330' title='bbox 870 949 959 990; x_wconf 82' lang='lat' dir='ltr'>quod</span> <span class='ocrx_word' id='word_1_331' title='bbox 977 949 1038 981; x_wconf 70' lang='lat' dir='ltr'>Ms.</span> <span class='ocrx_word' id='word_1_332' title='bbox 1060 949 1200 980; x_wconf 88' lang='lat' dir='ltr'>Norvic.</span> <span class='ocrx_word' id='word_1_333' title='bbox 1214 953 1248 979; x_wconf 86' lang='lat' dir='ltr'>et</span> <span class='ocrx_word' id='word_1_334' title='bbox 1261 948 1357 979; x_wconf 80' lang='lat' dir='ltr'>editt.</span> <span class='ocrx_word' id='word_1_335' title='bbox 1375 948 1470 978; x_wconf 87' lang='lat' dir='ltr'>Rom.</span> <span class='ocrx_word' id='word_1_336' title='bbox 1487 948 1575 981; x_wconf 66' lang='lat' dir='ltr'>Ven,</span> 
     </span>
     <span class='ocr_line' id='line_1_61' title="bbox 871 998 1578 1030; baseline -0.003 -1"><span class='ocrx_word' id='word_1_337' title='bbox 871 999 1031 1030; x_wconf 81' lang='lat' dir='ltr'>Beroald.</span> <span class='ocrx_word' id='word_1_338' title='bbox 1063 1009 1138 1029; x_wconf 89' lang='lat' dir='ltr'>cum</span> <span class='ocrx_word' id='word_1_339' title='bbox 1176 999 1248 1029; x_wconf 85' lang='lat' dir='ltr'>aliis</span> <span class='ocrx_word' id='word_1_340' title='bbox 1279 998 1450 1028; x_wconf 76' lang='lat' dir='ltr'>nonnullis</span> <span class='ocrx_word' id='word_1_341' title='bbox 1487 998 1578 1028; x_wconf 86' lang='lat' dir='ltr'>exhi-</span> 
     </span>
     <span class='ocr_line' id='line_1_62' title="bbox 871 1048 1578 1088; baseline -0.001 -9"><span class='ocrx_word' id='word_1_342' title='bbox 871 1049 971 1080; x_wconf 82' lang='lat' dir='ltr'>beant</span> <span class='ocrx_word' id='word_1_343' title='bbox 989 1049 1116 1079; x_wconf 79' lang='lat' dir='ltr'>directis</span> <span class='ocrx_word' id='word_1_344' title='bbox 1128 1049 1255 1088; x_wconf 77' lang='lat' dir='ltr'>pluteis,</span> <span class='ocrx_word' id='word_1_345' title='bbox 1279 1048 1367 1078; x_wconf 68' lang='lat' dir='ltr'>unde</span> <span class='ocrx_word' id='word_1_346' title='bbox 1387 1049 1461 1078; x_wconf 84' lang='lat' dir='ltr'>Pet.</span> <span class='ocrx_word' id='word_1_347' title='bbox 1482 1048 1578 1079; x_wconf 84' lang='lat' dir='ltr'>Ciac-</span> 
     </span>
     <span class='ocr_line' id='line_1_63' title="bbox 871 1098 1578 1137; baseline -0.001 -8"><span class='ocrx_word' id='word_1_348' title='bbox 871 1099 999 1137; x_wconf 84' lang='lat' dir='ltr'>couius,</span> <span class='ocrx_word' id='word_1_349' title='bbox 1030 1099 1152 1129; x_wconf 80' lang='lat' dir='ltr'>omissa</span> <span class='ocrx_word' id='word_1_350' title='bbox 1177 1108 1261 1129; x_wconf 76' lang='lat' dir='ltr'>voce</span> <span class='ocrx_word' id='word_1_351' title='bbox 1294 1103 1328 1129; x_wconf 87' lang='lat' dir='ltr'>et</span> <span class='ocrx_word' id='word_1_352' title='bbox 1356 1103 1484 1129; x_wconf 86' lang='lat' dir='ltr'>mutata</span> <span class='ocrx_word' id='word_1_353' title='bbox 1513 1098 1578 1128; x_wconf 84' lang='lat' dir='ltr'>dis-</span> 
     </span>
     <span class='ocr_line' id='line_1_64' title="bbox 871 1147 1577 1188; baseline 0.001 -10"><span class='ocrx_word' id='word_1_354' title='bbox 871 1149 1051 1187; x_wconf 82' lang='lat' dir='ltr'>tinctione,</span> <span class='ocrx_word' id='word_1_355' title='bbox 1064 1147 1577 1188; x_wconf 73' lang='lat' dir='ltr'>rescribitfunibusJumentisque</span> 
     </span>
     <span class='ocr_line' id='line_1_65' title="bbox 868 1197 1577 1238; baseline 0.001 -11"><span class='ocrx_word' id='word_1_356' title='bbox 868 1197 992 1236; x_wconf 72' lang='lat' dir='ltr'>objectis</span> <span class='ocrx_word' id='word_1_357' title='bbox 1017 1198 1143 1237; x_wconf 73' lang='lat' dir='ltr'>pluteis,</span> <span class='ocrx_word' id='word_1_358' title='bbox 1171 1202 1208 1228; x_wconf 90' lang='lat' dir='ltr'>ut</span> <span class='ocrx_word' id='word_1_359' title='bbox 1245 1198 1325 1228; x_wconf 85' lang='lat' dir='ltr'>velit</span> <span class='ocrx_word' id='word_1_360' title='bbox 1358 1198 1500 1237; x_wconf 82' lang='lat' dir='ltr'>Hirtius,</span> <span class='ocrx_word' id='word_1_361' title='bbox 1524 1198 1577 1238; x_wconf 87' lang='lat' dir='ltr'>ju-</span> 
     </span>
     <span class='ocr_line' id='line_1_66' title="bbox 869 1246 1576 1288; baseline 0.003 -11"><span class='ocrx_word' id='word_1_362' title='bbox 869 1253 985 1278; x_wconf 80' lang='lat' dir='ltr'>menta</span> <span class='ocrx_word' id='word_1_363' title='bbox 1003 1247 1143 1288; x_wconf 85' lang='lat' dir='ltr'>objectu</span> <span class='ocrx_word' id='word_1_364' title='bbox 1169 1247 1360 1287; x_wconf 80' lang='lat' dir='ltr'>pluteorum</span> <span class='ocrx_word' id='word_1_365' title='bbox 1377 1246 1483 1278; x_wconf 83' lang='lat' dir='ltr'>fnisse</span> <span class='ocrx_word' id='word_1_366' title='bbox 1500 1257 1576 1288; x_wconf 87' lang='lat' dir='ltr'>pro-</span> 
     </span>
     <span class='ocr_line' id='line_1_67' title="bbox 869 1297 1576 1336; baseline -0.001 -8"><span class='ocrx_word' id='word_1_367' title='bbox 869 1302 983 1336; x_wconf 80' lang='lat' dir='ltr'>tecta3</span> <span class='ocrx_word' id='word_1_368' title='bbox 1013 1307 1075 1328; x_wconf 89' lang='lat' dir='ltr'>nec</span> <span class='ocrx_word' id='word_1_369' title='bbox 1099 1298 1141 1328; x_wconf 80' lang='lat' dir='ltr'>ab</span> <span class='ocrx_word' id='word_1_370' title='bbox 1168 1298 1232 1328; x_wconf 86' lang='lat' dir='ltr'>hac</span> <span class='ocrx_word' id='word_1_371' title='bbox 1258 1297 1429 1328; x_wconf 81' lang='lat' dir='ltr'>sententia</span> <span class='ocrx_word' id='word_1_372' title='bbox 1456 1297 1576 1328; x_wconf 87' lang='lat' dir='ltr'>abhor-</span> 
     </span>
     <span class='ocr_line' id='line_1_68' title="bbox 869 1347 1574 1387; baseline 0 -9"><span class='ocrx_word' id='word_1_373' title='bbox 869 1357 944 1380; x_wconf 86' lang='lat' dir='ltr'>rere</span> <span class='ocrx_word' id='word_1_374' title='bbox 971 1348 1211 1379; x_wconf 72' lang='lat' dir='ltr'>videtui-Just.</span> <span class='ocrx_word' id='word_1_375' title='bbox 1239 1347 1382 1387; x_wconf 75' lang='lat' dir='ltr'>Lipsius,</span> <span class='ocrx_word' id='word_1_376' title='bbox 1409 1347 1464 1387; x_wconf 87' lang='lat' dir='ltr'>qui</span> <span class='ocrx_word' id='word_1_377' title='bbox 1484 1347 1574 1379; x_wconf 89' lang='lat' dir='ltr'>Poli-</span> 
     </span>
     <span class='ocr_line' id='line_1_69' title="bbox 869 1396 1575 1438; baseline -0.001 -9"><span class='ocrx_word' id='word_1_378' title='bbox 869 1407 938 1429; x_wconf 74' lang='lat' dir='ltr'>orc,</span> <span class='ocrx_word' id='word_1_379' title='bbox 964 1399 985 1429; x_wconf 93' lang='lat' dir='ltr'>l.</span> <span class='ocrx_word' id='word_1_380' title='bbox 1011 1407 1051 1429; x_wconf 87' lang='lat'>11.</span> <span class='ocrx_word' id='word_1_381' title='bbox 1079 1398 1173 1429; x_wconf 88' lang='lat' dir='ltr'>Dial.</span> <span class='ocrx_word' id='word_1_382' title='bbox 1190 1400 1222 1428; x_wconf 82' lang='grc'><strong>4.</strong></span> <span class='ocrx_word' id='word_1_383' title='bbox 1247 1407 1308 1437; x_wconf 87' lang='lat' dir='ltr'>pro</span> <span class='ocrx_word' id='word_1_384' title='bbox 1335 1396 1463 1435; x_wconf 69' lang='lat' dir='ltr'>obJ&#39;ectis</span> <span class='ocrx_word' id='word_1_385' title='bbox 1489 1407 1575 1438; x_wconf 83' lang='lat' dir='ltr'>prae-</span> 
     </span>
     <span class='ocr_line' id='line_1_70' title="bbox 869 1447 1576 1489; baseline 0 -10"><span class='ocrx_word' id='word_1_386' title='bbox 869 1454 965 1479; x_wconf 77' lang='lat' dir='ltr'>terea</span> <span class='ocrx_word' id='word_1_387' title='bbox 994 1449 1080 1489; x_wconf 86' lang='lat' dir='ltr'>legit</span> <span class='ocrx_word' id='word_1_388' title='bbox 1113 1448 1269 1484; x_wconf 76' lang='lat' dir='ltr'>obtectis;</span> <span class='ocrx_word' id='word_1_389' title='bbox 1305 1447 1433 1488; x_wconf 82' lang='lat' dir='ltr'>absque</span> <span class='ocrx_word' id='word_1_390' title='bbox 1472 1457 1576 1479; x_wconf 81' lang='lat' dir='ltr'>causa</span> 
     </span>
     <span class='ocr_line' id='line_1_71' title="bbox 869 1500 1578 1542; baseline -0.001 -11"><span class='ocrx_word' id='word_1_391' title='bbox 869 1501 1003 1542; x_wconf 86' lang='lat' dir='ltr'>quidem</span> <span class='ocrx_word' id='word_1_392' title='bbox 1031 1501 1174 1541; x_wconf 74' lang='lat' dir='ltr'>sontica,</span> <span class='ocrx_word' id='word_1_393' title='bbox 1204 1500 1337 1531; x_wconf 83' lang='lat' dir='ltr'>etiamsi</span> <span class='ocrx_word' id='word_1_394' title='bbox 1368 1500 1516 1540; x_wconf 84' lang='lat' dir='ltr'>priorem</span> <span class='ocrx_word' id='word_1_395' title='bbox 1545 1508 1578 1530; x_wconf 88' lang='lat' dir='ltr'>e-</span> 
     </span>
     <span class='ocr_line' id='line_1_72' title="bbox 868 1552 1574 1593; baseline 0 -10"><span class='ocrx_word' id='word_1_396' title='bbox 868 1553 1119 1585; x_wconf 67' lang='lat' dir='ltr'>mandationem</span> <span class='ocrx_word' id='word_1_397' title='bbox 1136 1553 1441 1593; x_wconf 85' lang='lat' dir='ltr'>recipiamus,cum</span> <span class='ocrx_word' id='word_1_398' title='bbox 1459 1552 1574 1584; x_wconf 87' lang='lat' dir='ltr'>Caesar</span> 
     </span>
     <span class='ocr_line' id='line_1_73' title="bbox 868 1602 1575 1643; baseline 0.001 -11"><span class='ocrx_word' id='word_1_399' title='bbox 868 1603 908 1633; x_wconf 86' lang='lat' dir='ltr'>B.</span> <span class='ocrx_word' id='word_1_400' title='bbox 926 1603 965 1634; x_wconf 92' lang='lat' dir='ltr'>C.</span> <span class='ocrx_word' id='word_1_401' title='bbox 983 1612 1021 1634; x_wconf 83' lang='lat'>11.</span> <span class='ocrx_word' id='word_1_402' title='bbox 1039 1606 1090 1634; x_wconf 86' lang='lat'>15.</span> <span class='ocrx_word' id='word_1_403' title='bbox 1115 1603 1243 1634; x_wconf 82' lang='lat' dir='ltr'>dixerit</span> <span class='ocrx_word' id='word_1_404' title='bbox 1259 1604 1267 1620; x_wconf 88' lang='lat'>‘</span> <span class='ocrx_word' id='word_1_405' title='bbox 1286 1603 1447 1633; x_wconf 84' lang='lat' dir='ltr'>adversus</span> <span class='ocrx_word' id='word_1_406' title='bbox 1464 1602 1575 1643; x_wconf 87' lang='lat' dir='ltr'>plutei</span> 
     </span>
     <span class='ocr_line' id='line_1_74' title="bbox 868 1652 1575 1693; baseline 0 -10"><span class='ocrx_word' id='word_1_407' title='bbox 868 1652 1027 1693; x_wconf 70' lang='lat' dir='ltr'>objectu!</span> <span class='ocrx_word' id='word_1_408' title='bbox 1057 1653 1146 1684; x_wconf 89' lang='lat' dir='ltr'>Sana</span> <span class='ocrx_word' id='word_1_409' title='bbox 1163 1657 1228 1693; x_wconf 88' lang='lat' dir='ltr'>est,</span> <span class='ocrx_word' id='word_1_410' title='bbox 1245 1657 1281 1684; x_wconf 89' lang='lat' dir='ltr'>ut</span> <span class='ocrx_word' id='word_1_411' title='bbox 1298 1653 1457 1693; x_wconf 81' lang='lat' dir='ltr'>arbitror,</span> <span class='ocrx_word' id='word_1_412' title='bbox 1471 1653 1575 1684; x_wconf 90' lang='lat' dir='ltr'>lectio</span> 
     </span>
     <span class='ocr_line' id='line_1_75' title="bbox 871 1702 1573 1743; baseline 0.004 -11"><span class='ocrx_word' id='word_1_413' title='bbox 871 1702 1021 1742; x_wconf 69' lang='lat' dir='ltr'>vulgata.</span> <span class='ocrx_word' id='word_1_414' title='bbox 1077 1703 1132 1734; x_wconf 92' lang='lat' dir='ltr'>Sic</span> <span class='ocrx_word' id='word_1_415' title='bbox 1170 1703 1309 1743; x_wconf 78' lang='lat' dir='ltr'>hujusce</span> <span class='ocrx_word' id='word_1_416' title='bbox 1346 1703 1425 1734; x_wconf 86' lang='lat' dir='ltr'>libri</span> <span class='ocrx_word' id='word_1_417' title='bbox 1460 1712 1489 1734; x_wconf 89' lang='lat' dir='ltr'>c.</span> <span class='ocrx_word' id='word_1_418' title='bbox 1521 1706 1573 1735; x_wconf 84' lang='lat'>36.</span> 
     </span>
     <span class='ocr_line' id='line_1_76' title="bbox 870 1751 1573 1784; baseline 0.004 -3"><span class='ocrx_word' id='word_1_419' title='bbox 870 1753 878 1768; x_wconf 72' lang='lat'>⁴</span> <span class='ocrx_word' id='word_1_420' title='bbox 897 1751 1073 1782; x_wconf 83' lang='lat' dir='ltr'>Montibus</span> <span class='ocrx_word' id='word_1_421' title='bbox 1105 1756 1219 1783; x_wconf 89' lang='lat' dir='ltr'>tamen</span> <span class='ocrx_word' id='word_1_422' title='bbox 1248 1753 1325 1784; x_wconf 80' lang='lat' dir='ltr'>altis</span> <span class='ocrx_word' id='word_1_423' title='bbox 1361 1752 1403 1784; x_wconf 88' lang='lat' dir='ltr'>ab</span> <span class='ocrx_word' id='word_1_424' title='bbox 1441 1753 1573 1784; x_wconf 86' lang='lat' dir='ltr'>duobus</span> 
     </span>
     <span class='ocr_line' id='line_1_77' title="bbox 868 1802 1575 1843; baseline 0.001 -11"><span class='ocrx_word' id='word_1_425' title='bbox 868 1802 1032 1833; x_wconf 84' lang='lat' dir='ltr'>lateribus</span> <span class='ocrx_word' id='word_1_426' title='bbox 1047 1802 1195 1841; x_wconf 62' lang='lat' dir='ltr'>objectis)</span> <span class='ocrx_word' id='word_1_427' title='bbox 1231 1803 1307 1834; x_wconf 92' lang='lat' dir='ltr'>Hoc</span> <span class='ocrx_word' id='word_1_428' title='bbox 1324 1807 1417 1834; x_wconf 87' lang='lat' dir='ltr'>certe</span> <span class='ocrx_word' id='word_1_429' title='bbox 1434 1806 1575 1843; x_wconf 83' lang='lat' dir='ltr'>praestat</span> 
     </span>
     <span class='ocr_line' id='line_1_78' title="bbox 870 1852 1574 1894; baseline 0.001 -13"><span class='ocrx_word' id='word_1_430' title='bbox 870 1852 1097 1892; x_wconf 84' lang='lat' dir='ltr'>Scaligeranae</span> <span class='ocrx_word' id='word_1_431' title='bbox 1115 1853 1252 1892; x_wconf 87' lang='lat' dir='ltr'>rationi,</span> <span class='ocrx_word' id='word_1_432' title='bbox 1268 1863 1329 1893; x_wconf 83' lang='lat' dir='ltr'>pro</span> <span class='ocrx_word' id='word_1_433' title='bbox 1354 1862 1420 1894; x_wconf 88' lang='lat' dir='ltr'>qua</span> <span class='ocrx_word' id='word_1_434' title='bbox 1443 1862 1507 1883; x_wconf 78' lang='lat' dir='ltr'>vox</span> <span class='ocrx_word' id='word_1_435' title='bbox 1523 1852 1574 1883; x_wconf 89' lang='lat' dir='ltr'>ob-</span> 
     </span>
     <span class='ocr_line' id='line_1_79' title="bbox 860 1900 1574 1939; baseline 0.001 -7"><span class='ocrx_word' id='word_1_436' title='bbox 860 1900 958 1939; x_wconf 78' lang='lat' dir='ltr'>jectis</span> <span class='ocrx_word' id='word_1_437' title='bbox 988 1907 1059 1933; x_wconf 85' lang='lat' dir='ltr'>tota</span> <span class='ocrx_word' id='word_1_438' title='bbox 1089 1908 1141 1934; x_wconf 88' lang='lat' dir='ltr'>est</span> <span class='ocrx_word' id='word_1_439' title='bbox 1171 1902 1387 1934; x_wconf 85' lang='lat' dir='ltr'>eliminanda.</span> <span class='ocrx_word' id='word_1_440' title='bbox 1445 1902 1574 1933; x_wconf 86' lang='lat' dir='ltr'>Turres</span> 
     </span>
     <span class='ocr_line' id='line_1_80' title="bbox 871 1951 1573 1993; baseline 0.003 -13"><span class='ocrx_word' id='word_1_441' title='bbox 871 1952 989 1991; x_wconf 82' lang='lat' dir='ltr'>procul</span> <span class='ocrx_word' id='word_1_442' title='bbox 1008 1951 1111 1983; x_wconf 88' lang='lat' dir='ltr'>dubio</span> <span class='ocrx_word' id='word_1_443' title='bbox 1128 1952 1259 1993; x_wconf 86' lang='lat' dir='ltr'>aliaque</span> <span class='ocrx_word' id='word_1_444' title='bbox 1274 1951 1436 1982; x_wconf 85' lang='lat' dir='ltr'>omniaiis</span> <span class='ocrx_word' id='word_1_445' title='bbox 1452 1952 1573 1992; x_wconf 88' lang='lat' dir='ltr'>plateis</span> 
     </span>
     <span class='ocr_line' id='line_1_81' title="bbox 868 1999 1574 2042; baseline 0 -11"><span class='ocrx_word' id='word_1_446' title='bbox 868 1999 1000 2031; x_wconf 76' lang='lat' dir='ltr'>facilius</span> <span class='ocrx_word' id='word_1_447' title='bbox 1023 2006 1180 2041; x_wconf 85' lang='lat' dir='ltr'>aguntur,</span> <span class='ocrx_word' id='word_1_448' title='bbox 1205 2011 1280 2042; x_wconf 83' lang='lat' dir='ltr'>quae</span> <span class='ocrx_word' id='word_1_449' title='bbox 1308 2005 1413 2032; x_wconf 85' lang='lat' dir='ltr'>rectae</span> <span class='ocrx_word' id='word_1_450' title='bbox 1437 2006 1516 2031; x_wconf 89' lang='lat' dir='ltr'>sunt</span> <span class='ocrx_word' id='word_1_451' title='bbox 1538 2006 1574 2032; x_wconf 89' lang='lat' dir='ltr'>et</span> 
     </span>
     <span class='ocr_line' id='line_1_82' title="bbox 868 2050 1575 2082; baseline 0.001 -1"><span class='ocrx_word' id='word_1_452' title='bbox 868 2050 938 2081; x_wconf 86' lang='lat' dir='ltr'>sine</span> <span class='ocrx_word' id='word_1_453' title='bbox 954 2051 1065 2082; x_wconf 85' lang='lat' dir='ltr'>multis</span> <span class='ocrx_word' id='word_1_454' title='bbox 1090 2050 1245 2082; x_wconf 81' lang='lat' dir='ltr'>flexibus.</span> <span class='ocrx_word' id='word_1_455' title='bbox 1269 2051 1381 2082; x_wconf 65' lang='lat' dir='ltr'>Dat-is.</span> <span class='ocrx_word' id='word_1_456' title='bbox 1402 2052 1575 2082; x_wconf 72' lang='lat' dir='ltr'>Jumentis-</span> 
     </span>
     <span class='ocr_line' id='line_1_83' title="bbox 869 2101 1572 2142; baseline 0 -10"><span class='ocrx_word' id='word_1_457' title='bbox 869 2112 925 2142; x_wconf 81' lang='lat' dir='ltr'>que</span> <span class='ocrx_word' id='word_1_458' title='bbox 947 2102 1085 2141; x_wconf 78' lang='lat' dir='ltr'>objectis,</span> <span class='ocrx_word' id='word_1_459' title='bbox 1101 2103 1163 2133; x_wconf 91' lang='lat' dir='ltr'>hoc</span> <span class='ocrx_word' id='word_1_460' title='bbox 1189 2106 1251 2140; x_wconf 80' lang='lat' dir='ltr'>est,</span> <span class='ocrx_word' id='word_1_461' title='bbox 1268 2102 1420 2140; x_wconf 77' lang='lat' dir='ltr'>jumentis</span> <span class='ocrx_word' id='word_1_462' title='bbox 1437 2101 1572 2139; x_wconf 77' lang='lat' dir='ltr'>junctis.</span> 
     </span>
     <span class='ocr_line' id='line_1_84' title="bbox 867 2151 1574 2191; baseline 0 -9"><span class='ocrx_word' id='word_1_463' title='bbox 867 2152 1061 2183; x_wconf 77' lang='lat' dir='ltr'>Sollicitam</span> <span class='ocrx_word' id='word_1_464' title='bbox 1074 2152 1160 2182; x_wconf 85' lang='lat' dir='ltr'>hanc</span> <span class='ocrx_word' id='word_1_465' title='bbox 1183 2152 1365 2183; x_wconf 85' lang='lat' dir='ltr'>lectionem</span> <span class='ocrx_word' id='word_1_466' title='bbox 1384 2151 1454 2182; x_wconf 84' lang='lat' dir='ltr'>Viri</span> <span class='ocrx_word' id='word_1_467' title='bbox 1468 2151 1574 2191; x_wconf 84' lang='lat' dir='ltr'>docti,</span> 
     </span>
     <span class='ocr_line' id='line_1_85' title="bbox 868 2201 1572 2242; baseline -0.001 -10"><span class='ocrx_word' id='word_1_468' title='bbox 868 2206 904 2232; x_wconf 88' lang='lat' dir='ltr'>et</span> <span class='ocrx_word' id='word_1_469' title='bbox 920 2201 1172 2233; x_wconf 83' lang='lat' dir='ltr'>emendationes</span> <span class='ocrx_word' id='word_1_470' title='bbox 1195 2201 1312 2233; x_wconf 90' lang='lat' dir='ltr'>nescio</span> <span class='ocrx_word' id='word_1_471' title='bbox 1336 2211 1418 2242; x_wconf 87' lang='lat' dir='ltr'>quas</span> <span class='ocrx_word' id='word_1_472' title='bbox 1435 2201 1572 2232; x_wconf 79' lang='lat' dir='ltr'>commi-</span> 
     </span>
     <span class='ocr_line' id='line_1_86' title="bbox 867 2250 1574 2293; baseline -0.001 -11"><span class='ocrx_word' id='word_1_473' title='bbox 867 2251 1053 2282; x_wconf 71' lang='lat' dir='ltr'>niscantur.</span> <span class='ocrx_word' id='word_1_474' title='bbox 1098 2252 1164 2282; x_wconf 88' lang='lat' dir='ltr'>Sed</span> <span class='ocrx_word' id='word_1_475' title='bbox 1185 2251 1469 2293; x_wconf 86' lang='lat' dir='ltr'>quemadmodum</span> <span class='ocrx_word' id='word_1_476' title='bbox 1484 2250 1574 2282; x_wconf 76' lang='lat' dir='ltr'>dixit</span> 
     </span>
     <span class='ocr_line' id='line_1_87' title="bbox 869 2301 1572 2342; baseline 0.001 -11"><span class='ocrx_word' id='word_1_477' title='bbox 869 2301 996 2341; x_wconf 82' lang='lat' dir='ltr'>Livius,</span> <span class='ocrx_word' id='word_1_478' title='bbox 1017 2301 1107 2339; x_wconf 86' lang='lat' dir='ltr'>fores</span> <span class='ocrx_word' id='word_1_479' title='bbox 1127 2306 1227 2342; x_wconf 67' lang='lat' dir='ltr'>portae</span> <span class='ocrx_word' id='word_1_480' title='bbox 1249 2301 1388 2341; x_wconf 62' lang='lat' dir='ltr'>olgjicere,</span> <span class='ocrx_word' id='word_1_481' title='bbox 1411 2306 1447 2332; x_wconf 92' lang='lat' dir='ltr'>et</span> <span class='ocrx_word' id='word_1_482' title='bbox 1473 2302 1572 2332; x_wconf 78' lang='lat' dir='ltr'>muni-</span> 
     </span>
     <span class='ocr_line' id='line_1_88' title="bbox 867 2353 1573 2392; baseline 0 -9"><span class='ocrx_word' id='word_1_483' title='bbox 867 2353 966 2383; x_wconf 74' lang='lat' dir='ltr'>tiones</span> <span class='ocrx_word' id='word_1_484' title='bbox 980 2353 1057 2384; x_wconf 74' lang='lat' dir='ltr'>vallo</span> <span class='ocrx_word' id='word_1_485' title='bbox 1072 2353 1207 2392; x_wconf 78' lang='lat' dir='ltr'>objectoe,</span> <span class='ocrx_word' id='word_1_486' title='bbox 1231 2354 1294 2384; x_wconf 89' lang='lat' dir='ltr'>hoc</span> <span class='ocrx_word' id='word_1_487' title='bbox 1319 2358 1382 2392; x_wconf 87' lang='lat' dir='ltr'>est,</span> <span class='ocrx_word' id='word_1_488' title='bbox 1397 2353 1550 2391; x_wconf 77' lang='lat' dir='ltr'>adjunctoe</span> <span class='ocrx_word' id='word_1_489' title='bbox 1560 2364 1573 2390; x_wconf 92' lang='grc'>,·</span> 
     </span>
     <span class='ocr_line' id='line_1_89' title="bbox 867 2402 1574 2445; baseline 0.003 -12"><span class='ocrx_word' id='word_1_490' title='bbox 867 2402 916 2433; x_wconf 84' lang='lat' dir='ltr'>ita</span> <span class='ocrx_word' id='word_1_491' title='bbox 931 2408 1027 2434; x_wconf 83' lang='lat' dir='ltr'>recte</span> <span class='ocrx_word' id='word_1_492' title='bbox 1043 2413 1177 2445; x_wconf 86' lang='lat' dir='ltr'>quoque</span> <span class='ocrx_word' id='word_1_493' title='bbox 1192 2404 1259 2434; x_wconf 89' lang='lat' dir='ltr'>dici</span> <span class='ocrx_word' id='word_1_494' title='bbox 1276 2403 1424 2443; x_wconf 79' lang='lat' dir='ltr'>videtur,</span> <span class='ocrx_word' id='word_1_495' title='bbox 1439 2403 1574 2441; x_wconf 76' lang='lat' dir='ltr'>funibus</span> 
     </span>
    </p>
   </div>
   <div class='ocr_carea' id='block_1_6' title="bbox 115 2453 1570 2495">
    <p class='ocr_par' dir='ltr' id='par_1_10' title="bbox 115 2453 1570 2495">
     <span class='ocr_line' id='line_1_90' title="bbox 115 2453 1570 2495; baseline -0.001 -9"><span class='ocrx_word' id='word_1_496' title='bbox 115 2454 231 2486; x_wconf 85' lang='lat' dir='ltr'>dicunt</span> <span class='ocrx_word' id='word_1_497' title='bbox 249 2455 361 2486; x_wconf 85' lang='lat' dir='ltr'>Latini</span> <span class='ocrx_word' id='word_1_498' title='bbox 382 2455 585 2495; x_wconf 84' lang='lat' dir='ltr'>Scriptores,</span> <span class='ocrx_word' id='word_1_499' title='bbox 602 2455 722 2486; x_wconf 78' lang='lat' dir='ltr'>tabulas</span> <span class='ocrx_word' id='word_1_500' title='bbox 737 2455 819 2486; x_wconf 81' lang='lat' dir='ltr'>iuter</span> <span class='ocrx_word' id='word_1_501' title='bbox 858 2453 1066 2494; x_wconf 79' lang='lat' dir='ltr'>jumentisque</span> <span class='ocrx_word' id='word_1_502' title='bbox 1094 2454 1232 2493; x_wconf 80' lang='lat' dir='ltr'>objectis,</span> <span class='ocrx_word' id='word_1_503' title='bbox 1260 2454 1324 2485; x_wconf 90' lang='lat' dir='ltr'>hoc</span> <span class='ocrx_word' id='word_1_504' title='bbox 1353 2458 1417 2492; x_wconf 82' lang='lat' dir='ltr'>est,</span> <span class='ocrx_word' id='word_1_505' title='bbox 1438 2453 1570 2491; x_wconf 72' lang='lat' dir='ltr'>junctis.</span> 
     </span>
    </p>
   </div>
   <div class='ocr_carea' id='block_1_7' title="bbox 113 2505 819 2788">
    <p class='ocr_par' dir='ltr' id='par_1_11' title="bbox 113 2505 819 2788">
     <span class='ocr_line' id='line_1_91' title="bbox 113 2505 818 2547; baseline 0.003 -12"><span class='ocrx_word' id='word_1_506' title='bbox 113 2514 146 2535; x_wconf 82' lang='lat' dir='ltr'>se</span> <span class='ocrx_word' id='word_1_507' title='bbox 168 2505 342 2547; x_wconf 77' lang='lat' dir='ltr'>configere;</span> <span class='ocrx_word' id='word_1_508' title='bbox 363 2505 409 2536; x_wconf 83' lang='lat' dir='ltr'>ita</span> <span class='ocrx_word' id='word_1_509' title='bbox 433 2505 589 2536; x_wconf 80' lang='lat' dir='ltr'>similiter</span> <span class='ocrx_word' id='word_1_510' title='bbox 613 2510 706 2537; x_wconf 83' lang='lat' dir='ltr'>recte</span> <span class='ocrx_word' id='word_1_511' title='bbox 737 2506 818 2537; x_wconf 77' lang='lat' dir='ltr'>dici-</span> 
     </span>
     <span class='ocr_line' id='line_1_92' title="bbox 118 2555 818 2598; baseline 0 -12"><span class='ocrx_word' id='word_1_512' title='bbox 118 2558 185 2593; x_wconf 84' lang='lat' dir='ltr'>tur,</span> <span class='ocrx_word' id='word_1_513' title='bbox 216 2558 317 2586; x_wconf 80' lang='lat' dir='ltr'>turres</span> <span class='ocrx_word' id='word_1_514' title='bbox 342 2555 470 2586; x_wconf 72' lang='lat' dir='ltr'>totidem</span> <span class='ocrx_word' id='word_1_515' title='bbox 496 2555 703 2586; x_wconf 79' lang='lat' dir='ltr'>tabulatorum</span> <span class='ocrx_word' id='word_1_516' title='bbox 726 2557 818 2598; x_wconf 72' lang='lat' dir='ltr'>corfi-</span> 
     </span>
     <span class='ocr_line' id='line_1_93' title="bbox 115 2604 817 2646; baseline 0.003 -11"><span class='ocrx_word' id='word_1_517' title='bbox 115 2604 210 2643; x_wconf 80' lang='lat' dir='ltr'>gere.’</span> <span class='ocrx_word' id='word_1_518' title='bbox 237 2606 344 2637; x_wconf 77' lang='lat' dir='ltr'>Clark.</span> <span class='ocrx_word' id='word_1_519' title='bbox 375 2606 470 2636; x_wconf 87' lang='lat' dir='ltr'>Idem</span> <span class='ocrx_word' id='word_1_520' title='bbox 485 2614 536 2637; x_wconf 73' lang='lat' dir='ltr'>xl.</span> <span class='ocrx_word' id='word_1_521' title='bbox 550 2611 581 2637; x_wconf 88' lang='lat'>5.</span> <span class='ocrx_word' id='word_1_522' title='bbox 605 2607 614 2622; x_wconf 92' lang='lat'>‘</span> <span class='ocrx_word' id='word_1_523' title='bbox 627 2606 711 2646; x_wconf 77' lang='lat' dir='ltr'>Apes</span> <span class='ocrx_word' id='word_1_524' title='bbox 722 2606 817 2637; x_wconf 72' lang='lat' dir='ltr'>favos</span> 
     </span>
     <span class='ocr_line' id='line_1_94' title="bbox 117 2653 817 2694; baseline 0.004 -11"><span class='ocrx_word' id='word_1_525' title='bbox 117 2653 293 2694; x_wconf 82' lang='lat' dir='ltr'>confingunt</span> <span class='ocrx_word' id='word_1_526' title='bbox 308 2660 343 2685; x_wconf 87' lang='lat' dir='ltr'>et</span> <span class='ocrx_word' id='word_1_527' title='bbox 357 2655 474 2686; x_wconf 84' lang='lat' dir='ltr'>ceras.’</span> <span class='ocrx_word' id='word_1_528' title='bbox 506 2655 585 2686; x_wconf 82' lang='lat' dir='ltr'>Pari</span> <span class='ocrx_word' id='word_1_529' title='bbox 598 2655 696 2686; x_wconf 85' lang='lat' dir='ltr'>modo</span> <span class='ocrx_word' id='word_1_530' title='bbox 714 2657 723 2673; x_wconf 91' lang='lat'>‘</span> <span class='ocrx_word' id='word_1_531' title='bbox 739 2656 817 2686; x_wconf 91' lang='lat' dir='ltr'>deo-</span> 
     </span>
     <span class='ocr_line' id='line_1_95' title="bbox 119 2704 816 2746; baseline 0.004 -13"><span class='ocrx_word' id='word_1_532' title='bbox 119 2712 192 2733; x_wconf 82' lang='lat' dir='ltr'>rum</span> <span class='ocrx_word' id='word_1_533' title='bbox 217 2704 394 2735; x_wconf 82' lang='lat' dir='ltr'>simulacra</span> <span class='ocrx_word' id='word_1_534' title='bbox 420 2704 622 2746; x_wconf 81' lang='lat' dir='ltr'>confingere’</span> <span class='ocrx_word' id='word_1_535' title='bbox 647 2709 700 2737; x_wconf 87' lang='lat' dir='ltr'>est</span> <span class='ocrx_word' id='word_1_536' title='bbox 726 2706 816 2745; x_wconf 87' lang='lat' dir='ltr'>apud</span> 
     </span>
     <span class='ocr_line' id='line_1_96' title="bbox 122 2752 819 2788; baseline 0.006 -4"><span class='ocrx_word' id='word_1_537' title='bbox 122 2752 336 2786; x_wconf 76' lang='lat' dir='ltr'>Lactantium</span> <span class='ocrx_word' id='word_1_538' title='bbox 357 2754 439 2787; x_wconf 87' lang='lat' dir='ltr'>Div.</span> <span class='ocrx_word' id='word_1_539' title='bbox 460 2754 574 2788; x_wconf 82' lang='lat' dir='ltr'>Instit.</span> <span class='ocrx_word' id='word_1_540' title='bbox 589 2764 613 2787; x_wconf 89' lang='lat'>1.</span> <span class='ocrx_word' id='word_1_541' title='bbox 633 2758 682 2788; x_wconf 90' lang='lat' dir='ltr'>ll.</span> <span class='ocrx_word' id='word_1_542' title='bbox 705 2755 819 2788; x_wconf 64' lang='lat' dir='ltr'>Dat-is.</span> 
     </span>
    </p>
   </div>
   <div class='ocr_carea' id='block_1_8' title="bbox 866 2503 1571 2793">
    <p class='ocr_par' dir='ltr' id='par_1_12' title="bbox 866 2503 1571 2793">
     <span class='ocr_line' id='line_1_97' title="bbox 866 2503 1571 2545; baseline 0 -11"><span class='ocrx_word' id='word_1_543' title='bbox 866 2503 1017 2534; x_wconf 82' lang='lat' dir='ltr'>Probam</span> <span class='ocrx_word' id='word_1_544' title='bbox 1032 2513 1105 2534; x_wconf 86' lang='lat' dir='ltr'>esse</span> <span class='ocrx_word' id='word_1_545' title='bbox 1131 2506 1302 2545; x_wconf 78' lang='lat' dir='ltr'>vulgatam</span> <span class='ocrx_word' id='word_1_546' title='bbox 1318 2504 1508 2541; x_wconf 81' lang='lat' dir='ltr'>lectionem,</span> <span class='ocrx_word' id='word_1_547' title='bbox 1525 2504 1571 2534; x_wconf 79' lang='lat' dir='ltr'>vi-</span> 
     </span>
     <span class='ocr_line' id='line_1_98' title="bbox 868 2552 1571 2594; baseline -0.003 -9"><span class='ocrx_word' id='word_1_548' title='bbox 868 2554 918 2585; x_wconf 91' lang='lat' dir='ltr'>dit</span> <span class='ocrx_word' id='word_1_549' title='bbox 939 2558 975 2585; x_wconf 87' lang='lat' dir='ltr'>et</span> <span class='ocrx_word' id='word_1_550' title='bbox 1002 2555 1183 2586; x_wconf 89' lang='lat' dir='ltr'>Davisius:</span> <span class='ocrx_word' id='word_1_551' title='bbox 1209 2565 1326 2585; x_wconf 84' lang='lat' dir='ltr'>verum</span> <span class='ocrx_word' id='word_1_552' title='bbox 1352 2564 1451 2594; x_wconf 88' lang='lat' dir='ltr'>quam</span> <span class='ocrx_word' id='word_1_553' title='bbox 1468 2552 1571 2584; x_wconf 83' lang='lat' dir='ltr'>affert</span> 
     </span>
     <span class='ocr_line' id='line_1_99' title="bbox 868 2601 1569 2643; baseline -0.003 -9"><span class='ocrx_word' id='word_1_554' title='bbox 868 2605 1013 2635; x_wconf 85' lang='lat' dir='ltr'>similem</span> <span class='ocrx_word' id='word_1_555' title='bbox 1029 2604 1245 2643; x_wconf 82' lang='lat' dir='ltr'>locutionem,</span> <span class='ocrx_word' id='word_1_556' title='bbox 1259 2603 1418 2634; x_wconf 59' lang='lat' dir='ltr'>Montibus</span> <span class='ocrx_word' id='word_1_557' title='bbox 1437 2603 1510 2633; x_wconf 76' lang='lat' dir='ltr'>altis</span> <span class='ocrx_word' id='word_1_558' title='bbox 1530 2601 1569 2632; x_wconf 81' lang='lat' dir='ltr'>ab</span> 
     </span>
     <span class='ocr_line' id='line_1_100' title="bbox 866 2652 1569 2692; baseline -0.004 -7"><span class='ocrx_word' id='word_1_559' title='bbox 866 2654 981 2685; x_wconf 79' lang='lat' dir='ltr'>duobus</span> <span class='ocrx_word' id='word_1_560' title='bbox 995 2654 1144 2685; x_wconf 79' lang='lat' dir='ltr'>lateribus</span> <span class='ocrx_word' id='word_1_561' title='bbox 1158 2654 1295 2692; x_wconf 58' lang='lat' dir='ltr'>obiectis,</span> <span class='ocrx_word' id='word_1_562' title='bbox 1318 2663 1358 2684; x_wconf 88' lang='lat' dir='ltr'>ea</span> <span class='ocrx_word' id='word_1_563' title='bbox 1380 2662 1447 2683; x_wconf 91' lang='lat' dir='ltr'>non</span> <span class='ocrx_word' id='word_1_564' title='bbox 1476 2652 1569 2682; x_wconf 83' lang='lat' dir='ltr'>vide·</span> 
     </span>
     <span class='ocr_line' id='line_1_101' title="bbox 868 2701 1569 2735; baseline -0.006 0"><span class='ocrx_word' id='word_1_565' title='bbox 868 2709 924 2735; x_wconf 87' lang='lat' dir='ltr'>tur</span> <span class='ocrx_word' id='word_1_566' title='bbox 945 2705 1027 2735; x_wconf 82' lang='lat' dir='ltr'>satis</span> <span class='ocrx_word' id='word_1_567' title='bbox 1051 2704 1092 2735; x_wconf 89' lang='lat' dir='ltr'>ad</span> <span class='ocrx_word' id='word_1_568' title='bbox 1116 2704 1355 2735; x_wconf 87' lang='lat' dir='ltr'>auctoritatem</span> <span class='ocrx_word' id='word_1_569' title='bbox 1377 2701 1504 2732; x_wconf 83' lang='lat' dir='ltr'>habere</span> <span class='ocrx_word' id='word_1_570' title='bbox 1526 2701 1569 2732; x_wconf 90' lang='lat' dir='ltr'>si-</span> 
     </span>
     <span class='ocr_line' id='line_1_102' title="bbox 866 2751 1570 2793; baseline -0.006 -7"><span class='ocrx_word' id='word_1_571' title='bbox 866 2754 1077 2786; x_wconf 86' lang='lat' dir='ltr'>militudinis.</span> <span class='ocrx_word' id='word_1_572' title='bbox 1104 2754 1211 2785; x_wconf 83' lang='lat' dir='ltr'>Clark.</span> <span class='ocrx_word' id='word_1_573' title='bbox 1245 2753 1315 2785; x_wconf 88' lang='lat' dir='ltr'>Pro</span> <span class='ocrx_word' id='word_1_574' title='bbox 1340 2751 1477 2793; x_wconf 76' lang='lat' dir='ltr'>vulgata</span> <span class='ocrx_word' id='word_1_575' title='bbox 1501 2751 1570 2783; x_wconf 80' lang='lat' dir='ltr'>lee-</span> 
     </span>
    </p>
   </div>
  </div>
 </body>
</html>
