1850 3109
242 213 353 255 1460

239 316 338 356 bullii,
367 314 427 347 sed
458 314 602 346 Coesaris.
648 314 751 347 Quasi
768 324 849 345 vcro
875 323 941 344 non

238 366 380 406 intelligi
405 366 532 406 possint
554 365 682 395 Vibullio
709 366 796 401 duta,
812 369 847 393 ut
864 364 942 401 iuju-

236 416 297 447 riae
309 417 414 456 populi
435 416 578 450 Romani,
595 425 669 455 qua*
688 414 812 453 populo
829 413 941 443 inlata*

237 472 329 506 sunt,
348 476 369 497 1.
389 470 438 496 30.
458 466 512 495 ubi
532 465 605 494 xitlc
625 465 730 503 plura,
747 468 780 493 ct
798 462 839 492 dc
857 462 943 492 simi-

236 516 326 547 libus
354 517 508 546 l’vrizon.
535 515 574 544 ad
606 515 719 544 Sam-t.
751 513 836 543 Min.
854 521 894 542 11.
912 515 941 543 3.

235 566 254 606 §
272 569 302 596 1.
321 576 349 596 c.
370 568 419 596 13.
436 567 450 605 ξ
467 568 497 595 2.
516 565 683 604 aliosque:
710 564 832 605 quibus
849 563 942 593 innu-

236 624 330 645 mera
346 615 500 653 exempla
518 613 594 644 addi
611 618 757 652 possent.
792 613 943 643 Vibullius

236 669 349 695 autem
374 665 403 694 in
425 665 506 695 Mss.
524 664 629 694 ubivis
647 663 766 693 abiisse
791 663 824 692 iu
846 662 942 693 Bibu-

236 715 300 745 lum
326 724 428 754 supra
455 724 529 754 cap.
557 713 738 743 undecimo
755 718 789 742 et
818 712 940 753 saepius

236 764 412 796 monitum.

280 823 356 846 xvt.
374 817 392 844 3
419 814 601 854 Obposilum
620 811 779 852 Corcyrce]
809 812 864 843 Sic
883 821 941 852 op-

237 863 319 895 time
345 864 495 895 restituit
522 863 776 899 Hotomamlus3
807 870 846 892 ac
869 862 942 902 jam

237 918 317 944 ante
336 919 512 953 receperat
529 913 732 952 Stephanus,
748 916 784 942 et
800 911 842 942 ad
860 922 943 942 mar-

237 963 350 1004 ginem
369 968 550 994 notaverat
576 963 813 993 Vascosauus:
840 967 942 1002 atquc

236 1013 288 1043 ita
319 1012 446 1043 diserte
482 1012 595 1042 inveni
625 1012 658 1041 in
691 1010 787 1041 Leid.
823 1011 940 1050 primo.

236 1061 376 1102 Reliqui
396 1061 477 1091 NIss.
504 1064 572 1091 tam
591 1060 730 1091 aliorum
748 1069 844 1101 quam
863 1061 941 1101 mei,

237 1114 273 1142 ct
313 1111 400 1142 Edu.
435 1110 529 1141 Vett.
566 1110 691 1141 habent
727 1110 768 1141 Β.
797 1110 941 1150 oppidum

238 1161 327 1192 Corc.
357 1160 560 1191 Falsissime.
620 1159 686 1190 Sed
724 1159 824 1190 scribi
863 1159 939 1189 hinc

235 1215 351 1252 posset
367 1213 406 1241 «ul
435 1211 636 1250 Buthrotum,
658 1211 801 1251 oppidum
823 1210 941 1251 obposi-

237 1265 304 1293 tum
323 1262 476 1303 Corcyroe.
522 1262 563 1292 In
584 1262 704 1301 Scalig.
732 1265 784 1292 est
808 1266 940 1293 tantum

237 1313 277 1342 tul
293 1312 487 1343 Buthrotum
505 1312 662 1352 Corcyram

280 1365 299 1393 7
323 1363 426 1402 Atque
447 1362 590 1401 excusat]
628 1362 683 1393 Sic
711 1366 776 1401 cst,
799 1362 862 1393 nisi
888 1372 940 1393 me

237 1411 332 1453 fallo,
355 1413 388 1443 in
414 1413 512 1444 Leid.
536 1413 657 1453 primo.
704 1413 837 1454 Reliqui
855 1414 939 1444 Mss.

238 1472 355 1493 omnes
372 1467 407 1493 et
422 1463 541 1494 Brant.
558 1467 593 1493 et
611 1462 698 1493 Edd.
722 1463 840 1503 primae
864 1473 941 1494 cum

239 1512 397 1542 Beroald.
424 1512 551 1543 habent
578 1522 682 1552 neque.
737 1512 837 1545 Quod
866 1522 942 1553 pro-

238 1562 299 1593 bat
316 1562 493 1593 Gruterus.
541 1562 590 1593 Ut
607 1562 690 1592 velit
713 1567 842 1602 auctor,
866 1572 941 1593 eum

238 1622 305 1643 non
321 1622 503 1644 excusasse
520 1613 708 1644 absentiam
730 1613 858 1652 Bibuli,
881 1613 940 1644 sed

240 1663 350 1703 potius
389 1663 555 1694 indicasse
599 1663 766 1694 rationem
811 1673 940 1703 veram,

238 1722 339 1753 quam
366 1722 476 1754 neque
505 1713 648 1752 ipsemet
678 1713 817 1743 Bibulus
846 1714 940 1743 dissi-

240 1763 429 1793 mulaverit.
482 1762 568 1792 Mihi
601 1762 714 1802 potius
745 1761 942 1793 viderentur

240 1813 393 1855 quaedam
421 1813 554 1850 deesse,
582 1813 608 1842 si
659 1823 732 1853 eque
759 1823 779 1844 a
807 1814 941 1845 Caesare

238 1864 417 1896 credamus
433 1865 488 1894 hic
506 1864 667 1903 scriptum
685 1863 800 1894 fuisse.

280 1918 301 1945 9
326 1916 380 1945 Ea:
394 1914 546 1944 oedililuee
562 1916 589 1943 ct
610 1916 752 1953 pratum
768 1913 941 1953 conceptus]

239 1964 281 1995 In
298 1964 464 1994 :ulilitate
482 1969 515 1993 ot
533 1964 711 1993 consulatu
727 1962 815 1993 inter
831 1965 940 1995 Ca‘sa-

242 2023 311 2045 rem
325 2019 359 2045 et
373 2014 528 2044 Bibulum
549 2023 612 2042 non
626 2013 711 2043 benc
728 2013 940 2053 convenisse,

239 2065 379 2096 tradunt
401 2065 584 2095 Suetonius
608 2065 641 2094 iu
668 2064 737 2095 Jul.
765 2074 864 2104 capp.
891 2068 939 2096 10.

238 2120 274 2147 et
303 2118 357 2146 20.
389 2125 427 2145 ac
455 2115 546 2145 Dion
577 2115 600 2145 l.
627 2122 785 2145 xxxvm.
822 2124 855 2154 p.
883 2118 937 2146 60.

237 2164 306 2196 Sed
330 2163 372 2195 de
399 2164 532 2205 jurgiis,
561 2163 639 2193 (lum
666 2173 731 2194 una
755 2169 939 2204 praeturam

239 2219 415 2256 gererent,
432 2215 514 2245 ortis
530 2215 631 2245 silent
649 2219 815 2245 auctores,
848 2215 938 2245 Edit.

239 2265 374 2306 quidem
391 2265 549 2296 Beroald.
566 2269 793 2305 repraesentat
812 2275 851 2295 ex
864 2265 939 2296 aedi-

239 2314 329 2346 litate
343 2318 373 2345 et
397 2316 554 2345 consulatu
575 2317 753 2354 conceptus:
785 2324 859 2344 cum
883 2324 940 2345 au-

239 2370 310 2396 tem
335 2366 512 2396 lectionem
542 2366 711 2405 vulgatam
739 2375 854 2396 omnes
883 2366 939 2396 alii

241 2414 349 2447 Codd.
391 2416 572 2452 retineant,
612 2424 744 2451 vereor,
780 2424 823 2444 ne
865 2424 938 2444 eam

240 2473 358 2495 manus
397 2465 525 2495 Critica
574 2470 701 2495 temere
747 2465 937 2495 mutaverit.

240 2514 355 2545 Datis.

284 2567 325 2595 12
352 2564 393 2594 [Ι
424 2563 665 2603 componeretur]
706 2564 831 2594 Lovan.
863 2564 937 2595 Pal.

242 2615 406 2654 Bongars.
438 2619 515 2644 tert.
549 2615 685 2645 Nor-vic.
716 2619 750 2644 et
779 2614 938 2644 Beroald.

241 2668 337 2696 recte
360 2664 443 2695 dant
469 2668 741 2704 componerentur5
768 2674 820 2693 res
849 2664 939 2693 vide-

239 2716 325 2747 licet
347 2715 503 2745 maximae
534 2715 619 2755 spei,
655 2724 734 2755 quas
765 2714 940 2745 iracundia

242 2765 356 2797 Bibuli
385 2765 598 2807 impedierat.
628 2765 744 2796 Dacis.
775 2774 846 2796 cur.
871 2774 940 2798 see.

702 219 844 251 NOTAE
877 218 1142 249 VARIORUM
1176 217 1228 248 IN

996 313 1257 353 Componerentur
1279 312 1390 341 exstat
1414 308 1516 339 ctiam
1542 307 1575 338 iu
1600 307 1696 340 Leid.

995 373 1045 403 pr.
1070 369 1104 394 et
1129 373 1196 393 sec.
1223 363 1343 393 Petav.
1374 361 1449 391 Pal.
1480 361 1588 399 liong.
1612 359 1696 390 item

994 413 1118 444 Lot-an.
1140 413 1281 444 Dori-ill.
1300 416 1332 441 ct
1351 411 1438 442 Eud.
1457 410 1584 450 primis,
1602 408 1696 448 Aldi,

995 462 1128 502 Grypli.
1151 463 1261 493 l'lunt.
1279 463 1349 492 sine
1367 461 1469 492 (lubio
1484 470 1576 490 vore.
1616 459 1696 490 Non

995 517 1122 542 tantum
1162 512 1287 542 dicitur
1325 511 1447 547 bullion,
1471 509 1697 549 controversiae,

993 562 1065 591 lites
1093 562 1242 601 componi,
1268 561 1326 591 sed
1358 566 1391 591 et
1417 570 1477 597 res,
1505 560 1547 589 (le
1576 558 1695 599 quibus

995 611 1118 649 agitur.
1171 612 1306 641 Terent.
1334 609 1480 650 Adelph.
1509 618 1556 639 iv.
1585 612 1615 639 7.
1647 611 1697 639 17.

993 661 1001 676 ‘
1017 662 1080 691 Res
1098 661 1286 700 composita
1307 659 1379 690 est)
1426 660 1564 690 l'horm.
1590 667 1639 690 lv.
1665 660 1698 689 3.

994 714 1046 741 17.
1084 712 1183 741 ‘licre
1220 721 1295 741 cum
1334 711 1422 741 bona
1451 714 1698 750 componantur

994 761 1127 801 grafia?

1038 815 1076 843 1-1
1103 813 1192 847 Quod
1209 812 1246 841 de
1262 811 1383 841 consilii
1397 808 1568 848 sententia]
1602 808 1697 839 Malo

993 862 1124 892 concilii.
1179 861 1235 891 Sic
1268 866 1304 891 et
1337 861 1476 891 Norvic.
1525 859 1699 889 Concilium

992 912 1048 943 hic
1068 912 1182 942 Can-*ar
1199 911 1292 952 quasi
1313 921 1373 950 pcr
1390 915 1625 949 contemptum
1640 917 1698 939 vo-

993 966 1048 991 cat
1073 961 1238 990 Senatum
1268 960 1479 990 Romanum:
1516 967 1592 988 narn
1619 957 1700 999 quia

993 1021 1072 1051 pars
1109 1012 1313 1042 Senatorum
1355 1011 1470 1040 ltomae
1516 1015 1699 1050 manserat,

992 1061 1082 1092 hunc
1110 1060 1167 1092 ille
1195 1061 1382 1101 legitimum
1400 1061 1586 1098 Senatum;
1613 1060 1700 1091 Con-

993 1111 1096 1149 sules,
1123 1110 1398 1152 Pompeiumque
1415 1114 1450 1141 et
1467 1110 1524 1150 qui
1543 1110 1575 1140 in
1599 1113 1698 1149 parte

995 1160 1093 1199 Reip.
1130 1165 1242 1200 erant,
1280 1160 1435 1191 turbidos
1467 1165 1502 1190 et
1533 1159 1697 1191 factiosos

994 1210 1225 1250 nuncupabat.
1256 1210 1389 1241 Vossius.
1436 1210 1569 1240 concilii
1594 1210 1698 1241 etiam

993 1264 1045 1290 est
1075 1260 1109 1290 in
1140 1260 1225 1291 Edu.
1256 1261 1358 1291 Vasc.
1390 1259 1548 1299 Grypliii,
1577 1259 1698 1300 Steph.

993 1309 1145 1340 l'lantin.
1173 1314 1208 1340 et
1236 1309 1387 1348 Clarkii3
1425 1309 1476 1340 uti
1504 1313 1539 1340 et
1563 1308 1647 1339 Mss.
1678 1318 1700 1340 a

994 1360 1145 1390 Grutero
1169 1359 1352 1397 consulti53
1375 1358 1402 1389 si
1417 1358 1501 1389 fides
1526 1359 1699 1399 excerptis

994 1410 1058 1440 sit:
1091 1410 1177 1440 bene
1207 1419 1271 1450 pro
1303 1415 1394 1441 coetu
1425 1409 1555 1451 quovis.
1608 1409 1698 1440 Vide

994 1460 1094 1491 Cerd.
1114 1460 1155 1490 ad
1174 1460 1292 1499 Vir-gil.
1310 1460 1435 1500 Goon-g.
1459 1469 1483 1490 1.
1510 1461 1562 1490 25.
1610 1459 1698 1491 Gro-

994 1519 1069 1540 nov.
1088 1510 1130 1540 ad
1150 1510 1220 1541 Liv.
1241 1518 1341 1541 xmv.
1358 1513 1388 1541 ⁶2.
1434 1510 1548 1540 Bru-m.
1566 1509 1609 1540 ad
1628 1509 1699 1541 Ne-

993 1570 1074 1591 mes.
1095 1561 1167 1590 Ecl.
1186 1569 1210 1591 1.
1227 1563 1278 1591 54.
1302 1561 1311 1576 ⁴
1327 1560 1546 1600 Concilioque
1570 1558 1696 1590 deum.'

994 1611 1112 1642 Heius.
1129 1611 1170 1641 ad
1190 1611 1291 1641 Ovid.
1317 1613 1392 1641 Art.
1411 1620 1466 1641 ιιι.
1485 1613 1557 1642 117.
1603 1611 1696 1641 Sem-

993 1671 1056 1700 per
1073 1661 1122 1691 11ae
1140 1670 1239 1691 voces
1264 1660 1520 1692 confunduntur
1542 1660 1586 1692 ob
1615 1661 1697 1692 vici-

993 1711 1135 1741 nitatem
1154 1720 1270 1741 sensus
1286 1716 1319 1740 et
1338 1711 1540 1751 litterarum,
1551 1714 1589 1741 ut
1604 1720 1696 1751 saepe

992 1761 1065 1791 usui
1082 1761 1115 1790 in
1139 1761 1274 1791 Caesare
1292 1760 1394 1790 venit.

1037 1820 1127 1842 xvu.
1144 1814 1163 1841 2
1189 1812 1351 1842 Memoria:
1371 1812 1537 1852 prodatur]
1567 1813 1697 1854 Legen-

992 1860 1071 1891 dum
1095 1861 1276 1899 produntur,
1301 1865 1338 1891 ut
1355 1870 1397 1891 ex
1420 1861 1540 1892 Petav.
1566 1866 1602 1893 ct
1625 1872 1696 1894 ora—

994 1911 1096 1941 tionis
1113 1921 1201 1941 nexu
1220 1912 1339 1952 liquet,
1363 1912 1464 1952 idque
1491 1913 1694 1944 ciacconius

992 1962 1071 1992 ol'un
1089 1962 1186 1992 vidit.
1218 1962 1329 1993 Duris.
1348 1972 1420 1993 cur.
1439 1971 1505 1994 sec.
1552 1963 1695 1994 Produn-

991 2015 1043 2042 tur
1057 2013 1127 2052 jam
1145 2011 1254 2042 edidit
1280 2013 1318 2043 R.
1337 2013 1549 2053 Stephanus;
1576 2018 1615 2044 ut
1639 2013 1697 2044 de-

992 2062 1075 2094 buit.
1121 2063 1278 2094 Ceterum
1298 2063 1329 2093 in
1346 2063 1494 2103 margine
1512 2063 1605 2094 Leid.
1627 2065 1696 2104 pri-

991 2112 1035 2142 mi
1066 2123 1128 2153 pro
1156 2113 1250 2143 varia
1278 2113 1422 2143 lectione
1452 2118 1505 2144 est
1534 2114 1693 2145 memoria.

992 2162 1057 2193 Adi
1073 2163 1206 2193 omnino
1229 2163 1269 2192 ad
1296 2163 1335 2193 Β.
1352 2163 1395 2194 G.
1413 2172 1447 2194 v.
1466 2166 1516 2193 12.
1541 2164 1551 2180 ‘
1566 2164 1695 2196 Memo-

992 2213 1041 2244 ria
1065 2214 1236 2254 proditum
1253 2214 1394 2244 ‹licunt.'

1034 2268 1053 2294 8
1077 2265 1121 2294 Et
1137 2265 1164 2294 si
1179 2265 1235 2294 hoc
1250 2263 1325 2303 sibi]
1359 2265 1471 2295 Deleo
1496 2265 1693 2304 particulam

991 2317 1034 2352 ct,
1051 2324 1125 2354 quae
1151 2314 1182 2344 in
1209 2324 1236 2344 v.
1255 2324 1286 2344 c.
1315 2320 1429 2344 nostro
1456 2321 1489 2344 et
1518 2315 1628 2346 Palat.
1654 2325 1693 2348 ac

992 2365 1069 2396 Pet.
1093 2375 1157 2395 non
1175 2365 1403 2404 desideratur,
1419 2365 1497 2406 quia
1517 2371 1611 2397 recte
1635 2367 1693 2398 ab·

992 2421 1056 2446 est.
1099 2415 1232 2446 Vossius.
1290 2415 1411 2445 Delevi
1439 2419 1467 2446 et
1491 2415 1691 2455 jubentibus

991 2465 1074 2495 Mss.
1103 2465 1185 2495 meis
1212 2465 1376 2504 omnibus,
1402 2471 1437 2496 et
1464 2466 1526 2496 Ed.
1555 2467 1594 2497 R.
1617 2468 1693 2498 Ste-

991 2514 1101 2553 phani.
1160 2515 1279 2545 Vossio
1319 2516 1499 2546 obsecutus
1529 2517 1601 2556 jam
1639 2522 1692 2549 est.

991 2565 1156 2596 Clarkius.
1212 2565 1303 2596 Dein
1333 2566 1435 2595 etiarn
1467 2567 1549 2597 Mss.
1578 2568 1693 2599 cuncti

991 2619 1027 2645 et
1044 2614 1130 2645 Edd.
1148 2616 1226 2645 Vet.
1250 2615 1276 2645 si
1294 2615 1389 2649 illud:
1415 2616 1503 2654 quod
1529 2626 1597 2647 non
1619 2626 1691 2649 mu-

992 2663 1057 2694 tari
1074 2663 1189 2694 debuit
1206 2665 1237 2694 iu
1254 2664 1312 2694 sin.
1361 2665 1444 2695 vul«-
1463 2666 1504 2696 ad
1523 2675 1587 2697 vu.
1604 2670 1657 2699 66.

1035 2716 1074 2744 10
1099 2714 1308 2745 Nihilominus
1324 2718 1425 2746 tumen
1440 2716 1494 2755 ugi
1506 2718 1607 2758 posse]
1629 2717 1690 2749 Vir

991 2763 1203 2797 doctissimus
1237 2765 1476 2799 Hotomannus
1506 2768 1690 2801 secundam
