1850 3109
558 206 619 235 nn
653 205 769 234 vi'rA
808 204 941 234 ,ιυωι
975 207 1208 237 CAESAmS.
1497 199 1607 241 1861

154 304 366 342 senissimae
386 304 486 341 acies
505 304 685 353 effugere.
743 304 822 342 Sub
845 304 943 342 idem
969 312 1120 354 tempus
1143 318 1210 342 seu
1232 309 1522 355 tempestatibus
1542 311 1608 348 ad-

156 367 286 411 versis,
323 380 387 403 seu
420 374 522 404 metu
555 367 730 404 classium
753 368 963 412 hostilium,
997 381 1084 405 cum
1116 382 1136 404 e
1158 368 1286 406 Sicilia
1307 379 1543 409 commeatus
1563 386 1608 411 ac

153 431 330 467 Sardinia
363 431 569 475 tardarent,
603 438 708 468 tanta
727 432 764 468 in
787 433 921 469 castris
941 433 1101 469 Caesaris
1122 432 1195 469 suit
1218 432 1361 482 iuopia,
1385 439 1424 470 ut
1444 435 1608 483 equites,

153 494 220 543 qui
251 494 316 531 diu
337 495 488 543 agendo
517 496 644 532 onmia
663 503 702 532 et
733 495 914 544 patiendo
934 496 1110 532 extremis
1133 496 1422 533 necessitatibus
1442 505 1612 536 extrema

154 558 320 595 remedia
341 560 522 596 adbibere
542 558 781 602 didicissent,
800 559 902 608 algas
924 559 1094 596 littoreas
1124 559 1303 596 dulcibus
1325 560 1434 609 aquis
1459 561 1611 599 ¹5ablu—

155 620 201 657 tis
214 620 401 670 jumeutis
421 630 672 672 apponerent,
695 634 818 671 eoque
839 622 928 659 cibo
948 621 1170 659 deficientia
1191 630 1463 660 sustentarent.
1521 626 1614 662 Erat

154 690 193 720 et
212 685 376 734 vulgaris
395 686 524 735 opinio
550 698 624 722 nou
647 687 838 722 Caesarem
868 685 905 722 in
930 685 1097 722 Africam
1121 686 1280 730 venisse,
1310 687 1373 723 sed
1399 701 1515 725 unum
1545 689 1612 727 ali-

157 761 270 798 quem
292 763 337 787 ex
361 750 493 798 legatis
526 751 601 786 suis
622 763 707 787 cum
739 755 844 799 parte
877 750 1074 799 copiarum
1108 750 1385 788 transmisisse:
1417 752 1463 788 ad
1498 767 1613 803 quam

158 812 365 850 tollendam
389 814 530 850 litteras
562 814 792 863 intutiosque
825 827 892 863 per
911 827 1044 850 omnes
1079 814 1285 863 provinciae
1305 816 1477 852 civitates
1500 817 1611 863 misit,

156 875 444 927 adventumque
483 891 593 914 snum
631 879 808 915 omnibus
847 885 976 915 notum
1017 877 1120 916 fecit.
1189 880 1280 923 Quo
1312 880 1446 916 andito
1485 882 1613 918 statim

159 941 270 978 multi
292 941 358 977 viri
381 941 526 979 nobiles
548 942 624 979 suis
646 957 691 979 ex
714 942 874 979 urbibus·
895 942 1049 992 profugi
1082 943 1118 979 in
1141 950 1261 980 castra
1285 944 1446 981 Caesaris
1467 958 1614 989 venere,

160 1004 310 1053 sibique
329 1004 377 1040 de
410 1005 571 1042 bostium
594 1005 738 1043 sa‘vitia
759 1013 876 1055 atque
897 1005 1133 1042 intoleranda
1155 1006 1335 1055 superbia
1355 1007 1478 1056 questi
1500 1014 1614 1045 sunt:

159 1069 273 1117 [229]
293 1082 454 1118 quorum
472 1070 720 1118 querimoniis
736 1083 778 1107 ac
795 1069 948 1107 fletibus
970 1076 1096 1106 motus
1118 1073 1259 1113 (ja-sar,
1279 1071 1384 1119 quod
1408 1070 1534 1109 facere
1550 1085 1616 1121 per

159 1131 320 1180 seipsum
337 1133 373 1168 in
391 1133 516 1169 animo
538 1133 720 1177 babebat,
737 1133 854 1179 magis
871 1146 915 1170 ac
937 1133 1054 1181 magis
1076 1133 1290 1170 accelerare
1311 1133 1526 1182 disposuit:
1559 1135 1617 1171 lit-

160 1202 334 1245 terasque
356 1197 561 1234 confestim
579 1197 613 1233 iu
637 1198 805 1234 Siciliam
824 1197 922 1233 misit
942 1197 988 1233 ad
1006 1197 1201 1233 Allienum
1223 1204 1462 1247 caeterosque
1479 1199 1544 1248 qni
1566 1200 1617 1235 ibi

161 1272 230 1308 pro
249 1261 421 1309 partibus
441 1261 516 1298 suis
533 1268 654 1303 erant,
677 1267 717 1298 ut
737 1260 985 1297 excusatione
1001 1260 1174 1309 qualibet
1195 1261 1337 1309 rejecta
1357 1262 1405 1298 ad
1427 1275 1465 1298 se
1485 1275 1618 1299 onmes

160 1324 291 1373 copias
313 1326 543 1374 trajicerent.
602 1325 771 1362 Africam
793 1325 907 1369 enim,
939 1324 968 1361 si
988 1324 1168 1360 auxilium
1190 1324 1402 1369 differatur,
1434 1325 1620 1375 irrepara-

163 1388 287 1426 biliter
308 1391 458 1434 vastari,
482 1396 522 1426 ut
543 1390 667 1426 nullus
687 1396 817 1439 postea
840 1388 1008 1426 remedio
1029 1388 1137 1424 loeus
1158 1395 1270 1425 esset.
1332 1390 1417 1438 lpse
1438 1398 1564 1427 autem
1583 1390 1619 1427 iu

163 1453 262 1490 lianc
290 1465 400 1489 utiam
433 1466 509 1490 rem
545 1466 686 1503 pronus
715 1452 813 1489 adeo
834 1458 938 1489 totus
971 1458 1052 1489 erat
1085 1458 1203 1500 atque
1236 1452 1416 1497 intentus,
1452 1460 1493 1489 nt
1521 1466 1619 1502 pene

163 1517 455 1554 transformatus
488 1517 525 1554 in
548 1517 667 1554 virum
690 1517 866 1560 alterum,
897 1516 979 1553 dies
1010 1523 1223 1565 noctesque
1248 1516 1364 1553 maria
1396 1525 1622 1566 prospecta-

163 1588 234 1626 ret,
256 1581 348 1631 quin
383 1587 420 1618 et
454 1581 515 1618 die
549 1581 724 1631 proximo
755 1594 801 1617 ex
823 1593 901 1629 quo
931 1579 1074 1617 litteras
1097 1579 1260 1624 miserat,
1302 1581 1440 1617 morari
1459 1582 1622 1619 classem

162 1652 278 1695 atque
298 1645 506 1682 exercitum
528 1651 760 1694 quereretur.
817 1644 881 1681 Sic
901 1644 986 1693 ejus
1019 1643 1190 1680 animum
1212 1644 1434 1693 pungebant
1460 1646 1625 1694 populo-

165 1722 246 1746 rum
277 1722 320 1746 ac
351 1709 535 1746 nobilium
558 1708 708 1756 iujuriae
730 1715 768 1745 et
801 1708 1019 1751 homicidia,
1055 1715 1091 1744 et
1113 1708 1316 1757 opidorum
1337 1709 1565 1754 eversiones,
1585 1716 1624 1746 et

165 1773 338 1810 villarum
371 1773 549 1810 incendia
585 1780 620 1809 et
654 1772 808 1822 rapinae,
849 1785 936 1821 quae
971 1784 1040 1821 per
1061 1777 1179 1808 totam
1203 1771 1440 1821 provinciam
1464 1785 1622 1809 suorum

166 1837 331 1874 bostium
352 1837 508 1874 avaritia
528 1843 565 1874 et
587 1836 815 1873 crudelitate
835 1835 1060 1873 fervebant:
1093 1848 1254 1884 quorum
1277 1835 1384 1872 malis
1404 1835 1627 1885 profundis-

166 1902 258 1938 sime
292 1901 534 1950 tangebatur,
565 1906 602 1937 et
635 1900 775 1937 miseris
796 1913 908 1949 opem
939 1900 1048 1944 ferre,
1080 1906 1196 1948 atque
1229 1899 1300 1936 illis
1334 1899 1624 1936 indemnitatem

166 1978 241 2002 non
263 1965 387 2001 :uinus
406 1977 521 2014 quam
555 1977 661 2001 suam
684 1964 881 2001 victoriam
902 1964 1125 2013 exoptabat.
1184 1964 1272 2013 Ipse
1308 1976 1344 2000 se
1366 1963 1514 1999 interim
1547 1976 1628 2000 eas-

167 2029 232 2067 tris
254 2028 492 2066 validissimis
519 2028 768 2065 continebat:
800 2041 874 2064 non
908 2028 1012 2078 quod
1047 2027 1095 2065 de
1131 2027 1290 2065 victoria
1315 2027 1521 2071 dubitaret,
1557 2027 1625 2064 sed

169 2099 256 2142 post
291 2105 350 2129 res
372 2099 497 2140 gestas
518 2099 554 2129 et
586 2092 727 2129 totiens
748 2091 850 2130 fusos
881 2092 1026 2136 hostes,
1059 2091 1107 2128 de
1128 2091 1299 2141 reliqniis
1321 2091 1408 2127 belli
1430 2098 1627 2127 cruentam

171 2156 363 2193 victoriam
386 2155 546 2204 adipisci
566 2155 801 2192 dedecorum
824 2156 908 2200 sibi,
945 2168 1064 2205 seque
1084 2168 1240 2205 prorsus
1261 2154 1457 2205 indignum
1473 2154 1630 2203 judica-

173 2219 251 2263 bat,
273 2232 397 2268 neque
419 2219 566 2255 interim
590 2219 706 2256 ullum
729 2219 832 2256 diem
852 2219 1143 2263 intermittebat,
1172 2232 1252 2268 quo
1273 2232 1348 2255 non
1370 2219 1426 2255 vel
1449 2232 1517 2268 per
1535 2218 1628 2255 alios

169 2283 321 2326 absens,
340 2283 397 2319 rel
420 2283 491 2318 sub
512 2282 634 2319 oeulis
650 2283 727 2319 suis
739 2283 964 2328 exercitum,
977 2290 1015 2320 et
1036 2284 1235 2333 praecipue
1252 2283 1387 2319 tirones
1405 2283 1630 2319 militaribus

171 2346 471 2384 ⁴⁶instituti0nes
504 2347 669 2383 imburet
689 2359 697 2383 :
727 2346 764 2382 in
787 2359 860 2396 qua
881 2352 960 2383 arte
978 2346 1072 2383 nulli
1093 2346 1290 2383 bominum
1311 2346 1505 2383 secundus
1537 2345 1628 2384 fuit:

172 2409 341 2458 tingebat
362 2423 442 2447 sese
477 2411 658 2461 pavidum
676 2424 685 2453 ;
717 2418 900 2460 praeterea
921 2417 958 2446 et
982 2412 1012 2432 ¹⁷
1027 2422 1168 2459 pavore
1189 2409 1414 2458 sapientiam
1435 2409 1629 2459 amplecti,

171 2473 282 2523 qil-asi
303 2474 376 2510 suis
397 2475 536 2511 viribus
559 2474 794 2512 diffidentem
813 2488 821 2511 :
853 2482 889 2512 et.
911 2475 1038 2511 hostes
1058 2473 1106 2511 de
1129 2473 1200 2510 hac
1220 2472 1439 2510 diffidentia
1458 2473 1631 2509 exultan-

175 2547 229 2574 tes
253 2550 366 2586 zequo
387 2539 513 2574 animo
534 2538 733 2583 tolerabat,
768 2538 891 2576 donec
920 2537 1094 2575 mutandi
1115 2537 1315 2574 consilium
1348 2543 1498 2586 tempus
1518 2541 1628 2580 esset,

219 2685 253 2711 15
281 2681 382 2721 Lege,
397 2680 614 2712 ablutas—16
638 2681 740 2724 Lege,
757 2681 1003 2714 institutionibus
1021 2681 1267 2713 imbuam-17
1294 2681 1409 2719 Forte,
1425 2688 1565 2719 pavorem
1581 2688 1630 2709 ειι-

171 2735 281 2775 panni,
299 2736 350 2765 tel
363 2735 524 2775 snpmtir.
