1850 3109
255 152 364 193 1786
679 165 715 194 J.
750 165 888 194 ciust
925 166 1276 196 connizs‘rARn

251 260 387 309 ltaque
407 261 630 310 perveniens
648 268 685 299 et
709 263 918 312 praeclusos
939 264 1076 307 aditus,
1107 271 1145 301 et
1166 264 1322 302 adversa
1348 265 1383 302 in
1413 264 1495 314 ripa
1518 264 1704 302 obambu-

243 323 388 361 lantem
411 325 555 362 hostem
579 326 738 374 reperit:
770 326 842 363 boc
876 326 912 362 in
948 334 1047 363 statu
1068 328 1293 375 premebant
1315 328 1429 365 variae
1449 329 1566 366 duces
1588 341 1703 366 cura‘.

250 388 549 437 Vercingetorix,
572 402 617 425 ne
636 402 748 438 quem
773 390 905 426 Caesar
923 402 943 425 c
965 389 1148 438 pontibus
1170 390 1348 428 reticeret
1369 393 1578 429 metuebat.
1620 392 1704 429 Cae-

251 465 310 488 sur
330 466 421 489 vero
441 466 486 490 ne
507 452 672 489 fluminis
694 453 802 489 alveo
825 453 1073 502 praepeditus,
1093 454 1196 503 quod
1218 454 1347 491 vadari
1366 462 1454 492 ante
1476 463 1702 492 autumnum

251 528 324 551 non
348 516 480 558 soleat,
499 515 660 551 otiosam
683 528 794 564 agere
817 523 1018 565 cogeretur
1038 523 1238 553 aestatem:
1270 531 1382 555 omne
1404 526 1530 556 tamen
1561 519 1707 555 incom-

251 578 406 614 modum
429 576 463 599 ⁹⁷
474 578 564 615 vicis
585 578 695 615 ducit
723 579 938 628 ingenium:
970 579 1158 629 siquidem
1191 581 1395 630 praemissis
1417 594 1436 617 e
1454 581 1606 631 regione
1627 594 1708 619 om-

249 640 359 677 nibus
396 641 678 691 impedimentis
718 650 757 680 et
791 650 957 693 quatuor
987 644 1218 694 legionibus,
1239 644 1458 694 additisque
1479 645 1704 683 cohortibus

250 703 410 753 aliquot,
433 712 473 743 ut
495 714 667 744 constare
688 719 868 744 numerus
898 707 1089 745 videretur
1108 708 1277 745 omnium
1312 709 1517 758 legionum,
1547 714 1585 746 ct
1624 721 1706 758 spe-

249 767 346 805 ciem
370 770 558 818 praeberet
577 771 768 808 exercitus
789 771 880 808 alibi
900 772 1050 809 aditum
1073 773 1305 822 quaerentis;
1338 773 1419 822 ipse
1452 773 1544 810 locis
1565 772 1705 809 abditis

247 844 335 869 cum
356 833 508 872 duabus
527 842 674 873 tantum
707 848 794 886 quae
821 843 1040 885 supererant
1070 836 1284 884 legionibus
1307 850 1345 873 se
1365 836 1509 873 tenuit:
1549 837 1704 886 suisque

250 901 290 932 ut
311 909 427 945 quam
448 898 666 949 longissime
687 900 957 949 procederent,
979 906 1096 950 atque
1117 900 1169 936 ita
1189 913 1209 936 a
1229 913 1268 937 se
1285 900 1433 937 hostem
1451 898 1706 937 distraherent

248 959 460 1008 imperavit.
501 962 611 1011 [131]
649 963 764 999 Tunc
803 963 910 1000 lioste
943 963 1116 1011 digresso
1155 970 1191 1000 et
1230 964 1391 1000 Romani
1423 963 1611 1001 exercitus
1637 963 1707 1000 iter

246 1022 483 1069 observante,
520 1033 561 1062 ut
595 1026 817 1076 ubicunque
871 1026 1029 1062 transire
1062 1026 1278 1064 volentibus
1331 1027 1528 1071 obviaret3
1575 1027 1703 1063 locum

247 1099 411 1124 vacuum
444 1089 616 1126 relictum
655 1090 785 1127 Caesar
811 1096 991 1139 occupat,
1013 1096 1130 1139 atque
1163 1103 1183 1126 e
1217 1091 1402 1140 pontibus
1434 1104 1562 1134 unum,
1591 1089 1705 1138 cujus

248 1162 335 1199 pars
375 1165 450 1190 una
484 1154 565 1191 visa
592 1161 648 1190 est
680 1154 856 1191 intactior
888 1153 1121 1203 minorisque
1159 1167 1274 1202 egens
1308 1167 1461 1204 operae:
1501 1154 1702 1191 confestim

248 1213 382 1258 reficit,
406 1224 443 1253 et
465 1217 652 1255 traductis
672 1218 883 1263 legionibus
904 1225 1028 1255 castra
1050 1218 1277 1263 communit,
1296 1218 1594 1268 praemissasque
1617 1217 1707 1267 legi-

247 1291 338 1316 ones
365 1281 410 1316 ad
440 1294 479 1318 se
508 1296 528 1318 e
559 1282 719 1330 vestigio
748 1282 890 1319 remitti
912 1282 1044 1330 jubet.
1103 1282 1323 1331 Intelligens
1351 1296 1390 1318 se
1423 1282 1592 1318 delusum
1616 1282 1708 1318 Ver-

248 1342 471 1392 cingetorix,
494 1346 666 1382 ‘’Samato
696 1346 821 1390 obice,
844 1358 923 1394 quo
953 1345 1001 1381 ab
1036 1345 1145 1382 hoste
1179 1346 1451 1395 separabatur:
1488 1358 1534 1382 ne
1564 1345 1703 1382 invitus

246 1406 294 1443 ad
316 1420 481 1457 pugnam
503 1410 588 1459 cogi
607 1417 748 1459 posset,
770 1423 815 1446 ex
845 1424 890 1446 eo
920 1409 1006 1459 ipso
1027 1410 1110 1446 loco
1133 1409 1196 1446 ubi
1217 1416 1295 1446 erat
1317 1409 1407 1446 dum
1430 1409 1593 1446 reditum
1617 1410 1704 1461 legi-

247 1484 362 1507 onum
401 1480 440 1509 et
475 1474 670 1522 proprium
706 1473 798 1511 vidit
832 1486 1012 1518 errorem,
1048 1473 1192 1523 magnis
1222 1473 1459 1516 ”mn-sibus
1482 1474 1705 1517 ¹004milites

246 1534 424 1573 dixerunt
452 1543 620 1574 extrema
650 1537 748 1575 fame
789 1538 909 1575 victos
941 1552 961 1575 e
995 1538 1125 1574 castris
1146 1537 1363 1574 clanculum
1385 1537 1592 1586 effugisse:
1625 1538 1704 1588 pari

246 1611 399 1636 omnem
435 1601 644 1637 exercituin
680 1601 777 1638 same
809 1600 1031 1638 consectum
1066 1614 1159 1638 esse.
1220 1602 1371 1638 Caetera
1404 1600 1543 1638 deliine
1577 1601 1706 1639 omnia

245 1663 353 1701 dicto
374 1665 473 1714 regis
493 1678 660 1703 consona
678 1666 868 1715 persecuti
889 1673 1004 1703 sunt:
1037 1672 1116 1702 tum
1143 1665 1434 1713 Vercingetorix
1455 1665 1704 1708 exclamavit;

246 1734 255 1748 ‘
275 1728 322 1765 Et
342 1740 408 1778 per
433 1732 518 1774 me,'
538 1729 674 1780 inquit,
697 1736 706 1750 ‘
730 1743 841 1779 quem
861 1730 1090 1780 proditionis
1111 1729 1316 1774 accusatis,
1340 1729 1424 1766 liaec
1446 1729 1554 1766 vobis
1565 1736 1705 1768 cuncta

246 1793 486 1840 proveniunt,
508 1801 624 1844 atque
663 1794 754 1831 illud
795 1802 1020 1839 extremum,
1053 1801 1094 1831 ut
1122 1794 1201 1831 sine
1230 1800 1352 1830 vestro
1377 1793 1548 1842 periculo
1580 1793 1704 1830 victus

246 1855 376 1892 Caesar
396 1869 439 1893 ac
460 1856 624 1905 fugiens,
646 1857 756 1895 nullis
777 1858 877 1908 agris
898 1870 943 1895 ac
975 1857 1134 1894 urbibus
1156 1864 1386 1906 receptetur,
1417 1856 1454 1893 id
1484 1856 1584 1894 enim
1611 1857 1707 1894 inter

246 1918 364 1955 multa
387 1932 470 1955 meo
491 1920 646 1956 consilio
668 1921 922 1958 constitutum
942 1923 1028 1958 est!
1085 1920 1157 1957 His
1178 1921 1290 1957 dictis
1313 1924 1323 1939 ¹
1338 1921 1391 1957 usi
1413 1927 1568 1970 repente
1588 1921 1704 1958 animi

247 1982 360 2019 variae
381 1982 505 2031 gentis
536 1989 573 2020 et
594 1984 775 2029 credutae,
799 1997 919 2034 usque
939 1984 1039 2020 adeo
1060 1992 1098 2021 ut
1135 1984 1225 2020 laeto
1258 1985 1410 2032 plausu,
1443 1991 1480 2021 et
1511 1997 1703 2021 armorum

244 2045 415 2095 crepitu;
439 2045 544 2095 quod
566 2046 713 2096 signum
736 2055 814 2084 erat
840 2048 945 2084 dicta
967 2048 1233 2085 concionantis
1255 2049 1472 2085 astantibus
1494 2048 1704 2097 placuisse;

244 2110 522 2155 acclamarent;
562 2118 601 2147 et
630 2124 702 2148 una
725 2124 820 2148 voce
843 2112 1133 2162 Vercingetorix
1158 2125 1330 2149 summus
1359 2112 1502 2149 ducum
1535 2125 1579 2149 ac
1612 2111 1707 2149 fule-

243 2173 407 2211 lissimus
430 2174 626 2211 hominum
648 2174 866 2213 duceretur.
925 2176 1056 2213 Caesar
1078 2176 1231 2212 Avarici
1254 2183 1420 2225 coeptam
1442 2175 1700 2220 obsidionem,

244 2245 490 2287 coeptamque
513 2238 770 2276 defensionem
792 2239 922 2277 hostes
942 2247 1141 2290 peragunt,
1164 2240 1278 2290 inque
1300 2239 1381 2276 dics
1409 2239 1586 2276 obnixius
1616 2239 1706 2276 utri-

244 2314 335 2351 que:
358 2314 444 2338 nam
462 2308 497 2339 et
521 2302 685 2339 Romani
705 2317 881 2353 aggerem
903 2304 1077 2341 immensi
1101 2304 1226 2353 operis
1247 2304 1334 2351 gelu
1355 2303 1495 2351 ingenti
1517 2316 1560 2340 ac
1584 2302 1704 2340 imbre

243 2372 434 2414 perpetuo
468 2366 684 2414 praepediti,
719 2367 858 2404 virtute
892 2375 1019 2405 tamen
1054 2381 1099 2404 ac
1132 2366 1415 2416 perseverantia
1457 2365 1704 2404 difficultates

245 2435 464 2478 superante,
498 2429 824 2479 vigintiquinque
853 2431 987 2467 diebus
1015 2435 1274 2473 extruxerant,
1308 2437 1346 2466 et
1379 2429 1493 2466 muris
1525 2429 1706 2468 admove·

242 2501 336 2530 rant.
398 2493 443 2529 Et
476 2493 580 2530 (ialli
602 2493 736 2530 decem
760 2493 863 2530 milia
883 2508 928 2530 ex
951 2494 1055 2530 omni
1086 2493 1212 2530 Gallia
1238 2493 1475 2530 delectorum
1507 2493 1704 2530 hominum

287 2612 327 2640 97
354 2609 456 2649 Lege,
471 2609 545 2640 vicit
561 2610 746 2641 dacia-93
766 2612 868 2649 Lege,
883 2616 1025 2644 amorm-
1041 2615 1105 2643 ssot
1121 2612 1249 2651 Magnis
1266 2611 1406 2641 cursibus
1421 2611 1452 2639 in
1465 2609 1621 2640 anteriora
1636 2620 1704 2640 oon-

245 2663 370 2693 tendit.-
387 2663 542 2704 seqnitur
555 2662 640 2694 int'ra
655 2674 687 2704 p.
701 2667 792 2695 17:³8.
807 2665 860 2695 tin.
877 2666 1181 2704 penultima—400
1196 2674 1207 2702 4
1224 2663 1431 2705 Reponcnda
1446 2673 1547 2703 supra
1566 2673 1598 2703 p.
1610 2665 1703 2694 1783.

246 2715 301 2746 nbi
319 2721 370 2747 cst
387 2716 448 2747 hoc
467 2716 696 2756 signinum-1
720 2717 835 2758 Forte,
854 2720 945 2750 [ει-σι’.
