1893 3109
447 185 541 214 ΜΒ.
576 184 627 212 11.
659 182 766 212 CAP.
798 170 870 211 10.
903 181 966 211 m:
1002 180 1156 209 nunno
1190 181 1362 210 cuum.

175 290 286 313 suram
312 280 522 320 intelligitur,
550 277 582 308 id
600 276 687 319 quod
712 276 876 316 hodieque

175 331 246 362 fieri
260 331 424 368 videmus,
447 334 484 360 ut
513 329 626 359 lumen
649 335 875 366 compressum

176 382 263 413 inter
278 390 389 411 muros
404 384 462 410 aut
479 383 569 410 tecta
600 376 762 409 illabatur
779 376 876 406 desu-

174 441 248 472 per,
261 439 319 461 nos
335 439 494 460 vocamus
510 429 647 459 valle-nde
662 427 787 458 lichten.
835 426 874 456 In

175 479 293 521 glossis
309 479 429 519 Cyrilli
447 478 580 509 invenio
595 487 712 518 premo,
730 480 764 507 et
787 486 876 516 pren-

172 529 222 567 do,
250 537 309 558 seu
337 528 499 567 prehendo,
531 537 592 567 pro
621 527 739 557 eodem
771 526 873 566 poni:

171 576 282 617 Πιέζω,
293 579 419 618 prendo,
433 587 545 618 presso.
573 578 615 608 Et
626 577 714 608 idem
730 577 875 607 voluisse

169 628 308 660 videtur
325 629 544 665 Philoxenus,
569 638 643 659 cum
667 628 726 665 ait,
742 627 875 658 Prensa-

168 679 213 710 tio
235 678 395 720 ἆγγάρεια.
440 680 517 711 Nisi
542 678 630 710 forte
647 678 720 709 vult
738 686 875 718 prensa-

167 729 295 760 tionem
318 729 422 761 fuisse
450 728 630 769 ἀγγάρειαν,
654 728 733 769 quia
759 728 875 767 saepis-

170 780 252 811 sime
282 785 497 821 prensatores
536 780 582 811 illi
620 778 805 820 importuni
838 782 874 809 et

168 831 305 862 molesti
327 837 434 869 erant,
460 841 499 862 ac
528 831 645 862 invitis
674 827 873 871 quibusdam

168 886 415 923 extorquerent
439 881 600 912 favorem.
648 880 733 911 Sane
761 879 793 909 in
822 888 874 909 eo-

168 931 245 963 dem
273 938 325 964 est
353 934 498 972 Prendit,
521 930 717 972 Ἀράσσεται,
733 935 873 967 συλλαμ-

169 982 267 1018 Βάνει.
314 983 449 1024 Alioqui
467 984 604 1024 proprie
628 981 796 1023 ἀράσσεται
820 984 873 1011 est

169 1034 344 1074 collidere,
371 1043 429 1065 aut
460 1034 615 1065 tundere.
674 1032 739 1063 Sed
771 1031 874 1061 mani-

166 1083 290 1115 festius
314 1085 346 1114 id
375 1084 527 1114 videmus
544 1084 609 1114 alio
624 1083 709 1119 loco,
728 1081 784 1111 nbi
809 1085 873 1119 est,

166 1135 384 1176 deprehensum
415 1131 596 1174 κατηρεφές,
657 1133 746 1163 Nam
781 1142 874 1167 κατη-

165 1184 266 1226 ρεφὲς,
295 1185 384 1227 quod
416 1193 559 1225 opacum
591 1187 625 1214 et
658 1186 784 1213 tectum
810 1185 873 1215 est,

166 1240 276 1275 notat,
303 1235 416 1277 qualia
443 1239 522 1266 sunt
551 1232 689 1264 humilia
718 1233 807 1269 loca,
832 1241 870 1262 ac

167 1285 340 1326 depressa.
400 1285 489 1316 Nam
505 1283 594 1325 quod
609 1282 796 1313 Vulcanius
813 1282 872 1321 ait,

165 1335 284 1366 melius
306 1335 361 1365 hic
379 1334 445 1365 dici
462 1333 612 1374 potuisse
626 1332 821 1372 prehensum,
836 1337 871 1362 et

165 1385 342 1416 adstruere
360 1385 541 1415 veritatem
568 1382 616 1413 rei
643 1386 784 1413 conatur
805 1382 870 1413 hoc

163 1435 238 1467 loco
255 1435 412 1475 Caesaris,
432 1433 559 1465 frustra
582 1438 644 1464 est.
690 1433 870 1473 Deprehen-

165 1496 229 1516 sum
247 1487 280 1516 in
297 1486 497 1524 Philoxeno,
517 1483 656 1524 ponitur
671 1493 732 1524 pro
749 1484 870 1523 depres-

164 1545 251 1566 sum:
283 1541 322 1567 ut
348 1537 458 1567 solent
482 1536 565 1566 talia
593 1534 768 1566 confundi.
812 1534 869 1565 Sic

167 1596 246 1617 sane
264 1586 304 1617 de
315 1586 405 1617 bello
421 1586 520 1617 Civili
535 1595 591 1616 111.
606 1588 677 1616 101.
692 1585 747 1616 ubi
760 1595 868 1616 sermo

165 1636 208 1667 de
246 1637 352 1668 classe
390 1638 572 1668 Cassiana:
612 1638 621 1653 ‘
640 1637 789 1667 Flamma
826 1636 868 1667 ab

165 1692 310 1728 utroque
327 1697 431 1718 cornu
449 1687 716 1728 comprehensa?
772 1687 869 1727 Legi-

165 1743 220 1768 tur
250 1738 282 1768 in
314 1738 506 1769 Petaviano
538 1737 656 1768 codice
687 1747 868 1777 compressa.

164 1789 302 1820 Vitioue
334 1789 409 1827 aevi,
440 1798 481 1818 an
512 1788 723 1818 librariorum
760 1788 870 1818 indili-

165 1839 291 1878 genitia,
306 1848 373 1868 non
399 1837 498 1869 facile
524 1837 687 1868 dixerim:
724 1838 807 1868 iliud
825 1838 871 1868 vi-

165 1889 242 1929 deo,
266 1889 298 1919 in
327 1888 431 1919 Mstis
449 1898 583 1929 quoque
602 1888 746 1919 Caesaris
777 1888 868 1919 codi-

164 1939 258 1970 cibus
273 1939 335 1970 hoc
352 1939 430 1970 loco
455 1939 520 1979 legi
543 1938 770 1978 prensionibus,
785 1948 869 1979 pres-

163 1989 308 2028 sionibus,
319 1989 581 2030 prehensionibus‚
596 1989 798 2029 promiscue.
824 1991 869 2021 Et

164 2038 199 2070 iu
230 2039 334 2071 Mstis
357 2039 456 2071 codd.
484 2039 625 2070 aliorum
652 2048 788 2080 quoque
812 2049 868 2070 au-

164 2094 278 2120 torum
303 2098 393 2130 saepe
416 2088 531 2120 videas
550 2093 679 2120 temere
695 2099 715 2119 n
729 2089 868 2120 vocibus

162 2139 336 2170 insertam.
383 2139 439 2170 Sic
461 2139 632 2179 thensauri,
647 2140 773 2178 totiens,
798 2150 868 2180 quo-

163 2190 255 2221 tiens.
295 2190 430 2221 Vossius.
486 2189 710 2220 Prensionibus
734 2200 868 2232 quoque

164 2246 201 2273 et
213 2241 375 2282 prensione
388 2242 515 2272 Lovan.
529 2241 674 2272 Dorvill.
687 2242 784 2272 Leid.
798 2251 868 2272 sec.

163 2291 317 2322 Vossian.
334 2291 415 2322 item
437 2291 600 2331 pren-sione
617 2292 726 2322 Palat.
742 2292 869 2323 habent

163 2351 239 2372 cum
270 2341 356 2372 Edd.
395 2341 482 2372 Rob.
515 2341 631 2382 Steph.
664 2342 871 2382 pressionibus

160 2391 287 2432 Scalig.
315 2395 350 2422 et
377 2391 474 2423 Leid.
501 2401 554 2433 pr.
578 2401 719 2433 quorum
743 2393 868 2432 primus

161 2451 242 2473 mox
255 2443 427 2482 prensione,
444 2443 531 2473 alter
553 2443 696 2484 pensione
716 2443 866 2475 exhibet.

162 2492 378 2524 Pressionibus
413 2494 570 2533 praetulit
612 2494 731 2525 iisdem
770 2504 867 2535 argu-

161 2542 285 2573 mentis
301 2551 431 2584 quoque
451 2543 583 2584 Lipsius
606 2544 680 2575 loco
703 2544 866 2576 indicato.

165 2590 266 2623 Adde
296 2593 453 2624 Vossium
486 2593 528 2624 ad
557 2604 621 2626 vu.
648 2597 702 2626 27.
726 2596 736 2612 ‘
754 2601 866 2627 turres

164 2649 271 2681 agger
298 2649 515 2684 expresserat
529 2644 547 2675 :'
585 2645 607 2676 i.
636 2655 666 2676 e.
703 2646 866 2677 elevarat.

164 2690 306 2731 Belgica
331 2697 474 2724 vocatur
501 2696 663 2735 opryzelen
678 2706 688 2726 .-
723 2705 868 2736 pressura

165 2739 351 2780 liquidorum
375 2742 441 2773 alia
465 2744 578 2783 paullo
598 2753 652 2776 res
669 2750 733 2777 est.
778 2745 867 2777 Vide

1520 173 1540 211 l
1548 171 1632 214 413

927 274 1046 315 Gujet.
1076 274 1116 305 ad
1143 276 1269 306 Lucan.
1298 284 1348 305 ix.
1374 277 1448 305 800.
1470 275 1480 291 ‘
1497 276 1633 317 Corycii

927 336 1087 367 pressura
1104 325 1218 361 croci,'
1247 332 1282 356 et
1309 327 1318 342 ‘
1335 335 1456 366 aquam
1481 327 1562 357 rotis
1579 337 1634 357 ex-

926 376 1083 416 primere'
1109 376 1200 407 Hirt.
1229 376 1267 406 Β.
1284 375 1382 406 Alex.
1407 386 1437 405 c,
1454 379 1485 406 6.
1532 376 1632 407 (Lete-

927 435 997 457 rum
1016 426 1095 456 nihil
1123 427 1234 457 tritius
1261 436 1334 458 esse
1363 426 1631 458 eonunntatione

926 477 991 507 ista
1015 479 1075 507 τῶν
1096 486 1224 517 prensus
1240 482 1274 507 et
1297 486 1432 517 pressus,
1457 486 1572 516 pansus
1595 480 1631 508 et

922 537 1043 567 passus,
1060 530 1124 558 διο.
1142 534 1268 557 norunt
1292 536 1428 565 omnes3
1463 532 1498 558 et
1516 537 1536 557 n
1559 536 1578 558 a
1594 526 1631 557 li-

928 577 1046 608 brariis
1061 578 1181 608 crebro
1197 578 1359 609 inculcari
1384 578 1568 609 clarissime
1584 578 1632 608 vi-

926 629 1034 660 dimus
1053 629 1095 660 ad
1113 629 1154 659 B.
1173 628 1216 660 G.
1235 638 1275 659 11.
1292 631 1322 659 9.

968 682 1010 710 29
1045 680 1200 710 Demissis,
1225 678 1419 719 patiebatur]
1466 678 1544 711 Hoc
1567 683 1632 720 est,

927 734 1056 771 quanta
1086 734 1160 760 erat
1190 734 1377 760 storearum
1408 729 1634 769 praependen-

926 780 1012 811 tium
1043 780 1236 820 longitudo,
1274 779 1317 813 ad
1354 780 1504 810 homines
1542 780 1634 811 inter

925 830 1132 871 operandum
1149 830 1389 871 protegendos.
1426 830 1534 862 Clark.
1586 831 1631 862 V.

923 882 1072 913 Turueb.
1091 883 1236 914 Advers.
1255 891 1305 913 Χῐ.
1322 885 1375 913 24.

967 935 1006 963 37
1026 934 1076 964 Aa
1091 937 1245 964 tormenta
1259 934 1410 964 mittenda
1424 933 1455 964 in
1468 932 1632 973 struendo]

926 983 944 1013 i.
962 993 992 1014 e.
1023 983 1163 1024 grandia
1181 984 1323 1015 missilia
1340 992 1357 1013 e
1375 983 1551 1014 tormentis
1575 993 1634 1014 ex-

925 1034 1096 1065 cutienda.
1141 1035 1197 1065 De
1223 1044 1289 1076 qua
1311 1033 1555 1075 significatione
1579 1043 1636 1064 vo·

925 1083 973 1114 cis
1003 1085 1151 1115 tormenti
1182 1085 1236 1115 adi
1268 1085 1311 1115 ad
1340 1094 1395 1115 111.
1423 1087 1475 1115 51.
1498 1085 1507 1101 ‘
1525 1084 1632 1116 telum

926 1136 1177 1164 tormentumve
1204 1134 1340 1164 missum
1354 1133 1374 1164 :'
1412 1134 1560 1174 alioquin
1588 1134 1634 1164 lo-

925 1193 983 1215 cus
1007 1185 1040 1215 in
1064 1185 1187 1216 mendo
1212 1184 1338 1216 cubare
1353 1184 1463 1215 videri
1489 1190 1630 1225 posset:

923 1243 999 1265 nam
1028 1236 1061 1266 in
1088 1235 1184 1267 Leid.
1211 1245 1262 1276 pr.
1281 1239 1317 1266 et
1331 1235 1431 1266 Voss.
1448 1239 1500 1266 est
1517 1235 1632 1266 instru-

923 1286 1015 1325 enda,
1031 1285 1133 1316 unica
1153 1295 1248 1323 voce,
1271 1286 1366 1326 quasi
1394 1285 1436 1316 ad
1462 1290 1631 1317 tormenta

923 1341 1013 1367 esset
1041 1336 1235 1367 referenda.
1289 1336 1343 1367 An
1374 1346 1454 1367 vero
1485 1337 1631 1368 scriben-

923 1387 1003 1418 dum
1018 1387 1216 1427 inmittenda,
1227 1387 1360 1419 scilicet
1377 1385 1536 1418 fenestris
1551 1387 1631 1427 illis,

922 1443 960 1469 ut
987 1438 1066 1470 inde
1096 1439 1239 1470 missilia
1269 1438 1512 1469 excutiantur?
1551 1438 1631 1469 Non

921 1495 1019 1531 puto.

966 1549 1004 1571 x.
1022 1545 1040 1572 5
1066 1541 1104 1572 In
1118 1543 1181 1572 solo
1204 1551 1287 1582 atque
1309 1540 1425 1581 longoe]
1471 1540 1629 1581 Interpo-

919 1591 983 1621 sita
999 1590 1143 1632 virgula,
1159 1591 1377 1622 scribendum
1405 1592 1439 1621 in
1453 1592 1529 1629 solo,
1546 1600 1630 1631 (eque

920 1641 1032 1681 Iongae,
1057 1646 1095 1672 ut
1126 1646 1220 1672 recte
1248 1641 1353 1672 habet
1382 1641 1436 1672 ed.
1469 1640 1630 1672 Beroald.

920 1690 961 1720 In
992 1691 1086 1721 Rom.
1115 1695 1149 1721 et
1177 1692 1264 1722 Ven.
1292 1701 1474 1732 perperam
1502 1690 1630 1731 legitur

921 1749 1006 1779 aeque
1032 1741 1120 1779 longe
1139 1741 1306 1779 distantes,
1320 1742 1374 1779 ὅτ.
1419 1741 1530 1771 Daris.
1587 1740 1630 1770 In

922 1790 1051 1820 Lovan.
1076 1795 1111 1821 et
1137 1792 1241 1821 Dorv.
1266 1790 1417 1821 invenias
1441 1801 1528 1830 (equa
1551 1791 1630 1829 lege.

920 1840 1041 1870 Pedum
1057 1841 1159 1871 etiam
1176 1850 1238 1880 pro
1253 1842 1343 1880 pedes
1363 1845 1416 1871 est
1440 1841 1475 1870 in
1499 1841 1630 1872 Lovan.

922 1894 956 1920 et
972 1890 1066 1920 Leid.
1086 1900 1138 1930 pr.
1153 1890 1210 1930 qui
1226 1899 1302 1920 cum
1320 1889 1408 1920 Edd.
1424 1890 1539 1920 multis
1550 1890 1629 1930 jun-

921 1940 972 1979 git
996 1950 1081 1980 seque
1105 1941 1194 1979 longe
1217 1940 1381 1970 distantes.
1436 1939 1516 1970 Alia
1539 1940 1627 1971 ratio

921 1994 974 2020 est
1000 1999 1063 2021 vn.
1086 1993 1139 2021 23.
1165 1991 1174 2007 ‘
1192 1990 1320 2021 Trabes
1337 1991 1481 2021 directae
1506 1999 1629 2030 perpe-

922 2046 1003 2081 tuze,
1020 2041 1158 2082 paribus
1176 2041 1366 2071 intervallis
1390 2041 1557 2072 distantes
1579 2041 1628 2071 in-

920 2096 973 2121 ter
988 2100 1023 2122 se
1040 2091 1135 2122 binos
1152 2090 1269 2131 pedes,
1296 2091 1330 2121 in
1355 2091 1425 2121 solo
1449 2091 1628 2122 conlocan-

919 2139 1000 2171 tur!

962 2194 982 2222 6
1006 2192 1101 2232 Inque
1127 2192 1171 2223 eis
1192 2193 1392 2233 columnellas]
1436 2192 1531 2223 Malo
1546 2194 1629 2224 colu-

918 2242 1030 2281 melloe,
1047 2247 1085 2273 ut
1103 2242 1136 2272 in
1153 2243 1282 2282 optimo
1299 2243 1417 2273 codice
1435 2243 1626 2274 I'etaviano

918 2296 981 2323 est.
1017 2293 1107 2324 Nam
1125 2293 1265 2324 dicimus
1277 2294 1430 2333 columna,
1441 2294 1628 2334 columnula,

918 2343 1087 2373 columella.
1117 2343 1250 2374 Vossius.
1295 2345 1370 2376 Jos.
1388 2344 1541 2384 Scaliger
1557 2343 1627 2374 edi-

919 2393 968 2424 dit
994 2393 1084 2434 inque
1108 2393 1152 2424 eis
1178 2395 1376 2434 columnellae,
1403 2404 1502 2436 quam
1519 2394 1625 2434 scrip-

918 2448 1029 2474 turam
1055 2444 1192 2475 firmant
1219 2444 1319 2475 editt.
1348 2445 1434 2475 Yen.
1462 2443 1627 2475 Beroald.

917 2499 954 2525 at
985 2496 1110 2526 rectius
1143 2497 1226 2527 Mss.
1259 2497 1381 2527 Petav.
1413 2501 1449 2526 et
1481 2495 1622 2526 Norvic.

917 2555 993 2576 cum
1012 2546 1109 2576 Rom.
1127 2546 1289 2577 exhibent
1305 2547 1397 2587 inque
1418 2546 1462 2577 eis
1483 2545 1624 2576 columel-

917 2596 968 2635 lae,
985 2601 1022 2626 ut
1036 2596 1188 2628 ostendit
1211 2597 1255 2628 G.
1270 2597 1304 2629 J.
1321 2597 1458 2627 Vossius
1483 2597 1516 2626 in
1541 2596 1625 2634 Ety-

916 2646 995 2678 mol.
1018 2656 1103 2678 voce
1128 2647 1278 2678 columna.
1335 2645 1387 2677 Ac
1412 2655 1505 2685 sane,
1529 2644 1623 2686 quod

916 2706 984 2728 non
1014 2697 1175 2729 observat
1204 2699 1256 2728 vir
1284 2697 1511 2736 doctissimus,
1543 2695 1622 2728 hnic

915 2747 992 2780 voci
1007 2746 1109 2778 fidem
1126 2757 1193 2779 non
1210 2747 1347 2778 dubiam
1362 2745 1450 2779 facit
1476 2747 1624 2780 Columel-
