1850 3109
408 160 601 190 i.1n.111.
633 158 740 188 οΛΡ.
761 147 860 188 106.
895 157 957 186 υΕ
991 157 1145 186 naum
1178 159 1349 188 οινιω.

155 256 227 293 τίαν,
242 253 312 294 ἔξω]
339 254 416 285 Non
434 252 529 283 Elide
545 256 674 283 tantum
691 250 754 281 hoc
769 250 856 280 acci-

159 305 223 345 dit,
251 305 309 336 sed
345 306 354 321 ‘
374 303 538 344 plerisque
570 302 650 332 locis
680 302 777 339 signa
798 310 858 331 sua

159 360 280 396 sponte
303 353 488 392 conversa,’
512 353 538 383 si
554 353 624 384 Jul.
643 351 856 392 Obsequenti

159 415 190 436 c.
206 408 256 436 63.
284 403 367 434 fides
392 403 436 433 sit
462 401 663 433 adhibenda.
708 402 799 434 Quin
824 406 858 431 ct

161 455 316 486 Valerius
333 454 502 484 Maximus
520 461 544 483 ι.
562 455 593 483 ὃ.
613 455 663 483 12.
688 453 696 469 ‘
715 452 747 482 in
765 452 858 482 delu—

160 506 227 537 bris
245 506 355 536 Deum
370 514 430 535 sua
445 509 567 545 sponte
581 504 676 544 signa
689 503 860 534 conversa'

162 555 275 586 tradit.
321 554 432 586 Daris.

204 609 242 636 14
283 605 431 644 Pergami
458 605 491 635 in
521 605 647 636 occultis
672 614 707 635 ac
736 603 861 634 renwtis

157 657 377 697 templi—qua>
414 656 521 687 Groeci
559 654 656 685 ἄδυτα
691 653 861 694 appellant]

160 707 200 739 In
231 706 310 738 fano
335 707 460 738 Bacchi
487 706 650 738 accidisse
667 710 785 736 auctor
808 708 862 735 est

162 757 230 788 Dio
243 757 264 787 l.
284 766 355 788 xm.
373 767 406 796 p.
420 760 493 788 182.
505 756 606 786 Ἔντε
621 753 773 795 Περγάμῳ
787 766 861 793 τυμ-

152 805 262 837 >7rdvcov
273 805 310 837 τέ
320 819 388 837 τινα
405 805 454 836 καὶ
469 804 638 845 κυμβάλων
650 804 750 845 ψόφον
762 805 796 835 ἐκ
807 805 864 835 τοῦ

161 857 320 889 Διονυσίου
335 856 475 898 ἀρθέντα,
495 856 545 887 διὰ
558 855 660 893 πάσης
673 857 730 893 τῆς
744 855 863 886 πόλεως

161 910 310 949 χωρῆσαι.
358 909 464 939 Porro
488 918 562 950 quae
582 907 709 939 Caesari
731 908 786 937 hic
811 917 863 938 re-

161 965 252 990 mota
291 964 326 990 et
363 960 498 989 occulta
538 958 671 998 templi,
710 958 863 989 Valerius

163 1010 332 1040 Maximus
359 1019 382 1041 1.
402 1013 432 1041 6.
462 1009 570 1040 abdita
597 1013 784 1049 nuncupat,
801 1008 864 1040 nisi

163 1060 256 1090 locus
287 1065 468 1100 corruptus
499 1065 570 1090 est:
611 1060 670 1097 ait,
707 1061 716 1076 ‘
737 1060 863 1091 Sonum

162 1115 397 1151 tympanorum
425 1112 585 1151 Pergami
615 1111 740 1142 abditis
770 1112 864 1143 delu-

162 1160 231 1192 bris
247 1160 399 1192 editum.’
458 1160 548 1192 Illud
565 1167 709 1200 certum,
727 1171 793 1192 non
809 1162 864 1193 hic

161 1210 308 1250 delubris,
332 1211 390 1242 sed
413 1211 533 1242 delubri
557 1212 793 1251 scribendum3
816 1212 865 1244 fa—

163 1262 296 1302 cileque
314 1262 475 1301 adducor,
487 1267 524 1293 ut
540 1263 676 1293 credam
690 1263 865 1294 Valerium

165 1312 339 1353 scripsisse
368 1313 472 1353 adytis
499 1313 635 1354 templi:
674 1323 748 1345 cum
780 1314 865 1345 illud

163 1362 279 1393 abditis
295 1363 409 1394 dehac
427 1373 462 1395 re
479 1364 672 1395 inusitatius
687 1364 742 1395 sit.
775 1364 865 1395 Sane

166 1413 281 1444 Caesar
312 1424 386 1445 cum
415 1414 547 1445 diceret
585 1415 712 1446 occultis
748 1415 867 1456 templi,

165 1464 357 1496 addendum
385 1465 450 1497 sibi
476 1465 622 1506 putavit,
647 1476 723 1507 quae
749 1466 867 1497 Graeci

167 1514 262 1545 ἄδυτα
277 1516 464 1556 appellant.
508 1515 588 1554 Sed,
615 1515 703 1556 quod
730 1525 866 1547 monen-

167 1565 258 1603 dum,
274 1566 392 1605 putavi
407 1566 439 1596 in
455 1565 521 1596 Ms.
535 1565 652 1605 Cujac.
666 1575 727 1606 pro
743 1566 870 1597 remotis

166 1621 219 1647 est
249 1616 391 1646 conditis.
452 1616 492 1646 In
524 1615 635 1646 Palat.
675 1615 796 1646 Petav.
833 1620 869 1646 et

166 1666 277 1707 Bong.
295 1666 470 1696 reconditis.
516 1666 600 1697 Quae
623 1664 766 1696 fortasse
789 1675 868 1696 vera

167 1717 270 1747 lectio
287 1721 351 1747 cst.
395 1716 530 1746 Vossius.
576 1716 671 1746 Bene
688 1715 870 1746 Lambinus

168 1768 209 1797 ad
225 1767 345 1797 Horat.
365 1776 387 1797 ι.
406 1770 456 1797 16.
483 1771 518 1797 et
546 1775 595 1796 iv.
614 1769 645 1796 4.
675 1766 782 1805 templi
799 1775 871 1796 cor-

169 1817 271 1853 rexit,
300 1818 380 1847 licet
405 1817 437 1847 in
465 1817 549 1847 Mss.
581 1817 751 1857 plerisque
769 1816 871 1847 etiam

170 1868 264 1904 meis,
289 1868 333 1898 sit
359 1868 491 1908 templis.
534 1867 601 1898 Sed
619 1867 725 1906 templi
747 1866 872 1897 habent

170 1918 281 1949 Palat.
308 1918 416 1958 Bong.
446 1916 540 1948 Leid.
570 1926 635 1948 sec.
663 1921 698 1948 et
726 1916 872 1947 Dorvill.

170 1969 296 1999 Verum
322 1969 355 1999 iu
376 1969 466 1999 nullo
483 1974 534 1999 est
549 1968 683 1998 remotis.
732 1967 874 1997 Conditis

169 2020 273 2050 habet
291 2019 446 2050 Leidens.
463 2029 530 2050 sec.
545 2023 580 2049 at
598 2018 692 2049 Voss
711 2022 746 2048 et
762 2019 871 2049 Dorv.

167 2070 346 2101 reconditis.
404 2069 501 2100 Leid.
530 2079 579 2110 pr.
610 2068 787 2108 recognitis.
843 2069 872 2099 E

174 2120 300 2150 Lovan.
327 2124 362 2149 et
387 2120 511 2159 Scalig.
537 2119 617 2149 nihii
634 2119 808 2149 varietatis
826 2123 873 2149 ta-

173 2178 250 2200 men
267 2174 440 2200 enotatum
458 2174 521 2200 est.
575 2169 643 2199 Sed
660 2173 695 2199 et
710 2168 875 2199 reconditis

171 2223 227 2250 est
252 2220 284 2249 in
312 2220 394 2250 Mss.
413 2219 529 2249 Ursini
557 2223 592 2249 et
619 2218 682 2249 Ed.
699 2218 872 2248 Beroaldi.

177 2270 319 2301 conditis
333 2270 433 2300 etiarn
450 2270 483 2299 in
500 2270 565 2300 alio
582 2269 694 2300 Ursin.
719 2273 756 2299 et
779 2268 876 2299 Ciac-

174 2330 250 2352 con.
294 2322 408 2353 Quare
426 2321 560 2351 omnino
578 2324 694 2360 putem
710 2318 877 2349 reconditis

174 2381 247 2402 esse
265 2370 535 2408 restituendum3
571 2371 618 2401 uti
636 2370 738 2401 etiam
764 2369 797 2400 id
825 2379 876 2399 re-

170 2422 269 2462 -cepit
285 2421 460 2453 Cellarius.
504 2421 598 2451 Male
619 2425 732 2451 autem
754 2420 878 2460 templis

170 2473 414 2514 propugnabat
451 2473 698 2514 Hotomannus,
731 2473 809 2515 quia
842 2473 876 2504 in

177 2524 291 2554 Valer.
317 2523 432 2554 obditis
457 2524 593 2554 delubris
617 2523 752 2564 legitur.
811 2524 877 2555 Sed

179 2574 255 2604 vide
279 2574 326 2604 ibi
352 2575 452 2605 Virus
477 2574 596 2605 doctos
620 2576 635 2615 ξ
663 2577 714 2605 15.
759 2575 879 2606 Abdita

181 2633 243 2664 pro
257 2623 353 2654 ἄδυτα
365 2626 415 2655 hic
433 2626 534 2656 etiam
558 2630 718 2656 exaratur
734 2626 767 2656 in
779 2627 877 2656 Voss.

183 2673 246 2703 Sed
262 2675 349 2705 adita
365 2675 492 2706 Latinis
507 2676 627 2706 litteris
645 2677 766 2708 Petav.
784 2675 879 2707 Leid.

184 2733 236 2763 pr.
265 2724 353 2755 Scal.
385 2730 422 2756 et
450 2726 570 2768 reliqui
599 2725 683 2757 sere.
744 2727 799 2757 De.
830 2726 881 2756 his

1495 147 1608 190 1527

907 249 984 280 vide
1001 250 1103 280 etiam
1120 250 1174 280 Ill.
1190 250 1371 290 Spanhem.
1387 252 1425 281 Τ.
1445 260 1467 281 ¹.
1485 251 1610 283 I'raent.

911 301 1011 331 Num.
1029 311 1060 341 p.
1078 304 1153 331 ⁷18.

955 353 992 380 18
1018 351 1126 381 Palma
1150 361 1206 392 per
1221 361 1269 381 eos
1283 351 1347 381 dies
1368 351 1401 381 in
1425 354 1503 382 tecto
1529 351 1611 382 inter

908 406 1088 441 coagmenta
1108 403 1245 443 lapidum
1269 413 1308 433 ex
1331 403 1503 442 parimento
1518 403 1614 433 exsti-

909 454 982 484 [tuse
1017 453 1245 493 ostendebatur]
1311 453 1513 483 Plutarchus
1553 454 1611 484 vit.

911 505 996 535 Cam.
1028 514 1059 544 p.
1082 506 1157 535 730.
1185 505 1232 534 ait
1254 504 1335 544 παρὰ
1361 504 1418 541 τὴν
1443 503 1536 539 βάσιν
1557 505 1614 536 τοῦ

910 553 1085 594 ἀνδριάντος
1111 555 1281 585 exstitisse
1311 555 1443 594 φοίνικα.
1501 556 1614 586 Etiam

910 606 1068 636 Valerius
1086 605 1225 636 Maxim.
1245 615 1267 637 i.
1289 610 1321 636 (5.
1337 606 1494 644 affirmat,
1517 608 1526 623 ‘
1545 606 1615 647 pal·

911 666 999 686 mam
1027 655 1169 686 viridem
1193 657 1361 687 Trallibus
1386 657 1418 687 in
1446 657 1519 687 aede
1537 657 1616 687 Vic-

912 707 1022 745 toria,
1039 707 1100 738 sub
1118 707 1262 738 Caesaris
1278 708 1500 748 statua,inter
1517 717 1616 749 coag-

912 763 1028 788 menta
1058 757 1208 798 lapidum
1239 758 1341 798 justae
1372 757 1615 797 magnitudinis

913 814 1048 839 enatam
1062 808 1080 838 :’
1103 808 1168 849 (sic
1182 812 1217 839 et
1229 809 1298 840 Jul.
1312 808 1443 849 Obseq.
1459 808 1502 839 de
1517 808 1615 848 prod.

914 869 942 890 c.
973 862 1027 890 63.
1069 859 1125 901 qui
1155 868 1213 890 sua
1243 869 1286 889 cx
1313 859 1451 889 Valerio
1478 857 1618 898 hausit.)

913 910 1013 941 Unde
1029 910 1172 940 Ursinus
1190 909 1244 940 hic
1269 909 1404 949 legebat
1418 909 1533 939 intecto
1549 918 1616 940 una

913 970 1007 992 voce.
1073 960 1139 991 Sed
1169 969 1236 991 uon
1271 959 1383 997 video,
1421 969 1496 1000 quae
1535 964 1617 990 tunc

913 1020 1008 1042 mens
1024 1011 1204 1042 verborum
1229 1019 1302 1040 esse
1319 1009 1437 1050 possit.
1484 1009 1522 1039 In
1537 1012 1619 1040 tecto

916 1061 1042 1093 Caesari
1056 1066 1106 1092 est
1126 1059 1175 1091 ἐπὶ
1190 1060 1337 1097 δώματος.
1385 1059 1495 1091 Credo
1513 1060 1619 1091 movit

915 1112 1090 1151 Ursinum,
1106 1111 1196 1152 quod
1222 1115 1341 1151 postea
1367 1111 1482 1141 Caesar
1506 1110 1554 1140 ait
1580 1119 1620 1140 ex

913 1162 1108 1202 pavimento:
1131 1170 1207 1190 nam
1224 1163 1338 1191 tectum
1353 1165 1387 1191 et
1409 1161 1620 1199 pavimentum

916 1214 983 1244 duo
1008 1212 1165 1252 opposita
1188 1216 1278 1242 sunt.
1324 1211 1451 1241 Verum
1478 1210 1622 1242 nescivit

917 1263 1026 1304 paviri
1052 1262 1155 1293 etiam
1184 1266 1312 1292 tectum
1336 1270 1445 1301 posse,
1474 1260 1620 1301 ideoque

917 1313 1105 1354 pavimenti
1119 1321 1236 1342 vocem
1254 1311 1295 1342 de
1313 1316 1406 1342 tecto
1419 1315 1514 1342 recte
1531 1320 1624 1341 usur-

918 1363 1003 1404 pari,
1027 1362 1084 1403 qui
1106 1371 1178 1393 mos
1207 1361 1377 1402 hodieque
1393 1361 1482 1402 apud
1500 1366 1622 1402 gentes

916 1414 1065 1445 orientes
1090 1413 1195 1453 viget.
1246 1411 1350 1442 Certe
1378 1412 1513 1442 Hirtius
1541 1421 1623 1453 quo-

919 1474 983 1506 que
1008 1464 1105 1495 initio
1134 1463 1210 1493 libri
1238 1462 1280 1493 de
1311 1462 1399 1493 bello
1422 1461 1522 1493 Alex.
1549 1461 1621 1492 ait:

917 1516 926 1532 ‘
942 1515 1015 1545 sine
1030 1513 1285 1554 contignatione
1311 1522 1350 1544 ac
1377 1512 1521 1543 materia
1545 1513 1625 1543 sunt

919 1565 1076 1605 aedificia,
1102 1571 1137 1596 et
1164 1564 1344 1596 structuris
1371 1573 1410 1594 ac
1437 1562 1623 1594 fornicibus

920 1616 1149 1655 continentur,
1181 1620 1343 1655 tectaque
1376 1618 1455 1645 sunt
1489 1613 1625 1654 rudere,

921 1672 980 1698 aut
1007 1665 1232 1707 pavimentis!
1291 1665 1390 1698 Quod
1404 1674 1484 1695 vero
1502 1664 1544 1695 ad
1560 1665 1626 1695 Va-

921 1717 995 1747 lerii
1011 1725 1050 1747 ac
1064 1716 1239 1747 Plutarchi
1255 1715 1331 1746 loca
1355 1715 1490 1753 attinet,
1505 1719 1626 1754 potue-

921 1772 1000 1797 runt
1016 1767 1037 1797 ii
1055 1767 1136 1797 alios
1158 1770 1313 1797 auctores
1330 1765 1439 1796 secuti
1455 1774 1545 1802 esse3
1571 1765 1626 1795 vel

920 1817 1023 1847 etiam
1051 1817 1123 1856 ipse
1148 1816 1262 1847 Caesar
1290 1816 1331 1846 ab
1359 1815 1627 1846 assentatoribus

923 1876 1102 1907 perperam
1119 1866 1283 1897 edoctus:
1319 1871 1357 1897 ut
1385 1871 1422 1897 ut
1443 1870 1508 1904 est,
1523 1865 1629 1896 verba

921 1918 992 1958 ejus
1019 1918 1110 1948 clara
1136 1920 1227 1955 suut,
1255 1921 1291 1946 et
1321 1916 1392 1946 vult
1423 1916 1567 1956 palmam
1593 1917 1628 1947 in

923 1973 1017 2000 tecto
1032 1968 1150 2008 templi
1166 1968 1338 1998 exstitisse
1355 1978 1363 2005 ;
1386 1967 1476 2008 quod
1493 1968 1629 2008 majoris

922 2019 1076 2049 miraculi
1101 2028 1201 2059 quarn
1227 2019 1384 2057 alterum,
1402 2022 1439 2049 ut
1467 2027 1508 2048 ex
1537 2018 1630 2058 pavi-

923 2074 1036 2100 mento
1053 2074 1154 2099 enata
1170 2068 1226 2099 sit.
1262 2068 1376 2099 Dat-is.
1438 2068 1630 2099 Adsensum

924 2119 1044 2149 Vossio
1074 2118 1207 2158 praebet
1234 2118 1402 2149 Clarkius.
1460 2119 1518 2149 Me
1547 2127 1629 2150 vero

925 2169 1071 2200 nondum
1103 2169 1248 2208 poenitet
1277 2169 1496 2209 conjecturae,
1531 2177 1631 2209 quam

925 2220 1087 2260 proposui
1110 2219 1153 2248 ad
1178 2219 1307 2259 Obscq.
1335 2222 1455 2250 c.125.
1480 2222 1489 2235 ‘
1507 2218 1632 2249 Tralli-

927 2269 987 2300 bus
1008 2269 1041 2298 in
1060 2268 1133 2299 aede
1152 2268 1303 2298 victoriae
1320 2268 1380 2298 sub
1405 2268 1549 2299 Caesaris
1566 2273 1633 2298 sta-

928 2324 985 2349 tua
1002 2319 1089 2348 inter
1106 2323 1309 2358 coagmenta
1333 2318 1482 2358 lapidum
1506 2318 1633 2358 magni-

927 2369 1045 2400 tudine
1072 2374 1204 2399 matura
1229 2374 1328 2399 enata
1344 2369 1361 2398 :'
1399 2369 1471 2401 scil.
1497 2369 1634 2410 integra,

928 2431 996 2462 quo
1020 2419 1104 2452 facit
1128 2420 1269 2451 verbum
1286 2420 1462 2451 exstitisse.-
1497 2430 1562 2461 quo
1579 2430 1632 2451 sn-

927 2472 1017 2502 bitus
1033 2476 1127 2502 ortus
1153 2470 1360 2511 designatur.
1406 2471 1493 2501 Vide
1509 2471 1551 2501 ad
1568 2479 1632 2501 vn.

928 2526 980 2554 35.
998 2527 1034 2554 et
1047 2522 1137 2553 alibi.
1183 2522 1267 2553 Cum
1283 2522 1404 2553 Vossio
1419 2527 1532 2553 tamen
1548 2520 1635 2552 facit

929 2575 1028 2605 ctiam
1054 2573 1237 2612 Gruterus,
1259 2574 1378 2603 eodem
1394 2571 1540 2603 adducto
1557 2571 1635 2601 Hir-

930 2625 968 2655 tii
987 2626 1072 2656 loco.

973 2684 1043 2705 ενι.
1076 2678 1094 2704 2
1135 2674 1173 2703 In
1205 2674 1381 2713 AEgyptum
1413 2672 1474 2702 iter
1508 2671 1637 2712 habere]

930 2726 1015 2756 Mss.
1033 2724 1098 2755 mei
1115 2723 1157 2755 ad
1176 2732 1278 2753 unum
1296 2730 1424 2762 omnes,
1444 2719 1533 2753 miro
1555 2728 1634 2754 con-
