1850 3109
396 209 592 240 L1n.11r
625 199 821 239 cse.19.
858 209 918 239 nn
954 209 1108 239 nunno
1141 211 1309 239 οινιμι

134 302 234 344 ripas,
257 307 290 334 ut
314 304 384 335 sive
404 306 561 343 postquam
586 312 679 343 prope
704 312 832 334 accesse-

125 358 216 393 ϊιιιιί,
232 358 262 385 et
277 364 369 385 unum
383 356 502 384 tantum
511 353 630 392 flumen
646 354 810 384 intererat.

177 407 196 434 4
223 403 498 442 Trausjicielialur]
535 403 573 433 In
599 404 756 434 Palatino
779 408 832 435 est

124 452 320 490 jaciebatur:
344 453 434 493 quod
465 463 529 483 non
560 454 721 494 improbo.
762 456 833 486 Vos-

132 503 206 533 sius.
253 503 326 533 Nec
352 512 448 534 secus
475 503 506 533 in
536 504 660 534 Lovan.
685 509 719 536 et
745 505 832 536 Dor-

132 553 204 583 vin.

175 605 194 632 ‘7
219 603 270 633 De
288 613 361 642 pace
377 603 495 643 legatos
509 604 645 645 mittere]
669 606 834 637 Constan-

133 655 185 681 ter
211 651 243 681 in
275 653 340 683 Ms.
370 659 496 691 nostro,
522 654 600 686 Pet.
628 656 700 686 Pal.
724 656 832 695 Bong.

132 705 185 731 est
199 702 276 732 duos
290 703 406 741 legatus
422 705 555 735 mittere.
603 705 656 735 lta
674 710 710 736 et
733 705 833 736 editt.

137 751 234 782 Rom.
260 753 344 782 Vcn.
373 754 530 784 Beroald.
575 754 738 795 Suspicor
763 765 833 786 cor-

134 806 269 842 ruptum
302 812 343 833 cx
374 813 443 834 suos
471 805 611 843 legatos,-
644 809 716 844 ant,
744 806 834 846 qnod

133 853 233 890 malo,
257 863 299 884 ex
324 857 411 885 tutu.-
436 865 511 886 nam
536 857 584 887 sic
610 856 708 895 infra,
732 859 834 888 admo-

131 903 204 933 dum
228 907 295 934 tutu
319 905 414 943 legati
441 907 555 936 venire.
593 906 725 937 Vossius.
771 907 834 938 Co-

132 953 224 985 dices
239 955 365 986 habunt
380 957 417 986 de
437 966 511 996 pace
527 957 610 987 dnos
627 959 743 996 legatos
763 957 834 987 mit-

133 1007 221 1039 tere:
259 1005 348 1036 unde
375 1015 444 1036 suos
472 1008 590 1045 legatos
617 1006 698 1037 fecit
724 1008 756 1038 J.
784 1008 832 1037 M.

134 1054 271 1085 Brutus.
316 1056 373 1086 Sic
395 1057 494 1087 etiam
520 1058 678 1094 Vossins;
706 1058 834 1088 mavult

134 1108 247 1134 tamen
277 1106 314 1135 ‹le
348 1115 422 1144 pace
452 1111 525 1136 tuto
553 1108 672 1145 legatos
700 1107 833 1137 mittere.

133 1153 216 1183 Cum
240 1164 320 1184 vero
347 1156 459 1184 statim
485 1155 643 1195 subjiciat
664 1156 833 1193 Vatinius,

129 1204 316 1242 praescrtim‚
340 1207 375 1233 ut
398 1204 428 1234 id
452 1207 591 1243 agerent,
606 1214 641 1234 ne
663 1205 744 1236 cives
766 1214 834 1235 cum

132 1252 249 1282 civibus
264 1255 359 1283 inanis
379 1254 588 1290 decertarent;
613 1256 833 1295 supervacuis

134 1303 274 1334 vocibus
290 1304 423 1344 ejectiS,
446 1305 675 1344 reponendum
697 1305 835 1335 videtui·

131 1356 276 1386 liceretne
304 1356 419 1387 cie-ibus
445 1359 484 1388 ad
511 1358 592 1388 eires
620 1358 738 1395 legatos
763 1357 834 1387 mit-

133 1404 223 1437 tere?
247 1407 358 1437 Davi&
382 1416 451 1437 cur.
470 1417 537 1437 sec.
574 1407 654 1437 Mss.
673 1407 714 1436 ad
734 1416 834 1436 unum

129 1466 247 1487 omnes
273 1458 426 1488 inserunt
449 1459 535 1496 duos,
558 1466 622 1487 nec
649 1466 715 1486 non
743 1456 831 1487 Edd.

134 1508 272 1548 primae:
292 1509 380 1538 unde
392 1509 464 1548 jain
480 1507 630 1547 conjecit
646 1516 715 1536 suos
731 1507 834 1536 etiam

134 1558 313 1597 Gruterus,
340 1559 396 1599 qui
423 1562 533 1597 rogat,
558 1567 599 1588 an
627 1567 692 1587 non
720 1567 763 1587 ex
790 1557 836 1587 in-

132 1613 217 1649 epta
247 1609 532 1648 interpretatione
561 1609 715 1648 genuinae
744 1608 835 1638 vocis

135 1659 303 1699 utrimque,
332 1669 406 1698 qnae
434 1668 511 1688 mox
539 1658 640 1688 etiam
669 1657 835 1698 sequitur,

136 1708 245 1748 possit
270 1718 345 1738 esse
371 1708 510 1738 intrusa.
564 1707 755 1747 Adscripsit
783 1708 835 1738 Cl.

138 1758 301 1790 Heinsius
319 1758 409 1789 forte
425 1769 498 1798 quos
514 1768 574 1798 pro
590 1759 715 1798 aliquo-9.

178 1811 198 1840 8
223 1809 382 1847 Fugitiuis
397 1809 433 1839 ab
449 1809 530 1839 saltu
548 1808 697 1848 Pyrenoeo
719 1809 839 1848 prado-

134 1858 279 1899 nibusque
294 1860 446 1899 licuisset]
473 1859 605 1898 Ineptit
619 1859 719 1890 Joan.
739 1859 838 1889 Ruel-

134 1908 277 1946 neamus,
294 1909 347 1949 qni
365 1908 568 1939 Afranianos
584 1912 619 1938 et
636 1908 837 1938 Petreianos

136 1958 293 1989 denotari
323 1964 431 1998 putat.
479 1959 565 1989 Haec
592 1963 705 1988 auten]
735 1958 838 1989 verba

137 2008 220 2039 mire
237 2009 386 2038 illustrat
404 2008 633 2047 Hieronymus
647 2012 767 2038 contra
781 2009 838 2038 Vi-

137 2057 314 2098 gilantiam
340 2059 361 2089 1.
379 2067 417 2089 11.
441 2058 497 2088 fol.
515 2062 566 2089 55.
590 2058 630 2088 B.
650 2058 731 2088 edit.
757 2059 836 2088 Fro-

135 2108 213 2140 ben.
236 2109 293 2139 ubi
317 2109 365 2139 sic
391 2110 561 2149 loquitur:
587 2110 596 2126 ‘
611 2109 678 2141 Qui
702 2109 745 2139 de
774 2110 835 2140 La-

136 2163 270 2190 tronnm
287 2165 323 2191 ct
344 2170 571 2192 convenarum
594 2166 690 2191 natus
712 2165 764 2191 est
787 2171 837 2191 se-

135 2210 239 2248 mine,
271 2219 353 2250 qnos
385 2211 446 2240 Cn.
478 2211 662 2251 Pompeius
688 2211 839 2241 edomita

138 2259 305 2299 Hispania
329 2259 370 2289 ad
395 2260 602 2300 triumphum
625 2260 720 2290 adire
746 2260 840 2290 festi-

127 2318 220 2340 ·nans
244 2310 286 2340 de
310 2310 469 2350 Pyrenaei
492 2310 587 2350 jugis
613 2310 781 2350 deposuit,
805 2315 840 2341 et

137 2360 170 2390 in
187 2369 288 2390 unum
306 2360 469 2400 oppidum
494 2360 727 2400 congregavit,
750 2360 839 2391 unde

134 2415 174 2441 et
190 2411 428 2441 Convenarum
445 2411 524 2442 urbs
541 2421 662 2441 nomen
679 2411 839 2452 accepit!

138 2459 230 2491 Hinc
266 2461 388 2491 omissa
425 2461 667 2501 conjunctione
703 2461 841 2492 videtur

141 2510 355 2541 scribendum
375 2510 531 2550 Fugitinis
543 2510 581 2541 ab
596 2512 677 2541 saltu
690 2512 841 2552 Pyrenoeo

138 2560 335 2601 praeaonibus
354 2561 499 2601 licuisset,
524 2562 585 2592 nisi
612 2560 701 2593 forte
722 2564 842 2602 proedo-

143 2619 218 2641 num
231 2612 364 2641 nomine
378 2611 503 2643 Cilicas
519 2612 646 2653 piratas
662 2613 842 2653 intelligat,

140 2659 200 2699 qui
236 2660 400 2700 Pompeio
440 2671 476 2692 se
516 2661 748 2700 dediderunt3
787 2672 842 2693 eos

140 2708 234 2738 enim
266 2710 399 2741 latrones
437 2716 539 2742 vocat
576 2712 707 2751 Florus,
743 2721 843 2753 quem

145 2756 224 2788 vide
246 2766 301 2790 111.
328 2761 360 2790 fi.
395 2761 506 2792 Davis.
553 2762 608 2793 De
635 2762 800 2803 Fugitivis
824 2771 844 2794 a

1472 202 1583 244 1463

883 303 969 334 saltn
988 303 1157 343 Pyrcnaeo
1181 307 1217 334 et
1241 304 1477 336 Convenarum
1501 307 1583 338 urbe

883 353 960 383 vide
977 354 1111 384 omnino
1135 354 1179 384 H.
1197 354 1366 384 Valesium
1391 355 1473 385 Not.
1491 357 1583 389 Gan.

884 413 916 444 p.
935 406 1007 434 157.
1051 404 1289 444 conjecturam
1315 409 1426 435 autom
1451 406 1582 437 Davisii

883 454 1008 493 optime
1025 452 1203 484 confirmat
1227 453 1310 484 Coti.
1329 454 1423 483 Leia.
1451 465 1502 494 pr.
1527 457 1583 496 qui

883 509 978 533 caret
994 504 1037 541 τῷ
1052 514 1118 542 que.
1159 504 1231 543 Ego
1249 508 1361 534 tannen
1380 504 1491 535 malim
1508 515 1584 536 cum

884 553 985 583 Celso
1002 554 1162 592 retinere,
1178 559 1213 585 et
1235 554 1361 593 piratas
1380 555 1501 585 Cilicas
1525 565 1586 596 per

881 604 1039 642 praezlones
1062 603 1265 642 intelligere.
1315 603 1401 633 Vide
1427 614 1503 644 quae
1530 614 1588 635 no-

884 652 952 682 tavi
971 652 1012 682 ad
1031 653 1155 683 Lucan.
1175 662 1212 683 ιι.
1229 656 1303 684 726.
1329 655 1336 670 ‘
1353 654 1465 685 Quum
1483 664 1586 696 snper

884 711 1020 742 aeqnore
1060 706 1132 733 toto
1169 702 1371 733 Praedonem
1402 714 1586 744 sequerere

883 752 1006 783 maris)
1056 752 1163 783 Immo
1194 753 1267 792 ipse
1297 758 1417 784 auctor
1448 764 1479 784 c.
1513 756 1585 786 104.

883 801 946 832 hoc
962 807 1064 833 vocat
1079 802 1088 818 ‘
1104 802 1226 832 bellum
1245 802 1466 842 p1·aed0n1nn.’

925 855 946 883 9
974 853 1016 883 Ut
1032 853 1064 882 id
1079 851 1221 891 agerent]
1244 853 1286 883 V.
1303 862 1333 883 c.
1351 857 1477 892 noster,
1502 853 1586 885 Mss.

884 902 1003 942 anac..
1022 908 1054 933 ct
1083 903 1201 933 Petav.
1227 912 1265 933 ac
1291 902 1428 933 Norvic.
1446 902 1587 942 habent,

883 962 952 982 cum
974 952 1006 982 id
1022 956 1170 991 agerent.-
1194 951 1283 993 qnod
1310 953 1425 992 probo.
1454 953 1587 983 If'ossz'us.

886 1003 964 1032 Cum
995 1003 1108 1032 inveni
1139 1003 1243 1032 etiam
1277 1003 1308 1032 iu
1343 1003 1436 1032 Leid.
1470 1012 1521 1042 pr.
1552 1007 1588 1033 et

886 1053 983 1083 Voss.
999 1059 1101 1094 atque
1120 1054 1182 1084 Eu.
1203 1055 1241 1084 R.
1263 1053 1441 1093 Stephani.
1468 1054 1518 1084 Ne
1533 1054 1588 1084 ha-

885 1103 943 1133 bet
962 1104 1070 1140 Bong.
1089 1104 1142 1134 An
1160 1105 1276 1135 Cacsar
1292 1105 1428 1143 scripsit
1446 1103 1518 1136 ubi?

928 1155 967 1183 10
1002 1154 1105 1183 Multa
1132 1155 1313 1193 suppliciter
1337 1155 1589 1185 locutus-silen-

883 1205 984 1244 tioque
1007 1205 1044 1235 ab
1068 1206 1206 1244 utrisque
1225 1206 1375 1235 militibus
1391 1206 1526 1244 auditus,
1542 1216 1589 1237 re-

883 1264 1025 1294 sponsum
1054 1258 1099 1284 est
1123 1254 1160 1284 ab
1189 1256 1288 1285 ultera
1316 1257 1421 1296 parte]
1450 1256 1504 1286 Ab
1525 1257 1589 1287 hac

885 1305 1030 1335 lectione
1058 1314 1124 1335 non
1158 1306 1289 1336 recedit
1324 1307 1460 1337 ΝΟΜ-ἑο.
1512 1307 1588 1338 Nisi

885 1356 973 1395 quod
996 1355 1154 1385 exhibeat
1185 1357 1363 1395 suppliciter
1390 1358 1506 1386 loeutus
1533 1360 1590 1388 est.

885 1404 932 1435 At
964 1405 1122 1436 Beroald.
1155 1406 1287 1446 Gryph.
1319 1407 1442 1447 aliique
1475 1408 1590 1446 plnres

885 1455 969 1485 editi
994 1456 1088 1491 dant,
1108 1458 1203 1486 multa
1224 1456 1403 1496 suppliciter
1429 1459 1591 1488 locutus—-

884 1507 1065 1546 silentioque
1090 1507 1126 1536 ab
1151 1507 1288 1546 utrisque
1318 1506 1468 1537 militibus
1497 1507 1590 1538 facto

888 1558 1040 1588 anditum
1056 1568 1228 1598 responsum
1252 1562 1297 1588 est
1316 1558 1352 1588 ab
1368 1559 1466 1589 alteru
1479 1563 1591 1599 purte;

888 1609 976 1648 quod
994 1609 1026 1638 in
1045 1619 1102 1639 sno
1118 1609 1244 1639 Codice
1269 1615 1442 1649 repertum
1469 1609 1591 1649 proba-

887 1659 937 1689 vit
954 1659 1006 1689 Fr.
1027 1659 1274 1690 Hotoniannns.
1303 1660 1428 1690 Verum
1447 1669 1509 1690 nec
1526 1660 1590 1691 hoc

887 1718 949 1740 nec
964 1709 1020 1739 illo
1037 1715 1132 1740 recte
1150 1710 1307 1748 procedit
1327 1709 1446 1739 oratio.
1484 1711 1592 1749 Lege-

888 1759 948 1788 rim
977 1760 1074 1789 mulla
1094 1758 1272 1798 suppliciter
1295 1759 1590 1790 locuto—silentio-

887 1819 944 1848 que
959 1808 997 1838 ab
1012 1809 1150 1848 utrisque
1167 1808 1316 1838 militibus
1331 1809 1458 1846 audito,
1481 1809 1591 1849 (Vati-

889 1860 943 1889 nio
972 1858 1121 1897 scilicet)
1151 1869 1325 1898 responsum
1352 1862 1397 1889 est
1426 1859 1463 1888 ab
1492 1860 1592 1890 altera

883 1912 988 1948 parte.
1024 1909 1089 1947 Ita,
1112 1909 1249 1938 minima
1276 1909 1474 1947 mutatione,
1499 1909 1591 1938 salva

887 1958 927 1990 fit
954 1959 1175 1990 constructio.
1200 1959 1310 1989 Daris.
1335 1967 1404 1988 cnr.
1426 1968 1496 1988 sec.
1542 1959 1591 1989 Ut

888 2010 1126 2040 Hotomannus
1143 2009 1226 2049 legit
1241 2009 1290 2039 sil.
1305 2008 1342 2039 ab
1356 2012 1399 2039 ut.
1418 2007 1593 2048 mihsacto,

886 2060 1029 2090 auditum
1043 2069 1219 2099 responsum
1234 2063 1291 2097 est,
1311 2068 1374 2099 ego
1391 2067 1525 2099 qnoque
1542 2058 1591 2088 in-

887 2110 965 2141 veni
981 2110 1013 2140 in
1031 2110 1187 2141 Leidens.
1205 2119 1274 2140 sec.
1291 2110 1400 2140 Dorv.
1419 2107 1506 2138 Edd.
1523 2107 1592 2147 pri·-

887 2160 949 2190 mis
979 2164 1015 2191 et
1044 2160 1184 2190 Vascos.
1210 2169 1249 2190 ac
1278 2160 1340 2190 Gr.
1358 2162 1485 2199 poster.
1500 2157 1591 2195 sacto

888 2211 991 2242 etiam
1007 2211 1136 2242 addunt
1156 2212 1231 2243 Pal.
1255 2215 1290 2242 et
1314 2212 1424 2251 Bong.
1451 2211 1592 2241 auditum

887 2262 990 2292 habet
1016 2263 1113 2293 Voss.
1137 2262 1197 2293 sed
1215 2262 1322 2302 primo
1336 2262 1430 2302 sequi
1448 2264 1589 2301 praestat

889 2313 1035 2352 optimos
1067 2311 1173 2342 Codd.
1205 2312 1262 2352 qui
1282 2312 1372 2348 sacto
1399 2321 1467 2342 nou
1493 2321 1594 2352 agno-

890 2368 998 2393 scunt.
1022 2361 1154 2393 Silentia
1169 2362 1284 2401 audiri,
1299 2361 1333 2392 id
1350 2366 1403 2392 est
1418 2370 1478 2401 pei·
1495 2362 1593 2392 silen-

890 2413 985 2452 tium,
1014 2413 1165 2442 silenter.
1211 2412 1267 2442 Sic
1291 2421 1385 2452 saepe
1417 2422 1494 2443 cum
1519 2412 1593 2443 aliis

889 2467 1005 2493 noster
1027 2462 1150 2492 silentio
1174 2462 1291 2501 egredi,
1314 2463 1472 2503 progredi.
1497 2471 1531 2492 v.
1550 2462 1592 2494 ad

890 2523 966 2553 cap.
984 2515 1034 2543 50.
1072 2513 1127 2543 Sic
1145 2513 1186 2543 B.
1206 2513 1277 2543 Civ.
1294 2521 1333 2543 11.
1349 2515 1402 2543 23.
1430 2513 1592 2542 Contume-

890 2564 932 2594 lia
947 2573 1007 2604 pro
1028 2573 1084 2603 per
1106 2563 1331 2601 contumeliam,
1347 2562 1403 2593 ubi
1420 2562 1522 2592 etiam
1545 2562 1593 2592 vi-

891 2614 1050 2644 dendum.
1096 2614 1187 2644 Dein
1218 2614 1347 2644 retineo
1375 2622 1449 2643 cnm
1472 2612 1592 2642 iisdem

892 2664 978 2694 Mss.
1001 2668 1037 2694 et
1064 2664 1236 2704 plerisque
1255 2663 1340 2693 Edd.
1357 2662 1505 2699 Auditus,
1520 2661 1593 2692 sive

892 2713 1007 2754 posita
1034 2714 1137 2753 plena
1166 2713 1398 2751 distinctione,
1423 2717 1460 2741 nt
1480 2711 1592 2742 subin-

894 2764 1069 2804 telligatur
1084 2767 1142 2804 est,
1167 2762 1255 2804 quod
1283 2761 1365 2792 fecit
1390 2761 1434 2792 R.
1450 2760 1592 2802 Stepha-
