1850 3109
224 167 338 209 1838
529 177 535 181 ·
650 177 689 207 J.
723 176 861 207 CELS1
895 176 1246 207 COMMENTARH

222 276 492 328 expugnabile,
527 282 565 314 et
596 275 805 325 Pompe-jus
833 275 1095 321 immutabilis,
1126 282 1167 314 ut
1199 276 1265 327 qui
1297 275 1488 314 contrario
1516 275 1676 314 consilio

222 340 408 378 niteretur
429 342 652 390 ¹⁵superans
674 340 853 376 dilatione
874 339 1087 384 victoriam,
1123 354 1190 390 per
1210 341 1374 391 inopiam
1399 340 1449 376 rei
1472 339 1678 377 frumenta-

223 404 301 450 riae,
342 418 429 455 quze
467 404 578 441 valde
614 406 830 440 Caesareum
869 403 1069 451 premebat
1107 405 1330 450 exercituin,
1369 418 1494 455 neque
1532 404 1677 442 diutius

222 468 373 506 tolerari
393 480 504 517 posse
525 466 755 503 videbatur:
788 465 944 514 insuper
969 472 1006 502 et
1027 467 1130 515 quod
1163 468 1393 505 simillimum
1416 470 1491 506 veri
1510 474 1604 512 erat,
1635 473 1677 504 ut

222 532 339 569 virtus
368 530 632 567 animosissimi
666 529 789 573 ducis,
830 530 946 566 taedio
985 539 1101 581 atque
1137 532 1403 582 expectatione
1443 537 1676 576 senesceret,

222 595 465 643 impetusque
493 593 738 630 lentesceret:
770 593 883 643 [198]
905 593 976 630 liae
1000 608 1066 644 spe
1098 608 1265 644 pugnam
1304 595 1517 638 recusabat,
1553 606 1678 644 neque

222 658 240 675 '⁴‘
264 657 445 694 Romanis
461 663 588 706 partes
609 657 761 694 credere
784 658 961 696 volebat:
985 659 1037 696 sic
1059 673 1148 696 cum
1169 659 1221 696 illi
1241 659 1448 703 cunctatio,
1471 658 1558 695 liuic
1581 658 1678 695 cele-

221 720 312 758 ritas
331 726 435 769 grata
457 727 548 765 erat,
571 733 657 770 qnae
679 733 798 769 quum
820 720 892 757 sibi
913 723 1158 770 pertinaciter
1178 723 1401 772 negabatur,
1425 722 1559 759 statuit
1580 733 1677 771 quos

222 797 297 822 non
319 790 470 834 poterat
490 784 622 834 proelio
644 783 808 828 vincere,
829 784 1027 821 obsidione
1048 786 1219 835 cingere3
1253 786 1388 822 mirum
1407 785 1534 823 dictu:
1560 783 1673 821 ¹⁶xvl

223 861 405 899 passuum
428 848 566 885 fussam
603 847 864 885 circumduxit
894 861 939 885 ac
961 848 1115 892 vallum,
1154 849 1414 898 impositisque
1444 849 1610 885 castellis
1631 861 1676 886 ac

222 913 390 950 turribus
424 925 509 949 cum
543 911 787 960 paucioribus
815 911 967 948 obsedit
997 911 1137 961 plures,
1171 912 1200 948 si
1231 911 1398 949 obsideri
1428 911 1498 948 rite
1531 913 1679 962 possint

222 976 312 1020 dici,
335 976 474 1025 quibus
496 975 612 1011 maria
634 981 779 1024 patent,
804 977 971 1012 ¹⁷casses
993 983 1139 1025 parent,
1157 990 1356 1026 rerumque
1377 975 1543 1012 omnium
1565 975 1679 1026 copia

222 1039 406 1089 suppetit,
425 1038 612 1088 quibusve
634 1038 731 1075 intra
751 1038 875 1089 ipsum
891 1039 1100 1078 obsidionis
1121 1041 1307 1079 ambitum
1329 1047 1366 1078 et
1388 1047 1532 1077 mutare
1553 1046 1679 1076 castra

222 1103 368 1141 licitum
388 1110 427 1140 et
448 1102 589 1152 vagari.
643 1102 705 1140 Ibi
722 1116 813 1140 vero
835 1104 980 1141 crebra:
1000 1105 1242 1142 obsessorum
1263 1102 1495 1155 eruptioneS,
1519 1110 1556 1141 et
1575 1117 1677 1153 saepe

221 1166 510 1216 erumpentibus
532 1165 717 1203 funestae:
750 1173 791 1203 ut
825 1180 911 1204 cum
934 1168 1065 1205 Caesar
1093 1168 1349 1219 profecturus,
1382 1169 1424 1206 P.
1447 1167 1575 1204 Sillam
1598 1180 1678 1204 cas-

221 1231 286 1268 tris
307 1229 558 1280 praefecisset,
587 1236 623 1266 et
643 1229 704 1266 ille
723 1229 892 1267 audisset
912 1230 1114 1268 cohortem
1135 1245 1247 1268 unam
1271 1232 1318 1269 ab
1340 1231 1515 1268 hostibus
1540 1230 1675 1281 urgeri,

221 1294 383 1331 duarum
413 1294 604 1343 legionum
639 1294 819 1330 auxilinm
843 1295 930 1331 tulit
955 1295 1244 1332 laborantibus:
1276 1307 1435 1345 quarum
1457 1307 1619 1332 accursu
1640 1294 1677 1331 in

220 1358 348 1407 fugam
374 1357 602 1406 Pompeiani
627 1357 701 1393 ¹Set
725 1357 752 1393 si
775 1357 920 1407 insequi
941 1357 1124 1407 profugos
1146 1358 1355 1396 victoribus
1378 1358 1564 1402 licuisset,
1596 1370 1678 1395 cre-

220 1421 340 1458 ditum
363 1420 436 1458 fuit
460 1420 548 1458 ¹9de
570 1420 634 1457 illo
656 1420 798 1458 contici
829 1421 967 1458 bellum
990 1422 1173 1471 potuisse.
1229 1422 1290 1459 Sic
1312 1421 1442 1458 nescio
1475 1434 1522 1458 an
1544 1434 1678 1458 vecor-

220 1485 296 1530 dia,
320 1497 367 1521 an
389 1484 555 1529 fortuna,
579 1484 734 1534 penitus
756 1484 937 1523 inclinata
955 1499 1013 1523 res
1032 1494 1127 1530 erat,
1161 1486 1224 1523 sed
1247 1486 1355 1522 20illa
1384 1498 1537 1522 suorum
1560 1485 1679 1534 impe-

220 1554 301 1585 tum
323 1548 513 1585 continuit
535 1548 748 1598 cecinitque
771 1550 940 1599 receptui
959 1563 967 1587 :
1001 1550 1113 1597 cujus
1148 1549 1347 1587 consilium
1369 1562 1390 1585 a
1425 1548 1677 1598 scriptoribus

220 1619 447 1649 excusatum
480 1612 581 1661 lego,
638 1611 752 1649 Aliud
775 1619 831 1649 est
853 1613 952 1650 enim
974 1613 1086 1663 legati
1108 1612 1209 1649 aliud
1230 1611 1469 1662 imperatoris
1491 1611 1676 1650 officium.

220 1675 490 1724 2¹Imperatori
513 1675 566 1712 rei
590 1675 706 1712 totius
727 1675 869 1713 exitum
892 1683 1043 1726 spectat
1070 1682 1107 1713 et
1129 1676 1288 1713 consilio
1313 1676 1490 1713 metitur:
1522 1682 1560 1713 at
1581 1675 1680 1726 lega-

219 1744 280 1775 tus
302 1739 427 1775 solum
450 1738 688 1787 imperatoris
709 1739 933 1788 suijussum
954 1739 1095 1789 aspicit
1116 1746 1153 1776 et
1175 1738 1342 1776 mandati
1363 1738 1504 1776 linibus
1526 1752 1564 1777 se
1584 1753 1679 1777 con—

219 1801 329 1839 tinet.
360 1802 463 1839 Sillae
483 1810 695 1839 castrorum
717 1803 893 1840 custodia
910 1804 1115 1840 commissa
1134 1810 1214 1840 erat
1232 1816 1251 1840 a
1267 1804 1439 1841 Caesare:
1463 1803 1677 1841 custodisse

219 1873 436 1910 contentus,
471 1873 511 1902 et
541 1879 629 1903 suos
658 1867 832 1916 periculo
860 1867 1054 1912 liberasse,
1091 1867 1245 1904 ulterius
1266 1867 1440 1917 progredi
1461 1868 1607 1913 noluit;
1641 1869 1678 1905 in

219 1941 297 1977 quo
320 1936 359 1965 ut
377 1929 555 1965 vincendi
571 1942 673 1978 spes,
695 1930 749 1967 sic
766 1931 952 1979 perpendi
973 1931 1185 1980 periculum
1209 1931 1347 1975 int-ran
1371 1945 1415 1968 ne
1436 1931 1577 1968 omisso
1593 1944 1677 1977 suo,

219 1990 387 2028 officium
409 1991 479 2027 sibi
500 1991 606 2028 ducis
627 2001 834 2041 arrogaret.
893 1996 1028 2031 Multae
1049 2002 1233 2043 praeterea
1262 1996 1479 2043 eruptiones
1508 1995 1606 2039 aliae,
1641 2003 1679 2033 et

218 2054 267 2091 ad
290 2055 528 2092 Duracliium
549 2062 586 2092 et
607 2055 653 2091 ad
676 2062 800 2093 castra
823 2070 943 2106 usque
964 2058 1060 2093 adeo
1084 2064 1123 2094 ut
1145 2071 1219 2093 uin)
1241 2058 1301 2094 die
1322 2071 1386 2094 sex
1407 2058 1443 2094 in
1467 2058 1560 2095 lucis
1584 2072 1679 2109 pug-

218 2124 383 2162 naretur,
407 2118 548 2168 quibus
579 2119 614 2155 in
644 2120 784 2168 proeliis
806 2120 855 2156 de
877 2121 1102 2158 Caesarianis
1126 2120 1256 2168 viginti
1290 2121 1490 2166 duntaxat,
1514 2122 1678 2172 Pompe-

211 2182 391 2230 janorum
413 2195 500 2218 vero
520 2182 597 2221 duo
621 2183 722 2219 inilia
744 2183 900 2232 periere,
923 2184 1018 2221 inter
1036 2198 1132 2234 quos
1150 2184 1260 2221 multi
1282 2185 1523 2222 centuriones
1552 2192 1590 2222 et
1620 2186 1676 2223 in-

220 2245 344 2294 signes
366 2246 454 2282 viri:
488 2245 531 2282 iis
553 2248 822 2297 congressibus
844 2249 997 2298 insignis
1020 2250 1137 2285 virtus
1158 2249 1339 2298 apparuit
1357 2248 1519 2285 Volcatii
1552 2250 1585 2266 ²²
1596 2249 1678 2286 Tu-

219 2308 270 2354 lii,
287 2310 399 2359 [199]
421 2310 589 2358 quicum
613 2312 734 2348 tribus
755 2312 981 2349 cohortibus
1004 2313 1279 2361 Pompe-janam
1303 2311 1487 2360 legionem
1519 2312 1678 2361 pertulit

219 2372 453 2421 repulitquc:
485 2385 554 2409 nec
578 2386 650 2410 non
674 2382 711 2411 et
734 2376 976 2424 quorundam
999 2378 1294 2418 Germanorum,
1318 2374 1383 2424 qui
1406 2375 1676 2412 munitionibus

219 2442 460 2484 erumpentes
481 2436 607 2472 multis
626 2437 790 2474 hostium
813 2438 922 2475 cresis
942 2438 1104 2488 sospites
1126 2438 1269 2475 rediere
1288 2450 1294 2473 :
1317 2438 1351 2474 in
1372 2439 1527 2475 castello
1548 2448 1676 2476 autem

265 2596 302 2623 15
330 2593 433 2633 Lege,
458 2599 683 2633 s1›eruns.—lss
708 2605 754 2626 xv
773 2597 886 2627 millia:
911 2597 958 2627 sic
977 2599 1190 2628 ‹ta—sarffiw
1219 2598 1320 2637 Lege,
1345 2598 1550 2628 classes—48
1574 2596 1676 2627 Vide·

221 2652 277 2676 tur
299 2645 431 2685 deesse,
461 2647 540 2676 versi
563 2651 734 2680 sunt.—19
759 2650 874 2690 Forte,
897 2650 1046 2681 ‹lia-20
1071 2651 1177 2691 Lege,
1204 2651 1349 2681 illa-21
1378 2651 1477 2691 Lege,
1504 2650 1678 2691 Imperator

221 2699 401 2731 enim—22
424 2700 534 2742 Lege,
550 2701 643 2734 Tulli.
