1850 3109
256 165 367 207 1482

246 279 330 301 cua.
377 268 469 300 Editi
496 278 622 305 omneS,
645 279 710 300 una
735 279 818 301 voce
843 275 949 300 trans-

254 319 376 361 posita,
405 319 576 357 exhibent,
599 319 752 350 Deductis
773 329 834 349 orae
857 319 950 349 mari-

253 370 338 401 tima>
351 370 517 410 praesidiis,
535 371 651 406 (Ἄρκην,
667 372 697 398 ul
721 379 814 408 supra
829 370 950 398 ‹lemon-

249 423 381 451 stratum
404 424 460 457 est,
481 421 532 455 δέ.
580 419 619 450 Id
637 419 737 459 quod,
759 419 950 457 ambiguum

247 480 328 508 ,curn
346 476 447 502 esset.
466 480 531 510 quo
549 468 732 499 referretur
749 478 813 498 vox
833 468 950 506 Caesur,

254 521 485 552 doctissimum
523 518 699 549 Davisium
731 518 763 548 in
801 526 950 547 errorem

251 572 430 602 admodum
454 570 604 610 lepidum
626 569 771 600 induxit.
817 569 901 599 Cum
918 577 950 598 e-

253 622 321 651 nim
348 620 521 661 periodum
544 621 606 651 hoc
632 621 730 650 modo
757 619 951 650 interstinc-

254 675 321 702 tam
338 670 512 708 edidisset,
529 670 680 701 Deductis
699 680 760 700 ιιι-α’
785 670 951 700 maritimae

249 721 414 761 praesidiis,
442 721 558 759 Foesar,
584 724 619 752 ut
646 730 739 760 supra
762 721 950 750 denwmtra-

251 775 315 802 tum
343 774 399 811 cst,
421 775 484 802 tres
507 771 644 802 cohortes
671 770 950 809 Orici—reliquit,-

252 823 370 854 nullibi
399 822 555 862 (subjicit
583 822 744 861 deinceps
776 821 809 850 in
849 820 949 850 Notis

250 871 335 911 suis)
365 873 428 903 hoc
464 882 557 911 supra
587 877 639 901 est
673 870 949 906 demonstratum,

252 923 407 953 Caesarem
422 925 486 952 tres
501 921 637 951 cohortes
664 920 751 950 Orici
772 919 950 959 reliquisse:

250 972 408 1013 ideoque,
443 981 525 1002 voce
565 971 695 1010 lougius
734 969 950 1009 transposita,

251 1022 430 1062 legendum
447 1021 633 1060 existimat,
657 1019 798 1050 deductis
811 1028 873 1049 orae
888 1028 951 1049 ηια-

247 1071 366 1102 ritimae
378 1071 546 1111 prcesidiiS,
558 1074 696 1110 utsupra
710 1071 950 1100 demonstratum

249 1123 294 1151 est
301 1131 315 1158 ;
340 1121 447 1152 Coesar·
469 1124 533 1151 tres
556 1120 707 1158 cohortem,
721 1121 773 1158 ὅγε.
814 1119 900 1150 Quae
917 1127 949 1148 e-

249 1171 434 1211 mendatio,
457 1176 494 1202 ut
518 1181 633 1202 veram
654 1169 789 1210 quidem
815 1173 949 1200 senten-

250 1220 331 1252 tiam
348 1221 498 1259 exhibet,
514 1221 562 1251 ita
578 1230 677 1260 quam
694 1229 760 1250 non
776 1219 821 1250 sit
836 1228 951 1249 neces-

249 1272 347 1311 saria,
363 1272 406 1313 (si
425 1272 524 1303 modo
551 1276 643 1302 recte
671 1270 952 1310 interstinguatur

249 1321 437 1362 periodus,)
459 1321 561 1352 facile
592 1321 647 1362 (ut
675 1320 812 1360 opinor)
834 1320 949 1356 vides;

248 1372 400 1413 itemque
412 1381 512 1413 quam
529 1371 653 1411 exiguo
665 1380 707 1401 ex
720 1380 835 1401 errore
849 1379 952 1410 quan-

249 1427 293 1453 tae
322 1432 389 1453 nou
417 1431 586 1463 nunquam
611 1421 760 1453 tenebrae
785 1421 949 1451 oriantur.

248 1472 337 1504 Vide
352 1482 456 1513 supra
468 1472 509 1503 ad
526 1481 559 1503 v.
576 1475 628 1503 19.
643 1477 678 1503 et
692 1470 789 1511 iufra,
804 1471 846 1501 de
860 1470 948 1502 bello

251 1522 352 1564 Hisp.
370 1523 413 1554 ad
430 1534 458 1554 c.
475 1526 507 1554 4.
534 1523 642 1553 Clark.

291 1577 310 1603 5
336 1573 477 1604 Proeerut
497 1572 618 1604 Acilius
641 1572 776 1611 legam]
799 1572 854 1603 Sic
877 1571 949 1611 ipsa

249 1623 359 1662 poscit
384 1623 542 1654 historia:
578 1628 731 1654 testante
750 1623 860 1654 Dione
876 1623 949 1653 Aci-

247 1673 334 1712 lium,
351 1672 420 1703 sive
436 1678 472 1704 ut
486 1673 542 1703 illc
560 1679 659 1704 vocat
673 1672 855 1712 Ἀκουῒλιον,
873 1672 950 1703 Ori-

248 1733 289 1754 co
303 1723 499 1764 praefuisse:
524 1724 614 1754 idem
634 1733 737 1764 supra
753 1725 867 1755 Cacsar
883 1723 947 1760 ait;

249 1781 382 1814 nequeo
413 1779 527 1804 tamen
555 1774 765 1804 dissimulare
795 1774 828 1804 iu
859 1783 891 1804 v.
918 1783 948 1805 c.

247 1829 364 1855 nostro
381 1825 448 1865 legi
471 1826 592 1864 Iegatus
617 1826 820 1863 Caniniauus,
834 1825 867 1855 in
886 1825 949 1855 Pe-

246 1880 315 1906 tav.
353 1880 390 1906 et
426 1876 594 1915 Bongars.
628 1877 749 1913 legatus
785 1874 947 1905 Caninius.

251 1925 383 1956 Vossius.
417 1926 559 1955 Praeerut
577 1925 753 1965 postposui
769 1935 846 1956 cum
863 1925 946 1955 Mss.

247 1980 282 2006 et
297 1976 387 2006 Edu.
403 1976 499 2007 Vett.
519 1977 671 2007 Caninius
693 1978 751 2015 leg.
776 1980 828 2006 est
844 1976 947 2006 etiam

246 2026 278 2056 in
306 2027 429 2056 Lovan.
458 2026 553 2057 Leid.
581 2037 649 2057 sec.
673 2027 784 2057 palat.
806 2031 842 2057 ct
858 2025 945 2057 Edd.

246 2086 304 2117 pp.
332 2077 413 2107 item
446 2076 544 2108 Vasc.
575 2078 692 2117 steph.
725 2077 856 2117 Gryph.
882 2080 945 2107 cte.

247 2127 404 2158 Gauianus
420 2128 479 2166 leg.
497 2132 549 2158 est
567 2128 600 2157 in
618 2127 712 2158 Leid.
730 2137 797 2158 sec.
818 2128 947 2157 Canini-

244 2178 328 2208 urius
343 2179 402 2216 leg.
420 2178 451 2207 in
470 2179 565 2208 Voss.
584 2177 643 2209 sed
662 2179 746 2218 Cap.
764 2188 836 2219 seq.
862 2179 945 2208 Mss.

244 2232 441 2258 constanter
471 2233 610 2258 servant
637 2228 750 2259 Acilio.
794 2227 864 2259 Sub
892 2229 947 2259 lit-

246 2282 320 2309 tera
336 2278 371 2308 C.
386 2287 467 2317 ergo
481 2278 566 2308 latet
582 2287 788 2319 praenomen.

288 2337 344 2359 xm.
364 2331 379 2358 l
407 2330 464 2359 Cn.
482 2328 702 2370 Pomp.filius]
727 2329 780 2359 lta
796 2329 946 2368 Scaliger

243 2378 373 2417 edidit;
394 2380 470 2419 quia
485 2380 661 2411 variabant
676 2380 822 2416 codices,
839 2385 875 2410 et
891 2380 946 2410 ille

245 2429 422 2468 Pompeius,
448 2430 501 2459 hic
530 2430 683 2469 Pompeii,
711 2429 874 2460 habebat:
911 2434 945 2460 et

243 2479 352 2510 noluit
381 2478 483 2510 credo
519 2480 630 2510 subire
659 2481 767 2510 aliena
800 2480 945 2520 judicia,

243 2529 361 2561 eodem
397 2529 506 2567 modo,
536 2540 601 2569 quo
636 2530 713 2560 olim
753 2534 889 2570 rogatus
927 2540 944 2559 a

242 2579 408 2619 Pompeio
423 2579 549 2609 Tullius
567 2580 694 2610 tertium
711 2589 750 2609 an
766 2581 861 2610 tertio
877 2590 945 2609 con-

243 2629 291 2660 sul
306 2629 519 2660 scribendum
539 2634 648 2667 esset;
674 2631 752 2670 quia
768 2630 945 2660 nonnullos

238 2680 336 2720 hunc,
348 2680 431 2711 alios
444 2680 536 2712 illum
545 2680 705 2722 loquendi
714 2680 847 2712 modum
859 2691 945 2722 prae-

710 175 848 206 NOTAE
890 175 1151 206 VARIORUM
1194 175 1244 205 IN

1001 268 1089 299 serre
1106 269 1247 309 sciebat,
1259 268 1473 309 scribi-iussit
1489 276 1531 299 ιιι
1547 275 1615 299 cos.
1650 268 1695 300 Et

1001 319 1122 350 Cicero
1141 319 1278 360 quidem
1305 324 1409 355 recte,
1437 327 1502 348 non
1527 317 1697 357 Scaliger:

1001 369 1079 409 quia
1104 374 1215 400 utrum
1241 368 1396 409 Pompeii
1411 368 1512 406 filius,
1536 377 1577 398 an
1602 367 1698 398 Pom*

1002 419 1097 458 peius
1119 419 1217 457 filius,
1242 420 1346 457 dicas,
1369 418 1455 449 haud
1484 418 1624 448 multum
1649 418 1698 448 in-

1002 472 1122 499 terest:
1148 474 1180 498 at
1197 469 1224 499 si
1244 470 1352 510 Pomp.
1373 470 1463 510 filius
1478 468 1618 506 scribas,
1632 477 1698 499 non

1003 519 1155 559 Pompeii,
1170 529 1284 550 verum
1307 526 1342 551 et
1360 521 1521 560 Pomponii
1537 520 1630 560 silius
1644 528 1699 549 va-

1001 570 1060 599 let.
1120 570 1235 601 Quare
1263 571 1327 601 hoc
1364 576 1482 601 contra
1519 569 1700 601 vetustatis

1002 629 1140 656 morem,
1157 623 1205 658 tu,
1220 624 1255 650 ut
1271 620 1368 657 libet,
1385 621 1523 660 Pompeii
1537 620 1590 651 vel
1607 620 1699 650 Pom-

997 671 1087 710 peius
1098 671 1217 701 retine.
1265 671 1338 711 Ego
1356 671 1416 701 hoc
1432 671 1531 701 malo.
1565 670 1697 701 Vossius.

1044 723 1063 750 2
1086 720 1137 751 Aa
1157 721 1285 751 Oricum
1301 720 1402 760 venit]
1425 721 1477 751 Sic
1495 725 1589 751 recte
1602 720 1700 761 Msti,

1000 770 1082 801 licet
1107 771 1297 802 reluctante
1314 771 1506 808 Ciacconio,
1520 770 1575 810 qui
1589 771 1629 800 ad
1645 779 1700 800 ex-

1001 821 1132 861 pungit.
1179 821 1245 852 Sed
1262 821 1471 862 distinguere
1494 823 1632 861 oportet
1653 820 1700 851 in-

1002 877 1055 902 ter
1070 872 1156 910 haec,
1171 874 1212 903 ad
1230 873 1358 903 Oricum
1385 873 1500 910 venire,
1520 876 1553 903 et
1571 871 1700 903 Oricum

999 923 1112 952 venir-c.
1162 922 1248 952 Nam
1275 921 1358 953 illud
1375 921 1575 953 tantundem
1598 922 1700 960 valet,

1002 981 1040 1002 ac
1066 971 1093 1001 si
1122 971 1226 1011 dicas,
1250 971 1292 1002 ad
1320 976 1446 1002 terram
1462 971 1566 1011 venit,
1584 971 1618 1001 in
1634 979 1700 1011 qua

1002 1020 1141 1051 Oricum
1160 1026 1223 1052 est.
1271 1020 1347 1052 Hoc
1370 1026 1478 1060 notat,
1493 1021 1635 1053 Oricum
1651 1020 1701 1052 in-

1001 1081 1132 1112 gressus
1163 1076 1226 1102 est.
1286 1070 1400 1112 Atque
1427 1071 1609 1111 Pompeius
1635 1080 1700 1102 non

999 1121 1153 1160 intravit,
1166 1122 1223 1152 sed
1234 1122 1276 1152 ad
1291 1122 1406 1153 urbem
1421 1122 1586 1153 constitit.
1602 1121 1703 1153 Idem.

1000 1171 1086 1202 Sunt
1115 1171 1169 1211 qui
1209 1171 1483 1212 praepositionem
1521 1171 1700 1202 delendam

1001 1222 1117 1252 velint.
1140 1221 1207 1252 Sed
1222 1223 1319 1252 male.
1366 1222 1456 1252 Nam
1474 1226 1700 1262 praeterquam

1001 1272 1088 1312 quod
1107 1274 1221 1303 Coesar
1247 1272 1396 1303 locorum
1413 1271 1601 1302 nominibus
1616 1281 1704 1312 prae-

1002 1323 1205 1362 positionem
1244 1332 1333 1362 saepe
1371 1327 1570 1362 praeponat;
1617 1321 1701 1353 illud

1001 1382 1103 1412 porro
1132 1372 1328 1408 notandum,
1363 1371 1453 1403 aliud
1476 1382 1550 1402 esse
1579 1371 1642 1403 hoc
1666 1372 1700 1402 in

1000 1424 1088 1462 loco,
1104 1425 1144 1453 ad
1162 1424 1291 1453 Oricum
1305 1423 1408 1453 vmire
1421 1434 1432 1458 ,·
1447 1421 1552 1461 aliud,
1576 1421 1704 1452 Oricum

998 1473 1111 1503 venire.
1158 1474 1233 1503 Non
1250 1472 1337 1503 enim
1358 1473 1484 1503 Oricum
1501 1471 1596 1502 venit
1611 1471 1702 1502 Pom»

995 1522 1085 1562 peius
1097 1521 1195 1561 filius,
1212 1522 1271 1553 sed
1287 1523 1326 1552 ad
1345 1523 1483 1560 Oricum,
1498 1522 1559 1553 hoc
1576 1525 1642 1561 est,
1658 1521 1700 1552 ad

1000 1573 1114 1603 littora
1138 1579 1172 1602 et
1200 1577 1331 1612 portum
1361 1582 1466 1612 prope
1493 1572 1632 1611 Oricum,
1663 1576 1701 1603 ut

1001 1627 1093 1653 recte
1105 1622 1296 1652 observavit
1312 1622 1462 1653 Vossius.
1486 1623 1594 1653 Clark.

1043 1675 1062 1702 3
1088 1672 1203 1702 Nat-im
1226 1673 1370 1710 remulco,
1394 1672 1558 1712 multisque
1581 1675 1701 1703 conten-

998 1723 1072 1752 dens
1100 1721 1233 1759 funibus
1271 1722 1418 1762 abduxit]
1462 1723 1517 1754 De
1552 1723 1700 1754 remulco

1000 1773 1097 1804 multi
1124 1773 1354 1803 disseruerunt
1381 1778 1415 1802 et
1439 1771 1700 1804 contenderunt.

1000 1823 1067 1853 Alii
1084 1822 1210 1861 funem,
1234 1823 1291 1853 alii
1317 1823 1486 1863 scapham,
1504 1828 1564 1854 aut
1589 1823 1698 1854 minus

998 1874 1166 1913 navigium
1184 1883 1257 1904 esse
1274 1874 1401 1904 volunt.
1440 1874 1573 1904 Nomen
1591 1873 1699 1914 ipsum

1000 1934 1018 1954 a
1033 1923 1214 1962 ῥυμουλκεΐν
1229 1922 1368 1962 factum,
1385 1923 1474 1964 quod
1499 1929 1550 1954 est
1565 1922 1700 1954 funibus

1000 1976 1144 2004 trahere.
1193 1974 1342 2004 Isidorus
1370 1973 1483 2004 funem
1500 1983 1573 2004 esse
1589 1973 1648 2013 ait,
1665 1978 1702 2004 et

1001 2025 1039 2056 C.
1063 2024 1168 2064 Valgii
1196 2034 1312 2055 versus
1329 2024 1470 2055 adducit
1494 2025 1576 2055 hos:
1601 2025 1611 2041 ‘
1630 2023 1698 2054 Hic

999 2085 1072 2106 mea
1103 2084 1156 2105 me
1186 2075 1286 2115 longo
1313 2074 1498 2106 succedens
1524 2083 1626 2115 prora
1649 2083 1700 2104 re-

1000 2127 1110 2157 mulco
1125 2126 1313 2157 Laetantein
1340 2126 1445 2166 gratis
1472 2126 1561 2156 sistit
1577 2126 1611 2157 in
1626 2124 1700 2155 hos-

1000 2176 1117 2216 pitiis)
1164 2176 1294 2209 Quibus
1323 2187 1365 2207 ex
1394 2175 1505 2207 verbis
1532 2175 1702 2216 colligunt

999 2226 1184 2256 remulcum
1220 2225 1334 2257 funem
1364 2235 1448 2257 esse.
1504 2225 1551 2256 At
1579 2235 1699 2256 navem

998 2285 1070 2306 esse
1102 2275 1282 2316 probatum
1311 2280 1392 2307 eunt
1417 2286 1458 2306 ex
1484 2276 1536 2306 liis
1569 2275 1701 2316 Hygini

999 2325 1124 2363 verbis,
1152 2335 1226 2365 quae
1251 2325 1342 2365 apud
1375 2325 1538 2357 Carisium
1560 2329 1699 2357 extant:

998 2378 1006 2393 ‘
1025 2377 1076 2407 Ibi
1095 2376 1202 2406 solent
1230 2376 1358 2406 itineris
1383 2375 1554 2406 minuendi
1571 2385 1700 2412 caussa,

999 2427 1159 2465 remulco,
1172 2436 1270 2466 quein
1282 2427 1395 2457 Graeci
1409 2425 1556 2457 πάκτωνα
1568 2427 1700 2466 dicunt,

997 2487 1113 2508 navem
1134 2476 1332 2508 traducere!
1367 2477 1427 2507 Est
1445 2482 1557 2507 autem
1575 2475 1699 2507 πάκτων

998 2527 1167 2564 navigium
1184 2526 1233 2557 διὰ
1249 2526 1440 2557 σκυταλίδων
1455 2526 1605 2566 πεπηγὸς,
1628 2527 1700 2560 sive

997 2587 1039 2608 ex
1067 2577 1167 2616 virgis
1192 2581 1402 2616 contextum,
1429 2582 1467 2608 ut
1492 2577 1617 2608 Strabo
1640 2577 1701 2609 ait.

997 2627 1082 2658 Mihi
1108 2627 1258 2657 remulcum
1285 2631 1320 2658 et
1347 2627 1438 2658 aliud
1458 2637 1559 2668 quam
1584 2626 1700 2660 funem

993 2681 1115 2708 notare
1144 2675 1287 2709 videtur.
1332 2676 1386 2709 Au
1412 2677 1582 2719 navigium
1603 2682 1701 2711 notet
