1850 3109
517 203 575 230 nr:
624 200 735 230 vrrA
769 199 901 229 sumt
937 201 1171 233 φεμ-ΛΜΞ.
1464 192 1572 234 1871

115 284 279 333 scriptor
307 284 491 333 egregius,
524 286 621 321 Cato
657 283 804 320 xisletur
836 298 991 321 cinisum
1029 285 1250 333 quaesivisse
1282 285 1476 330 moriendi,
1501 299 1573 324 non

114 356 193 386 tant
214 356 253 386 nt
274 350 463 386 Caesarem
486 348 644 397 sugeret,
661 362 774 397 «pinni
799 356 837 383 ut
856 348 1071 385 Stoicorum
1094 347 1257 384 decretis
1278 348 1572 396 obtemperaret,

115 425 211 462 qnos
233 412 468 455 sectabatur,
492 426 680 462 suumque
715 426 850 448 nonun
886 412 1020 462 grandi
1052 411 1183 461 aliquo
1204 410 1371 448 facinore
1392 412 1575 449 clariticu-

114 482 182 513 ret.
239 478 297 512 An
320 475 410 525 qnid
434 476 521 512 tnuli
545 475 746 525 ”potnerit
767 475 942 512 accidere
965 476 993 512 si
1018 477 1161 513 vixeret
1178 488 1251 513 nou
1274 475 1436 512 invenio.
1493 476 1574 512 Ga-

105 540 174 589 jns
194 540 293 577 enim
314 541 442 578 Caesar
464 547 504 577 nt
524 548 602 577 erat
623 540 803 584 clemens,
836 540 929 576 nibil
958 539 1058 576 aliud
1093 539 1244 576 efficere
1265 539 1430 583 volebat,
1460 539 1574 576 etiam

114 606 184 642 ⁷5et
207 604 277 654 ipsi
298 604 384 641 belli
405 605 523 641 civilis
543 604 693 649 ardore,
711 618 824 654 qnam
849 611 886 641 ut
910 605 1005 640 bene
1030 603 1163 640 mereri
1183 603 1231 640 (le
1252 603 1450 652 republica
1471 602 1575 640 vide-

112 674 229 713 retur,
263 668 417 706 (luobus
452 668 604 717 optimis
634 668 782 705 civibus
813 668 1002 704 Cicerone,
1032 674 1067 703 et
1098 668 1247 704 Catone
1283 666 1458 703 servatis:
1491 667 1574 703 liaec

111 731 186 771 ille.
244 733 292 769 Et
312 739 415 769 certe
438 732 572 769 ltorntn
596 732 702 768 alteri
725 731 1040 768 clementissimus
1073 730 1204 767 Caesar
1238 730 1324 774 snit,
1357 730 1462 766 alteri
1498 730 1576 767 cle-

113 809 220 833 mens
241 809 324 833 esse
346 809 421 832 non
445 795 581 845 potuit,
607 795 694 845 quia
716 809 802 832 eum
825 808 897 832 non
920 795 1075 833 invenit.
1135 796 1293 832 Constat
1315 801 1443 831 autern
1467 793 1572 844 quod

112 860 244 897 audito
266 860 338 896 hoc
360 872 468 896 casu:
501 864 510 879 ‘
530 861 656 902 Cato,’
681 860 821 910 inquit,
852 859 1014 896 ‘invidit
1035 859 1167 906 gloria:
1189 871 1302 895 meae:
1334 864 1371 895 et
1395 859 1502 908 Ego,y
1520 858 1574 895 in-

115 925 209 973 quit,
242 929 346 960 ‘snae
378 924 554 960 invideo!
610 924 809 961 Uticenses
842 931 985 967 autent,
1018 923 1088 960 etsi
1123 936 1207 959 euin
1245 922 1373 959 studio
1408 922 1575 971 partium

113 988 291 1032 odissent,
316 997 474 1037 propter
494 988 746 1033 integritatem
769 994 892 1024 tamen
915 995 948 1024 et
973 986 1319 1023 (tis-similitudinem
1348 993 1574 1022 caeterorum

114 1051 272 1095 (lucum,
294 1058 330 1088 et
352 1051 456 1101 qnod
480 1050 611 1087 urbem
634 1063 763 1087 eorum
790 1051 971 1100 operibus
994 1050 1159 1100 publicis
1178 1049 1442 1093 adornaverat,
1465 1050 1576 1087 mise·

114 1114 182 1151 rati
203 1115 345 1153 exitum
369 1115 435 1151 viri
467 1115 713 1163 sepulchrum
745 1112 885 1150 ⁷⁶illnm
914 1121 1141 1150 statuerunt.
1203 1114 1349 1150 Catone
1370 1113 1484 1150 rebus
1506 1113 1576 1149 ltn-

115 1178 234 1216 manis
268 1187 459 1228 exempto,
502 1179 543 1215 L.
575 1179 704 1215 Caesar
736 1192 782 1215 ex
817 1178 889 1214 hoc
925 1178 1024 1215 malo
1060 1177 1201 1213 bonum
1234 1176 1333 1213 aliud
1369 1176 1577 1225 decerpere

115 1243 302 1292 cogitans,
324 1242 511 1291 populum
547 1240 594 1277 ad
629 1241 855 1277 concionem
890 1247 1022 1277 vocat:
1055 1241 1228 1276 bortatur
1259 1246 1299 1276 ut
1330 1241 1578 1278 contentione

113 1307 289 1356 deposita
308 1313 429 1356 portae
451 1306 626 1343 Romano
648 1304 868 1353 pandantur
888 1303 1126 1353 imperatori:
1159 1316 1197 1340 se
1218 1302 1265 1339 de
1286 1303 1386 1339 illius
1409 1303 1576 1340 clemen-

114 1370 166 1408 tia
186 1370 392 1420 plurimum
413 1368 605 1406 confidere
638 1382 684 1405 ac
716 1381 880 1417 sperare.
938 1368 1027 1405 Non
1062 1368 1135 1404 suit
1166 1368 1340 1415 7'longus
1361 1379 1460 1416 opus
1481 1360 1577 1404 trac-

116 1440 224 1472 tatu:
253 1433 300 1470 ad
322 1433 487 1482 idipsum
510 1434 620 1482 proni
651 1439 758 1469 erant
780 1433 913 1470 animi:
945 1433 1066 1482 portis
1085 1430 1229 1481 apertis
1251 1430 1392 1468 Caesari
1422 1430 1577 1468 obxiam

115 1497 289 1548 ⁷²³pergit.
348 1497 502 1534 Interim
524 1497 721 1540 Messalla,
753 1496 815 1534 cni
838 1496 912 1533 hoc
935 1496 1151 1545 injunctum
1174 1495 1292 1532 fuisse
1314 1493 1576 1544 praediximus,

114 1562 269 1601 Uticam
308 1561 411 1598 venit
453 1567 491 1598 et
531 1560 695 1610 pacifice
743 1567 955 1610 susceptus,
995 1572 1128 1597 omnes
1174 1565 1303 1608 portas
1349 1557 1577 1595 custodibus

114 1633 298 1676 occupat.
384 1625 533 1663 Interea
580 1625 710 1662 Caesar
756 1626 889 1674 Tapso
942 1624 1136 1674 digressus
1191 1623 1347 1661 Uticam
1403 1622 1575 1671 petebat,

115 1691 227 1741 ⁷⁹que
274 1689 402 1728 medio
452 1689 564 1726 urbes
610 1688 743 1725 itinere
789 1688 922 1725 obvias
972 1689 1050 1725 sine
1099 1687 1232 1737 proelio
1275 1693 1449 1735 occupat
1487 1686 1578 1723 8CUt

114 1762 241 1793 zutam
289 1753 610 1797 Hadromentum,
656 1765 910 1803 magnamque
952 1752 988 1789 in
1031 1752 1083 1789 eis
1125 1752 1199 1787 vim
1239 1749 1420 1787 frumenti
1460 1755 1577 1798 atque

113 1831 318 1856 armorum.
390 1816 515 1855 Uticae
555 1816 829 1865 propinquanti
876 1816 919 1852 L.
959 1816 1087 1853 Caesar
1125 1814 1306 1858 occurrit,
1359 1814 1577 1863 raptimque

113 1883 160 1919 atl
183 1894 309 1932 genua
342 1880 579 1930 provolutus,
612 1880 726 1929 [243]
753 1880 804 1916 nil
825 1880 925 1916 aliud
949 1880 1057 1929 petiit
1079 1892 1194 1928 qnam
1217 1878 1354 1915 vitam:
1386 1878 1485 1914 hanc
1506 1876 1578 1914 sibi

113 1947 244 1985 Caesar
262 1952 299 1983 et
320 1945 479 1982 Catonis
500 1944 588 1981 filiis
610 1945 675 1994 qui
695 1958 823 1981 secum
845 1950 950 1981 erant
978 1944 1138 1992 aliisque
1169 1943 1379 1980 comitibus
1413 1942 1577 1979 clemen-

114 2010 254 2048 tissime
274 2009 481 2046 concessit:
512 2015 551 2045 et
580 2008 660 2056 jam
696 2008 782 2044 luce
817 2008 995 2055 ambigua
1019 2007 1170 2044 Uticam
1195 2006 1310 2051 venit,
1333 2011 1449 2055 atque
1471 2012 1579 2043 extra

115 2073 276 2123 opidum
297 2078 450 2110 noctem
479 2072 573 2121 egit:
605 2084 714 2108 tuane
735 2078 867 2120 portas
886 2071 1089 2119 ingressus,
1111 2069 1334 2107 convocatis
1356 2069 1507 2106 civibus
1528 2069 1578 2106 de

117 2136 310 2187 praeterito
331 2135 469 2185 gratias
490 2135 567 2183 egit
588 2134 636 2171 ad
670 2135 988 2183 perseverantiam
1009 2134 1256 2170 ⁸'c0artatus.
1317 2133 1433 2168 Erant
1453 2132 1579 2170 Uticae

118 2211 211 2238 CCC.
233 2199 302 2236 viri
330 2198 520 2242 ditissimi,
544 2210 679 2247 magna
709 2211 796 2246 pars
820 2197 982 2234 Romani
1004 2197 1274 2246 negotiatores,
1306 2195 1373 2245 qui
1403 2196 1578 2244 pecuniis

116 2264 192 2301 suis
223 2263 330 2299 enixe
364 2260 572 2298 admodum
606 2260 751 2297 bellum
782 2259 973 2308 juverant,
1005 2267 1044 2297 et
1078 2259 1252 2296 faverant
1284 2259 1474 2308 Scipioni:
1507 2259 1576 2296 hos

116 2329 244 2366 Caesar
262 2325 396 2363 oderat
417 2324 660 2361 vehementer
681 2337 751 2361 nec
779 2322 980 2368 immerito,
1001 2324 1169 2360 animose
1192 2323 1291 2360 enim
1326 2336 1365 2361 se
1396 2322 1578 2360 adversus

116 2404 201 2428 eunt
222 2395 434 2440 gesserant:
466 2387 532 2425 sed
552 2388 635 2436 ejus
654 2387 788 2424 odium
811 2400 961 2437 semper
981 2388 1076 2424 citra
1099 2386 1284 2423 saevitiam
1307 2385 1485 2423 sistebat:
1507 2385 1576 2422 hos

115 2463 285 2494 extrema
305 2453 418 2502 igitur
438 2453 626 2502 supplicia
646 2460 864 2490 metuentes
883 2465 970 2489 cum
993 2452 1041 2488 ad
1067 2465 1104 2488 se.
1133 2450 1293 2488 adducti
1313 2456 1452 2493 essent,
1475 2462 1579 2486 acer—

115 2519 217 2556 rimis
241 2517 367 2555 verbis
388 2517 589 2565 increpuit,
622 2516 747 2565 deque
780 2529 910 2553 eornm
939 2514 1089 2564 flagitiis
1117 2514 1271 2563 longum
1295 2512 1414 2550 texuit
1437 2524 1580 2548 sermo-

116 2595 222 2620 nem:
253 2593 417 2630 cunique
438 2579 486 2615 ab
507 2579 684 2616 omnibus
706 2579 986 2628 ⁸²superaretnr
1004 2585 1043 2615 ut
1070 2577 1281 2614 orationem
1303 2582 1379 2612 tam
1397 2573 1574 2610 infestam

159 2707 202 2736 74
224 2703 337 2741 Adde,
366 2703 507 2734 illi.—75
534 2701 647 2739 Forte,
678 2699 711 2729 i»
735 2700 895 2738 ipsa—'s'
936 2699 1050 2736 Forte,
1081 2698 1228 2728 illi.-—77
1254 2695 1359 2734 Lege,
1387 2695 1575 2732 longa—58

117 2759 222 2798 Lege,
234 2757 476 2797 pergitur.-79
499 2755 604 2793 Legit,
620 2757 711 2792 atque
725 2753 824 2783 medio
840 2753 1049 2782 itinera—80
1074 2751 1179 2789 Lege,
1204 2747 1340 2787 Uzitam‚
1363 2747 1576 2778 Adrumctum.

116 2812 200 2841 —81
225 2810 329 2850 Lege,
343 2809 617 2840 cohortatus.-—s·2
643 2807 746 2847 Lege,
758 2808 984 2846 expectaretur,
998 2807 1056 2834 aut
1068 2804 1254 2843 speraretur.
