1850 3109
444 185 550 215 cAP.
581 174 652 215 70.
688 183 783 214 mn.
816 184 879 214 DE
914 185 1068 214 necno
1104 186 1252 215 Aiiicx.

1446 177 1558 220 1571

108 279 255 319 liget-eut
268 278 363 319 liujus
381 277 510 318 periodi
525 277 686 318 longioris
699 276 807 308 ἀπόδο-
849 277 920 318 jac.
938 282 973 309 ct
990 279 1074 310 Lov.
1091 289 1169 319 cum,
1184 280 1215 310 iu
1231 281 1346 311 l’etav.
1371 287 1406 313 ct
1435 284 1562 324 Scalig.

109 342 159 362 σιν
185 331 333 371 incipere
359 339 378 361 a
402 339 485 360 voce
512 329 588 368 ista,
619 332 732 368 tamen,
753 331 806 369 ξε.

112 382 219 413 Clark.
260 380 371 411 consul
394 382 471 410 esset
482 389 494 415 ;
514 380 567 410 sed
587 382 700 411 tamen.
714 379 807 419 Lege

109 433 212 463 eorm!
235 434 337 468 ρειαί,-
359 433 470 467 tamen,
496 429 611 460 deleta
638 439 724 462 voce
751 440 808 470 pc-

109 483 263 520 namma,
279 489 378 522 quam
403 489 485 510 unus
509 479 651 520 Clarkii,
668 480 758 522 quod
774 485 809 512 et

108 533 181 573 ipse
197 531 294 569 vidit,
310 535 379 562 tres
402 540 483 562 vcro
507 531 625 571 nostri,
649 532 726 563 Pet.
748 531 810 563 sci-

107 582 201 621 licet,
226 582 308 612 Lov.
333 585 369 612 et
398 580 502 612 Norv.
526 582 647 613 merito
671 587 810 622 praeter-

107 633 259 663 mittunt.
287 632 399 663 Datis.
426 642 496 664 cur.
514 642 582 664 sec.
618 632 809 673 Seditaquc

105 682 229 721 delevi,
251 687 366 714 natum
392 693 410 713 e
435 684 653 725 corruptione
680 693 810 723 praece-

107 732 259 764 dentium
287 736 391 765 corisul
429 738 506 766 esset
524 745 534 764 .-
566 734 654 766 unde
683 734 809 766 factum

106 785 244 815 consules
255 787 313 824 eet,
329 785 419 826 quod
436 785 536 825 plane
552 789 660 816 restat
676 785 709 815 in
725 785 811 816 Lov.

107 832 169 864 Sed
184 843 250 866 non
266 840 455 875 agnoscunt
471 836 573 866 etiam
596 836 685 867 Scal.
703 836 810 866 Dorv.

108 884 208 916 Voss.
224 889 260 916 et
283 886 380 917 Leid.
403 896 471 917 sec.
494 887 527 917 in
545 886 665 927 quibus
680 886 810 918 duobus

107 944 140 966 se
175 945 278 967 tamen
313 938 484 968 concedere.
529 937 702 968 Delerunt
738 946 813 967 eam

109 987 312 1028 particulam
342 987 420 1018 olim
453 987 525 1028 jam
556 988 646 1019 Flor.
676 987 813 1019 Vascos.

110 1036 244 1077 Gryph.
261 1041 349 1077 post.
365 1038 486 1078 Steph.
502 1043 539 1069 et
553 1038 687 1069 Strada.

153 1087 193 1117 Id
209 1087 351 1127 sactum]
383 1087 423 1118 In
447 1088 574 1119 Codice
591 1089 716 1120 Lovan.
733 1088 815 1119 scri-

110 1136 201 1168 bitur
216 1137 353 1174 idsacti.
399 1137 498 1168 Quod
514 1137 710 1168 Hirtianum
726 1138 816 1168 vide-

109 1191 178 1218 tur.
226 1186 355 1218 Passim
375 1187 409 1217 id
435 1187 503 1226 loci,
532 1188 565 1217 id
591 1188 679 1226 mali,
704 1187 738 1217 id
764 1197 815 1218 ne-

108 1236 203 1275 gotii,
217 1235 250 1267 id
259 1236 418 1276 temporis,
432 1237 465 1266 id
480 1237 624 1273 nominis,
640 1241 675 1268 et
692 1236 816 1267 similia

112 1292 317 1318 occurrunt:
342 1290 379 1317 ut
395 1287 605 1318 notissimum
621 1291 686 1318 est.

156 1340 194 1368 13
219 1337 385 1377 Legionem
406 1341 520 1377 autem,
541 1348 642 1379 quam,
656 1337 726 1378 Cym]
760 1338 817 1369 Sic

112 1387 207 1419 Editi
236 1388 472 1419 Recentiores.
518 1388 627 1419 Editt.
658 1388 755 1419 Vett.
783 1392 819 1419 et

111 1438 196 1469 Mss.
210 1438 335 1470 Eliens.
350 1443 387 1469 et
400 1438 523 1477 Vossii,
537 1438 706 1477 Legionem
717 1442 820 1469 autem

113 1497 187 1519 cam
202 1498 304 1529 quam,
317 1490 369 1528 23⁶0.
395 1488 459 1519 Ms.
477 1489 563 1529 Reg.
582 1488 751 1527 Legionem
767 1498 820 1520 au-

111 1542 176 1571 tem
189 1548 302 1579 unam,
318 1549 420 1580 quam,
440 1540 493 1579 τῖε.
518 1540 603 1572 Quae
627 1538 717 1569 forte
740 1548 821 1571 vc-ra

112 1594 166 1621 est
188 1590 301 1621 tectio.
327 1590 435 1622 Clark.
472 1591 553 1621 Eum
577 1589 677 1621 etiam
704 1589 818 1621 Ursin.

114 1641 204 1673 Scal.
220 1641 302 1672 Lov.
325 1641 420 1672 Leid.
439 1650 507 1672 sec.
525 1645 561 1672 et
579 1641 726 1672 Dorvill.
745 1651 820 1672 cum

116 1691 205 1723 Edd.
223 1691 365 1723 Mediol.
385 1692 473 1723 Ven.
498 1692 587 1723 Flor.
616 1692 717 1723 Unam
734 1692 822 1724 Edd.

97 1742 257 1773 -Vascos.
285 1741 418 1783 Gry-ph.
442 1747 531 1783 post.
557 1743 676 1783 Steph.
699 1745 767 1774 Str.
788 1747 824 1773 et

117 1792 248 1824 Celsus.
294 1792 394 1825 Quod
412 1797 448 1823 et
463 1793 539 1823 alibi
555 1793 767 1832 pleonastice
787 1792 823 1823 in

117 1842 169 1874 his
185 1842 447 1874 Commentariis
463 1842 658 1874 adhibetur.
696 1843 765 1874 Adi
781 1843 823 1874 ad

100 1901 152 1924 —v.
167 1895 222 1925 214.
247 1891 400 1923 Praefero
417 1897 543 1933 tamen,
559 1893 584 1923 si
602 1893 682 1934 quid
699 1893 823 1924 adden-

119 1942 198 1974 ‹lum
228 1947 333 1982 esset,
360 1952 440 1981 eam,
472 1947 510 1973 ut
540 1953 568 1974 c.
596 1946 649 1974 69.
686 1945 694 1960 ‘
712 1943 753 1974 In
784 1953 824 1974 eo

119 1993 240 2034 proelio
257 1993 371 2035 quod.’
413 1993 481 2024 Sed
504 2003 568 2025 nec
591 1994 627 2024 id
650 2003 736 2034 opus
761 1999 823 2025 est.

120 2043 275 2085 Utroque
290 2044 390 2075 modo
405 2043 527 2084 passim
551 2045 713 2076 occurrit.
758 2045 825 2075 Ve-

121 2093 254 2125 rissime
267 2098 379 2125 autem
401 2094 579 2126 Manutius
594 2095 746 2126 correxit
763 2105 826 2136 pro

121 2147 249 2183 natura,
287 2147 459 2184 armatura,
497 2145 589 2185 quod
627 2145 827 2176 ciacconius

121 2193 244 2225 merito
259 2193 432 2235 probavit,
448 2198 484 2225 et
506 2194 661 2235 Scaliger
676 2205 716 2226 ac
732 2205 826 2237 seqq.

123 2245 156 2275 iu
183 2248 316 2276 textum
341 2248 554 2284 receperunt.
600 2244 698 2275 Idem
731 2245 829 2285 Cuja-

126 2295 179 2327 cio
206 2295 278 2336 jam
307 2295 342 2325 in
372 2300 521 2326 mentem
552 2301 715 2326 venerat:
751 2305 830 2326 uam

125 2346 244 2379 Codex
259 2346 331 2387 ejus
346 2345 451 2377 habet
464 2349 596 2377 matura.
619 2346 662 2376 V.
679 2355 709 2376 c.
727 2347 779 2377 34.
797 2349 831 2376 et

127 2397 225 2438 plura
240 2396 283 2427 ad
300 2405 334 2427 v,
351 2398 402 2427 16.

169 2455 268 2478 Lxlx.
291 2449 309 2478 7
334 2446 446 2476 Minus
464 2446 534 2477 mile
549 2445 721 2486 homiuum]
751 2446 830 2477 Non

125 2497 225 2536 male,
239 2497 376 2527 sednon
392 2496 441 2527 ita
452 2497 608 2527 meliores
624 2496 715 2528 libri.
740 2497 830 2528 Nam

125 2547 241 2587 Cujac.
258 2548 377 2578 Petav.
393 2547 480 2577 Scal.
498 2546 831 2586 Lovan.'Leidenses,

129 2600 166 2627 et
176 2597 334 2628 Vossiani
347 2597 510 2629 exhibent
522 2598 705 2630 hominibus.
720 2599 831 2630 Recte

129 2646 243 2676 etiam.
293 2646 380 2678 Vide
416 2647 459 2677 ad
496 2648 538 2678 B.
576 2648 651 2679 Civ.
688 2657 746 2679 111.
779 2651 831 2680 28.

131 2697 141 2713 ‘
161 2695 280 2726 Paullo
295 2697 404 2728 minus
419 2697 598 2729 ducentis?
634 2698 762 2730 Eadem
779 2707 834 2728 va·

113 2763 116 2767 -
132 2745 230 2777 riatio
244 2746 286 2777 Β.
302 2745 411 2779 Afric.
425 2756 456 2778 c.
473 2750 526 2779 39.
550 2757 612 2788 pro
627 2748 701 2779 mile
716 2748 750 2779 in
766 2749 832 2779 Cu-

857 337 919 359 cu.
946 329 978 360 in
1000 329 1096 360 Leid.
1115 340 1163 370 pr.
1182 340 1214 360 c.
1240 331 1294 361 Dc
1318 332 1559 365 adu-nuatione

856 379 1024 419 legionum
1042 380 1096 410 adi
1113 381 1154 411 ad
1171 381 1212 412 B.
1231 381 1377 412 Civ.111.
1396 385 1447 413 89.

902 438 985 460 Lxx.
1007 433 1027 460 2
1052 431 1341 471 Iteproesentatums
1363 432 1456 472 esset]
1486 434 1562 464 Sta-

860 480 919 510 tim
946 487 1163 519 executurus,
1188 488 1223 514 et
1254 484 1286 513 in
1316 482 1476 516 effectum
1506 485 1563 516 ad-

861 530 1045 570 ducturum
1069 532 1152 563 nihil
1169 533 1256 564 enim
1277 543 1362 574 opus
1387 540 1450 572 est,
1466 540 1504 567 ut
1520 545 1564 567 ex

861 581 945 612 eod.
971 582 1143 613 Ciacconii
1168 584 1318 624 legamus
1343 595 1376 615 re
1399 589 1566 626 proestutu-

860 639 924 669 rus,
955 632 1122 671 quomodo
1164 634 1394 673 reponendum
1431 637 1568 668 censuit

862 680 917 712 Fr.
940 681 1186 713 Hotomannus.
1213 684 1328 714 Caesar
1352 685 1392 715 Β.
1409 685 1452 716 G.
1476 689 1569 717 1.40.

861 731 869 746 ‘
889 730 1011 771 Itaque
1034 741 1080 771 se,
1101 732 1192 772 quod
1215 733 1247 764 in
1270 734 1460 773 longiorem
1477 736 1567 766 diem

862 781 1044 812 collaturus
1100 787 1205 823 esset,
1250 785 1568 824 repraesentaturum!

862 831 999 864 Curtius
1030 843 1079 864 vr.
1114 836 1163 866 11.
1194 837 1246 867 33.
1277 837 1286 852 ‘
1305 841 1567 876 repraesentasse

862 883 1048 914 consilium'
1092 884 1190 925 dixit,
1246 885 1303 916 ubi
1348 886 1424 917 vide
1468 887 1569 919 Joan.

864 934 1142 975 Freinshemium,
1175 946 1214 968 ac
1249 936 1325 968 intt.
1358 937 1400 967 ad
1430 936 1570 968 Phaedri

864 985 944 1016 Fab.
960 994 1017 1017 111.
1036 990 1085 1017 10.
1102 990 1153 1018 32.
1177 988 1289 1020 Dam's.

907 1039 926 1066 7
953 1036 1015 1071 Qui
1037 1047 1097 1068 non
1126 1037 1266 1076 fuissent
1298 1040 1331 1070 in
1363 1049 1394 1070 se
1425 1039 1569 1081 officiosi]

864 1087 1024 1119 Testatur
1049 1088 1251 1120 Ciacconius
1282 1090 1486 1130 particulam
1514 1100 1572 1121 ne-

867 1142 1003 1175 gantem
1034 1148 1054 1169 a
1077 1139 1279 1180 quibusdam
1304 1141 1397 1171 libris
1425 1140 1570 1178 abesse3

867 1192 902 1218 et
926 1193 1022 1218 recte
1052 1189 1203 1228 quidem,
1226 1195 1264 1220 ut
1295 1191 1455 1228 arbitror,
1481 1191 1572 1231 quod

867 1241 903 1268 et
925 1238 1003 1268 olim
1019 1237 1120 1270 Joan.
1144 1239 1343 1270 Rhellicano
1367 1240 1399 1270 in
1424 1244 1574 1270 mentem

867 1291 1020 1318 venerat.
1065 1288 1135 1320 Jul.
1156 1288 1275 1319 Celsus
1300 1298 1334 1328 p.
1352 1291 1426 1320 212.
1445 1289 1488 1319 de
1508 1290 1573 1320 hac

868 1347 905 1368 re
935 1337 983 1369 sic
1007 1338 1180 1379 loquitur:
1206 1340 1215 1355 ‘
1231 1339 1293 1370 Ille
1320 1340 1456 1380 quidem
1486 1350 1574 1380 prae·

868 1389 971 1427 stitit,
998 1394 1036 1420 ut
1143 1389 1300 1429 publicas
1330 1391 1510 1430 (injurias)
1536 1391 1574 1422 li-

869 1439 950 1471 bere
964 1440 1082 1471 ulcisci
1099 1440 1243 1479 valeam,
1255 1441 1343 1481 quod
1361 1440 1508 1472 fortasse
1527 1441 1575 1472 sic

870 1500 937 1521 non
953 1500 1100 1531 possem,
1117 1490 1144 1521 si
1161 1491 1195 1521 in
1208 1500 1260 1522 me
1283 1490 1402 1522 fuisset
1419 1491 1576 1532 obsequi·

872 1541 971 1580 osuS‚'
1000 1544 1063 1573 &c.
1106 1542 1175 1573 Sed
1198 1541 1251 1572 vir
1273 1542 1331 1573 ille
1356 1542 1462 1573 bonus
1487 1551 1578 1573 men-

872 1596 941 1623 tem
958 1592 1103 1623 Caesaris
1128 1602 1194 1623 nou
1211 1597 1262 1624 est
1279 1597 1474 1630 assecutus;
1503 1592 1578 1623 vult

872 1643 1028 1681 enim,’se
1043 1643 1194 1683 privatas
1209 1643 1347 1684 injurias
1371 1643 1459 1674 hosti
1476 1642 1578 1673 facile

873 1694 1066 1724 condonare
1090 1703 1200 1734 posse,
1223 1693 1377 1734 publicas
1404 1703 1445 1724 ne
1469 1693 1578 1724 amico

876 1743 1032 1783 quidem:
1058 1748 1092 1773 et
1115 1744 1169 1774 hic
1185 1753 1265 1774 sane
1283 1754 1398 1774 sensus
1423 1743 1578 1783 egregius

875 1798 910 1824 et
927 1797 1023 1824 tauto
1050 1793 1136 1833 Imp.
1159 1793 1293 1834 dignus.
1339 1795 1387 1824 Ut
1409 1799 1445 1824 ut
1465 1799 1579 1825 autem

876 1843 932 1881 sit,
948 1847 1045 1873 certe
1063 1842 1166 1873 falsus
1179 1849 1233 1874 est
1249 1844 1435 1884 Eutropius
1459 1853 1509 1874 Π.
1527 1847 1580 1875 17.

875 1894 1009 1933 Tradit,
1027 1895 1036 1911 ‘
1053 1894 1356 1925 l'liarnacem—-
1366 1894 1532 1934 Pompeio
1547 1895 1583 1925 in

877 1944 1038 1975 auxilinm
1063 1945 1151 1984 apud
1165 1944 1369 1975 Thessaliam
1392 1943 1520 1983 fuisse,’
1544 1949 1584 1975 ut

876 2004 918 2025 ex
931 1994 1058 2026 diserto
1077 1995 1183 2025 Hirtii
1213 1995 1409 2026 testimonio
1435 2000 1582 2028 constat.

876 2045 966 2076 Vide
979 2050 1014 2076 et
1031 2046 1176 2076 Dionem
1193 2046 1215 2076 l.
1233 2054 1318 2076 xm.
1331 2055 1364 2086 p.
1377 2048 1452 2076 207.
1468 2044 1583 2077 Daris.

878 2095 978 2126 Mera
1004 2095 1058 2126 hic
1093 2095 1336 2127 dormitatione
1362 2096 1516 2135 Scaliger
1547 2101 1585 2127 et

878 2145 1060 2177 Editorum
1117 2146 1273 2187 plerique
1330 2146 1584 2186 imperitissimo

877 2196 1093 2227 librariorum
1121 2196 1321 2227 adsumento
1348 2196 1488 2237 decepti
1515 2197 1586 2228 edi-

879 2247 1019 2285 derunt,
1036 2248 1088 2287 qui
1107 2255 1181 2278 NON
1192 2246 1332 2284 fuissent
1346 2248 1379 2278 in
1401 2257 1433 2278 se
1447 2247 1585 2289 officiosi.

880 2297 985 2330 Quasi
1015 2307 1097 2328 vero
1137 2297 1285 2337 ineptius
1315 2298 1498 2338 quicquam
1524 2302 1585 2330 ant
1632 2296 1635 2297 ⁷

880 2348 1017 2378 Caesare
1057 2347 1226 2387 indignius
1272 2347 1421 2387 confingi
1459 2353 1586 2388 posset,

881 2407 982 2438 quam
999 2402 1037 2429 ut
1061 2397 1205 2428 barbare
1221 2397 1307 2428 adeo
1328 2402 1364 2428 et
1382 2403 1584 2438 arroganter

879 2447 1117 2487 responderet,
1136 2457 1171 2477 se
1186 2447 1418 2487 provinciarum
1442 2446 1586 2487 publicus

881 2498 1013 2536 injurias
1026 2499 1194 2528 condonare
1209 2497 1252 2527 iis
1263 2507 1323 2527 non
1347 2506 1447 2538 posse,
1459 2498 1512 2537 qui
1528 2507 1587 2528 non

874 2547 1013 2585 fuissent
1030 2548 1162 2578 scilicet
1179 2548 1212 2578 in
1227 2556 1267 2578 SE
1283 2547 1420 2588 officiosi.
1465 2547 1549 2578 Cum
1566 2556 1585 2577 e

882 2598 1055 2630 contrario
1078 2597 1259 2629 manifesta
1282 2599 1328 2628 sit
1350 2607 1444 2627 mens
1468 2597 1587 2634 Hirtii,

881 2647 1097 2689 respondisse
1128 2649 1296 2679 Caesarem
1326 2646 1585 2686 sapientissime,

883 2703 986 2739 atque
1005 2698 1109 2729 etiam
1136 2696 1266 2727 mitibus
1285 2696 1385 2727 verbis
1399 2695 1530 2735 (supra)
1555 2705 1586 2725 se

883 2758 978 2788 neque
995 2747 1138 2779 libentius
1156 2746 1266 2784 facere
1294 2746 1470 2786 quidquam,
1495 2755 1587 2786 qimm
