1850 3109
537 215 597 242 ms
633 213 743 241 vri-A
777 211 909 241 ,ιυωι
944 212 1174 242 cass-mis,
1475 201 1586 243 1703

136 326 207 349 nec
226 308 496 358 cavisse,quod
519 309 632 345 nullae
654 321 778 345 caiisa:
799 308 955 345 timendi
977 307 1214 356 cavendique
1235 314 1381 351 essent;
1399 314 1435 344 et
1455 308 1586 347 timere

136 376 213 412 sine.
250 386 364 410 causa
401 385 470 409 nec
504 371 568 408 viri
597 371 702 408 fortis
725 374 858 408 ”essct
885 384 928 408 ne
962 370 1136 407 Romani.
1198 371 1384 407 Securum
1418 383 1508 419 ergo
1547 379 1587 409 et

135 438 329 475 incautum
351 436 565 485 opprimere
596 435 679 471 ⁷⁸ne
717 448 917 483 operosum
944 434 1093 471 facinus
1132 432 1256 478 fuisse,
1279 447 1348 470 nec
1378 434 1476 470 adeo
1504 434 1587 479 glo-

133 501 286 543 riosum,
310 507 347 535 ut
369 499 421 535 eis
444 498 600 536 forsitan
624 498 818 536 videatur:
840 499 1058 536 desinerent
1080 498 1191 545 igitur
1203 498 1351 547 gloriari
1373 497 1587 545 cogitantes

132 563 282 612 longam
317 576 418 612 saepe
441 562 567 599 multis
589 562 853 612 impunitatem
882 563 1067 600 scelerum
1100 561 1193 598 deos
1216 561 1329 603 dare2
1353 575 1430 610 qno
1463 560 1588 598 acrius

132 634 220 676 post
238 627 322 676 [25]
343 626 604 676 prosperitatis
625 640 826 663 excursum
850 626 1067 675 ⁷⁹torquent
1097 638 1217 662 rerum
1238 625 1483 674 inexpectata
1501 637 1584 661 mu-

134 690 240 733 tatio,
257 696 295 727 et
316 703 395 739 quo
417 690 532 727 serior
553 703 599 726 eo
620 689 784 726 amarior
813 688 859 726 sit
891 689 1076 726 vindicta.
1133 690 1314 725 Ceterum
1346 696 1387 725 ut
1417 694 1587 726 veterum

131 753 361 790 offensarum
382 767 459 790 esse
490 754 607 802 possit
635 752 789 795 oblivio,
813 754 1020 790 recentium
1050 766 1122 789 non
1157 766 1276 802 posse,
1300 753 1441 800 quibus
1466 765 1588 802 nuper

132 816 256 853 socios
278 818 536 854 Itoni-anorum
554 816 762 859 affecerint,
785 817 852 853 nisi
874 830 974 853 nova
997 816 1127 853 itidem
1150 815 1409 852 satisfactione
1429 815 1584 853 delean-

131 886 204 923 tur,
226 880 409 930 quodque
439 882 480 917 iis
509 881 702 918 servandis
724 881 877 918 obsides
899 881 1016 918 dent.'
1072 880 1133 917 Ad
1163 894 1206 916 ea
1236 880 1395 927 legatus,
1421 886 1428 899 ‘
1448 880 1587 917 Helve—

131 943 205 979 tios
239 956 259 979 a
294 944 504 992 majoribus
525 944 600 980 suis
619 943 772 980 obsides
790 957 863 981 non
884 945 985 987 dare,
1017 943 1081 980 sed
1105 944 1282 993 accipere
1311 943 1511 980 didicisse’
1530 955 1588 980 re-

132 1006 312 1055 spondit;
337 1012 345 1026 ‘
365 1008 448 1057 ejus
471 1021 507 1044 se
531 1007 583 1045 rei
606 1014 718 1043 testes
734 1009 830 1045 nolle
851 1010 958 1051 alios,
977 1022 1092 1058 quam
1127 1010 1348 1045 Romanost'
1366 1008 1420 1045 sic
1443 1007 1587 1044 infecto

130 1071 236 1118 pacis
256 1071 408 1120 negotio
429 1072 587 1121 digressi
615 1073 675 1110 die
708 1073 882 1121 proximo
915 1072 1092 1121 utrinque
1114 1072 1280 1108 castr-<1³0
1302 1072 1434 1108 Caesar
1451 1070 1500 1107 ad
1523 1083 1588 1107 ex-

130 1133 334 1182 plorandas
363 1134 438 1169 vias
474 1141 640 1182 quatuor
671 1137 771 1172 milia
791 1136 962 1185 equitum
985 1135 1222 1171 Gallicorum
1256 1147 1351 1183 quos
1383 1134 1432 1170 ab
1462 1133 1585 1170 Eduis

129 1209 338 1246 eorumque
359 1197 604 1234 auxiliaribus
626 1204 877 1241 contraxerat,
912 1198 1052 1234 anteire
1081 1198 1209 1245 jubet,
1232 1197 1330 1233 sorte
1351 1197 1454 1245 qnod
1478 1197 1587 1234 itine-

129 1272 210 1296 rum
246 1259 444 1308 peritiores
471 1267 610 1299 essent.
668 1262 724 1298 Illi
758 1268 883 1298 antem
919 1260 1133 1297 inconsulte
1165 1260 1350 1309 progressi
1372 1260 1588 1310 iniquisque

129 1322 224 1359 locis
256 1336 343 1359 cum
367 1323 473 1360 hoste
493 1326 685 1375 congressi
707 1325 831 1374 plures
853 1338 873 1360 a
896 1323 1143 1373 paucioribus
1164 1324 1252 1360 victi
1274 1330 1373 1366 sunt,
1403 1337 1481 1373 quo
1502 1337 1590 1361 suc-

129 1399 239 1423 cessu
261 1393 448 1424 tumentes
479 1388 643 1426 Helvetii
672 1395 929 1430 contemnere,
953 1387 1146 1429 insultare,
1174 1387 1265 1424 velle
1304 1387 1587 1436 quamprimum

128 1450 367 1487 committere
405 1464 482 1488 rem
517 1452 707 1490 fortunae:
744 1455 874 1491 Caesar
895 1465 983 1489 vero
1006 1459 1156 1501 tempus
1184 1450 1335 1488 trahere
1355 1464 1401 1489 ac
1421 1451 1588 1489 differre.

128 1513 187 1550 Ita
206 1513 424 1563 quindecim
446 1517 568 1565 spatio
588 1517 736 1555 dierum
754 1531 868 1568 parva
891 1517 1024 1554 tellure
1045 1522 1279 1565 separantur,
1310 1522 1346 1551 et
1368 1528 1466 1564 pene
1495 1528 1589 1552 sem·

129 1591 198 1628 per
218 1578 253 1614 in
275 1587 502 1628 conspeetu,
525 1590 660 1619 mutuo
682 1583 816 1632 proelio
846 1589 972 1619 tamen
994 1581 1276 1617 abstinuerunt.
1333 1581 1384 1615 At
1406 1592 1590 1628 quocum-

129 1656 204 1692 que
227 1644 344 1680 liostis
367 1645 507 1694 pedem
536 1646 766 1694 protulisset,
789 1645 954 1695 vestigiis
976 1646 1104 1682 Caesar
1122 1644 1302 1686 instabat,
1325 1649 1530 1680 contentus
1551 1642 1589 1678 in

127 1721 302 1758 praesens
324 1716 429 1746 metu
451 1709 535 1746 illos
565 1723 584 1746 a
614 1710 901 1759 ³¹praedonibus
928 1709 1103 1746 arcuisse.
1162 1708 1205 1744 In
1228 1709 1298 1744 boc
1328 1720 1453 1743 rerum
1486 1712 1589 1743 statu

128 1774 314 1822 quaerenti
343 1773 483 1811 Caesari
511 1777 611 1822 apud
646 1774 891 1823 magistratus
911 1786 955 1809 ac
990 1771 1185 1820 principes
1225 1770 1436 1812 Eduorum,
1458 1768 1524 1819 qui
1551 1781 1588 1806 se

123 1836 419 1880 comitabantur,
441 1837 488 1874 de
509 1850 566 1881 eo,
590 1838 693 1886 quod
715 1837 904 1874 frumenta
927 1835 1112 1885 promissa
1141 1847 1216 1870 non
1244 1833 1446 1875 mitterent,
1468 1844 1587 1882 seque

126 1898 164 1936 in
183 1912 229 1936 eo
250 1899 350 1937 bello
370 1899 621 1937 destituerent
655 1900 764 1943 Edui,
788 1899 893 1949 quod
916 1912 1046 1936 eorum
1070 1897 1229 1934 maxime
1254 1897 1482 1946 suscepisset
1503 1897 1592 1933 lior-

125 1968 227 2000 tatu:
258 1964 371 2001 certis
401 1964 554 2001 indiciis
587 1971 721 2001 notum
751 1963 807 2007 fit,
844 1963 1119 2011 Donmorigem
1141 1961 1306 2003 Ednnm,
1328 1959 1442 2008 cujus
1462 1966 1500 1997 et
1520 1972 1588 2010 po—

125 2027 243 2064 tentia
261 2035 299 2064 et
318 2027 484 2065 audacia
503 2041 571 2077 par
589 2035 628 2065 et
647 2027 751 2077 apud
777 2040 866 2064 suos
887 2026 1010 2076 gratia
1030 2026 1162 2075 ingens
1184 2031 1273 2068 erat,
1292 2023 1472 2060 omnibus
1492 2036 1585 2061 con-

126 2090 217 2128 siliis
237 2098 355 2141 atque
374 2091 479 2128 omni
498 2091 627 2129 studio
647 2091 794 2129 callidis
815 2090 1052 2128 orationibus
1076 2089 1280 2126 Ednorum
1300 2088 1447 2125 animos
1468 2101 1489 2126 a
1511 2089 1590 2126 Ro-

126 2154 247 2191 manis
289 2161 473 2199 avertere,
507 2163 752 2200 asserentem,
786 2156 988 2198 Romanos,
1016 2154 1046 2191 si
1073 2152 1272 2191 Helvetios
1306 2152 1478 2196 vicerint,
1511 2165 1589 2189 nou

125 2217 200 2255 illic
218 2217 383 2254 bellandi
404 2217 518 2255 finem
534 2219 708 2256 facturos
729 2232 821 2263 esse,
845 2230 984 2268 nempe
1005 2217 1158 2259 Galliae,
1180 2216 1256 2252 imo
1277 2215 1380 2252 orbis
1402 2215 1450 2252 ad
1471 2215 1588 2265 impe-

124 2281 222 2319 rium
242 2281 480 2320 anhelantes:
515 2282 676 2331 proinde
708 2282 738 2319 si
759 2283 911 2331 penitus
934 2280 1173 2318 serviendum
1194 2280 1252 2323 sit,
1285 2279 1406 2316 multo
1438 2279 1586 2328 aeqnius

125 2345 257 2384 Eduos
278 2359 358 2384 suae
385 2348 525 2397 jugum
548 2346 671 2395 gentis
699 2345 840 2383 laturos
861 2358 955 2390 esse,
977 2356 1095 2393 quam
1121 2350 1304 2381 externae.
1360 2343 1429 2380 His
1466 2350 1587 2393 atque

123 2406 211 2458 [26]
226 2409 362 2448 horum
384 2411 566 2448 similibus
586 2423 632 2447 ne
653 2409 884 2447 frumentum
907 2408 1092 2446 exercitui
1112 2414 1151 2445 et
1170 2407 1383 2445 necessaria
1398 2407 1584 2457 quaelibet

123 2473 161 2509 in
182 2479 351 2523 tempore
379 2480 581 2512 convectet
611 2475 785 2512 obstare:
812 2473 905 2522 quin
926 2473 1040 2509 etiam
1072 2471 1270 2509 Helvetios
1288 2471 1386 2508 illius
1407 2471 1587 2520 precibus

125 2548 193 2586 per
227 2536 320 2575 fines
348 2539 610 2588 Sequanorum
632 2544 810 2587 negatum
847 2537 972 2586 primo
1002 2536 1073 2573 iter
1101 2535 1323 2579 obtinuisse,
1359 2534 1585 2583 clademque

167 2685 207 2714 77
230 2683 334 2725 Lege,
348 2695 400 2717 nec
417 2685 580 2724 rii-isonis
595 2696 670 2724 esse,
688 2697 741 2718 nec
756 2677 987 2719 Romana—'78
1012 2688 1128 2726 Forte,
1143 2695 1195 2716 nec
1211 2684 1468 2724 operosum-79
1484 2681 1585 2719 Lege,

123 2739 359 2775 torqueat—so
383 2739 486 2780 Lege,
506 2741 651 2781 utrinqne
665 2745 770 2773 castra
786 2744 1014 2774 moveret.—Sl
1041 2741 1156 2779 Forte,
1177 2737 1357 2778 praedando.
