1850 3109
465 206 571 235 cAP.
603 195 674 236 47.
715 204 810 235 Lm.
846 205 907 235 nn
941 205 1284 238 BELLOALEX.

141 297 284 339 istimat,
301 308 394 340 neque
418 308 542 329 numero
562 307 669 338 parem
693 307 756 329 esse
781 296 847 329 sor-

142 349 238 381 mitae
267 348 463 380 dimicationi
476 358 485 383 ,¹
512 347 654 386 fortuna?
679 358 743 379 rem
769 359 845 380 com-

139 400 264 438 mittere
292 399 410 430 noluit.
456 399 577 438 ltaque,
603 400 655 438 «isc.
694 399 773 430 Non
798 399 843 430 in-

137 450 295 482 feliciter.
321 450 428 480 Clark.
467 449 612 481 Ursinus
629 460 671 481 ex
700 460 760 481 suo
788 461 842 482 co-

137 501 213 532 dice
234 500 313 539 legit
329 510 423 540 neque
439 509 562 531 numero
575 510 682 540 parem
697 510 760 532 esse
776 501 841 533 for-

139 550 234 581 initae
250 549 610 590 dimicationi,sortunoe
625 561 688 582 rem
703 553 841 583 commit-

133 604 200 631 tere
214 599 334 630 uoluit.
383 599 460 630 Non
478 598 670 639 infeliciter,
686 606 724 632 ut
742 607 841 642 putat

134 652 186 683 Cl.
218 651 384 683 Clarkius.
444 653 517 693 Ego
547 657 667 684 contra
697 663 838 685 censeo:

133 713 201 734 nam
226 703 254 734 si
273 701 412 740 fortunoe
435 713 502 734 rem
525 704 714 735 committere
730 705 841 744 noluit,

131 754 189 794 qui
203 763 315 794 quaeso
328 753 468 793 factum,
482 759 520 785 ut
535 755 697 795 impetum
711 755 838 795 primus

129 804 164 837 in
181 803 318 836 Octavii
336 804 583 846 quadriremem
598 804 729 836 faceret
745 806 839 836 Vati-

130 854 227 885 nius?
244 854 271 885 si
287 854 319 884 in
337 864 378 885 ea
390 854 509 886 fuisset
522 855 703 894 sententia,
721 854 837 895 fugere

127 904 247 946 potius
279 915 319 936 ac
347 910 444 946 terga
479 905 572 944 dare,
606 906 660 937 vel
691 905 837 947 quodam

129 957 232 990 modo
250 967 395 998 pugnam
411 959 518 990 vitare
534 959 667 991 debuit.
714 960 837 1001 Itaque

127 1012 270 1049 recepta
300 1009 401 1040 lectio
435 1015 503 1041 stet
535 1010 684 1042 immota.
723 1011 836 1043 Dacis.

126 1067 203 1090 cur.
221 1068 290 1090 sec.
337 1059 443 1100 Atqui
469 1061 497 1090 si
521 1069 583 1101 per
605 1061 772 1099 fortunam
788 1062 836 1093 in-

128 1107 319 1149 telligamus
357 1109 467 1149 ipsum
501 1112 610 1150 proelii
641 1112 836 1153 discrimen,

123 1159 183 1201 qui
200 1170 314 1201 quaeso
338 1160 479 1202 factum,
496 1167 533 1193 ut
555 1173 590 1194 se
604 1165 836 1196 committeret

126 1209 168 1250 ei,
184 1220 260 1242 cum
275 1211 578 1253 animadverteret,
597 1224 632 1245 se
647 1224 760 1256 neque
776 1222 834 1246 nu*-

122 1270 217 1292 mero
232 1271 342 1303 neque
367 1264 601 1304 magnitudine
624 1265 761 1296 navium
775 1276 834 1307 pa-

123 1321 194 1343 rem
208 1322 295 1344 esse.
306 1313 468 1345 Debebat
481 1320 550 1346 tum
563 1316 682 1346 saltem
696 1326 771 1348 esse
783 1328 834 1348 ro-

124 1363 183 1393 luit
203 1364 257 1394 vel
275 1363 428 1395 additum
445 1363 547 1396 fuisse
559 1369 673 1404 tamen,
687 1368 739 1398 vel
756 1368 835 1398 nihi.-

123 1414 268 1451 lominus,
282 1420 318 1446 ut
332 1425 361 1446 c.
378 1419 430 1446 58.
442 1416 497 1447 ubi
516 1417 604 1448 vide.
620 1418 751 1449 Futuroe
764 1419 834 1460 qui-

122 1464 198 1495 dem
217 1469 270 1496 est
297 1466 328 1496 in
347 1466 436 1498 Edd.
455 1467 625 1509 plerisque
640 1469 770 1509 primis,
798 1474 834 1502 et

122 1516 244 1549 Petav.
258 1518 360 1549 sinon
377 1518 501 1550 fallunt
513 1525 697 1561 excerpta:
717 1525 752 1553 at
761 1521 832 1560 for-

120 1567 212 1598 tuitae
239 1567 367 1599 liabent
396 1569 482 1600 Mss.
509 1571 575 1602 mei
607 1580 722 1602 omnes
753 1581 830 1604 cum

119 1617 184 1649 Ed.
203 1618 294 1649 Flor.
311 1619 373 1650 nisi
400 1620 490 1660 quod
520 1621 646 1661 Scalig.
671 1626 707 1653 et
731 1623 829 1654 Leid.

120 1677 170 1708 pr.
188 1678 254 1700 non
272 1674 460 1709 agnoscant
477 1670 600 1708 suturoe
617 1673 830 1704 dimicationi-¹

119 1726 155 1751 at
183 1720 232 1752 illi
256 1731 332 1753 cum
355 1722 537 1754 Ursini-ano
554 1723 636 1754 daut
652 1725 770 1761 uoluit;
792 1731 830 1757 et

120 1772 199 1803 Pet.
226 1773 364 1804 accedit
390 1774 517 1804 Eliensi
543 1774 576 1804 in
606 1775 828 1807 dimicationis.

119 1821 219 1853 Unde
232 1823 367 1854 omniuo
380 1824 561 1863 legendum
576 1831 670 1865 puto,
678 1825 829 1863 fortuiloe

117 1871 330 1903 dimicationis
337 1873 480 1911 sortunoe
496 1884 559 1905 rem
574 1885 601 1905 c.
617 1876 726 1906 noluit.
747 1876 826 1907 Non

116 1930 238 1962 vagum
264 1923 397 1954 scilicet
415 1929 450 1955 et
474 1924 642 1956 incertum
667 1926 824 1966 proelium

115 1971 201 2003 inire
217 1973 334 2011 voluit,
352 1974 412 2005 sed
429 1974 552 2006 stabile
567 1980 602 2007 et
615 1982 827 2016 consertum,

114 2025 152 2053 ut
167 2022 201 2053 in
218 2023 290 2054 sola
312 2023 451 2061 virtute,
466 2034 531 2056 non
546 2026 582 2056 in
598 2025 736 2058 fortuna
754 2037 827 2058 cer-

116 2075 230 2103 tamen
253 2074 468 2106 consisteret.
518 2074 605 2108 Vide
622 2078 750 2109 Lucan.
767 2087 825 2110 111.

116 2125 190 2153 556.
208 2128 241 2154 et
259 2134 333 2164 quae
349 2125 398 2155 ibi
417 2131 592 2166 notantur,
608 2137 647 2159 ac
664 2138 767 2170 supra
781 2130 824 2160 Β.

116 2173 190 2205 Civ.
207 2181 232 2204 1.
249 2174 282 2204 in
300 2184 413 2215 pugna
436 2185 512 2207 cum
540 2178 824 2212 Massiliensibus.

115 2222 155 2254 Id
170 2224 254 2255 satis
265 2229 362 2265 patet
371 2236 390 2256 e
402 2235 497 2267 seqq.
515 2228 524 2244 ⁴
534 2228 736 2269 Quantoque
747 2240 826 2261 con-

109 2273 264 2314 junctis,'
277 2276 328 2314 Ssc.
376 2276 517 2308 Fortuna
539 2277 748 2310 dimicationis
755 2280 825 2319 sor-

115 2324 207 2355 tuitoe
237 2329 289 2356 est
317 2326 391 2357 ali—a
419 2332 454 2358 et
479 2327 619 2359 dubium
643 2328 826 2362 discrimen

115 2375 236 2414 praelii,
273 2376 307 2407 in
338 2377 428 2418 quod
459 2376 602 2410 fortuito
638 2379 823 2412 inciderat.

113 2424 169 2456 Sic
181 2425 460 2465 Hirtiusfortuito
472 2439 545 2460 casu
558 2429 645 2461 dixit
656 2431 697 2461 B.
712 2430 822 2464 Afric.

116 2484 147 2506 c.
165 2478 196 2507 3.
213 2482 250 2508 ut
268 2483 322 2509 est
335 2478 368 2508 in
385 2479 466 2510 Mss.
485 2480 692 2513 melioribus.

155 2529 177 2557 6
200 2527 408 2568 Concurrunt]
434 2529 520 2561 Mss.
537 2532 622 2572 Reg.
640 2533 767 2565 Eliens.
786 2537 822 2564 et

113 2576 243 2615 Vossii3
267 2583 496 2610 concurrerunt.
532 2581 634 2614 Quod
650 2587 685 2614 et
697 2584 819 2615 melius

115 2625 177 2656 boc
192 2625 224 2657 in
237 2627 311 2658 loco
323 2630 496 2661 convenit.
524 2632 632 2662 Clark.
670 2634 822 2665 Cucurre-

115 2678 188 2705 runt
213 2682 267 2708 est
287 2678 320 2708 in
336 2679 435 2710 Voss.
460 2680 495 2710 Si
511 2681 592 2722 qnid
610 2683 820 2724 mutandum,

115 2725 247 2758 mallem
273 2732 483 2771 occurrerunt,
508 2735 547 2762 ut
574 2736 626 2764 est
653 2733 686 2764 in
717 2733 816 2766 Leid.

117 2783 165 2815 με.

1489 200 1505 238 1
1516 199 1598 241 557

938 301 977 329 21
1023 299 1107 330 Velis
1135 300 1297 340 profugit]
1335 301 1417 332 Mss.
1451 305 1599 335 nonnulli

900 348 964 379 Vix
986 348 1141 389 profugit.
1177 350 1245 381 Alii
1268 352 1350 382 Velis
1372 354 1426 383 vix
1444 354 1596 393 profugit.

894 398 1045 431 Quarum
1060 400 1162 431 trium
1176 401 1358 432 lectionum
1379 403 1504 433 utravis
1518 404 1599 435 ferri

893 453 1018 488 potest.
1038 449 1143 481 Clark.
1187 451 1247 482 l'ix
1259 452 1401 491 profugit
1418 457 1469 483 est
1484 453 1516 483 in
1534 463 1598 484 inno

893 498 1003 539 Regio
1030 500 1139 531 Paris.
1169 501 1265 533 Leid.
1291 512 1360 533 see.
1387 512 1425 534 ac
1456 502 1499 534 R.
1523 504 1598 534 Ste-

892 551 1004 590 phani.
1049 551 1133 582 Velis
1162 557 1196 583 et
1220 553 1274 584 rix
1306 553 1430 585 absunt
1456 564 1474 585 a
1502 555 1597 586 Voss.

891 600 1017 632 Contra
1048 607 1230 644 utrumque
1256 604 1391 636 admisit
1413 614 1487 636 curn
1512 606 1597 637 (jod.

890 650 1034 682 Victorii
1048 652 1186 684 Vascos.
1205 659 1240 684 et
1257 654 1390 695 Gryph.
1413 662 1500 697 post.
1519 666 1596 688 cum

889 701 952 732 Ed.
968 701 1111 733 Stradae.
1136 704 1181 734 Et
1197 704 1260 734 hoc
1277 705 1402 736 malim.

932 762 1044 786 xm'u.
1061 758 1081 787 4
1105 756 1286 797 Penterem]
1315 758 1370 788 lta
1399 764 1490 790 recte
1518 768 1594 790 cum

889 803 929 834 R.
962 803 1135 846 Stephano
1162 805 1269 838 edidit
1300 807 1454 849 Scaliger
1479 814 1514 840 et
1545 818 1596 840 se·

888 861 1055 896 quentes;
1088 862 1271 899 exstatque
1302 859 1336 890 in
1362 858 1484 900 Scalig.
1511 859 1596 891 Cod.

888 910 923 937 et
940 907 1075 939 accedit
1091 908 1188 940 Leid.
1206 918 1272 940 sec.
1284 910 1448 949 pentirem.
1488 910 1594 942 Vide-

888 962 943 988 tur
959 958 1046 989 enim
1062 959 1117 990 hic
1136 960 1185 991 uti
1210 961 1358 992 voluisse
1383 961 1506 993 Graeca
1528 967 1596 993 ter-

887 1008 1071 1039 minatione
1095 1010 1241 1050 Hirtius,
1257 1020 1334 1041 nam
1358 1011 1510 1052 alioquin
1535 1021 1592 1053 po-

888 1058 956 1090 tius
973 1064 1045 1090 tota
1061 1060 1183 1091 Latina
1199 1071 1281 1092 voce
1299 1062 1491 1102 scripsisset
1507 1063 1595 1103 quin-

885 1119 1066 1150 queremem,
1092 1115 1130 1142 ut
1161 1120 1283 1152 supra:
1309 1112 1390 1152 quin
1417 1117 1452 1143 et
1479 1111 1594 1144 forsan

886 1159 987 1190 etiam
1011 1156 1098 1190 dixit
1126 1161 1248 1201 trieres,
1272 1167 1308 1193 ut
1336 1163 1484 1203 dicrotas,
1507 1168 1593 1195 cata-

883 1217 1019 1248 scopum.
1066 1209 1180 1241 Quare
1211 1220 1278 1241 non
1313 1222 1448 1252 possum
1478 1224 1594 1245 veram

885 1258 1028 1290 credere
1044 1259 1224 1291 lectionem
1242 1266 1435 1294 ceterarum
1452 1264 1539 1295 Edd.
1557 1268 1594 1296 et

886 1310 970 1341 Mss.
999 1311 1202 1351 pentiremem
1226 1313 1280 1343 vel
1311 1312 1425 1353 potius
1454 1319 1592 1354 pentere-

883 1371 963 1392 mem
993 1371 1070 1393 cum
1102 1362 1214 1394 Ursin.
1256 1363 1390 1395 Brantii
1427 1369 1463 1395 et
1490 1366 1590 1396 Voss.

884 1411 980 1442 Idem
1009 1412 1188 1444 dicendum
1220 1413 1262 1445 de
1292 1423 1320 1445 c.
1336 1417 1389 1445 62.
1415 1415 1456 1447 B.
1480 1415 1590 1448 Afric.

884 1462 1038 1493 Penteres
1064 1464 1140 1494 duas
1168 1474 1280 1496 vacuas
1310 1475 1329 1496 a
1361 1465 1591 1504 defensoribus:

882 1512 966 1544 licet
988 1513 1035 1544 ibi
1058 1524 1193 1556 quoque
1217 1515 1301 1547 Mss.
1327 1522 1363 1547 et
1386 1517 1474 1549 Edd.
1491 1519 1589 1552 Vett.

878 1565 1066 1606 pentiremes
1078 1567 1131 1596 vel
1139 1569 1342 1606 penteremes.
1392 1568 1476 1599 Mox
1489 1570 1591 1600 dicro-

882 1619 932 1647 tas
947 1625 1012 1647 non
1029 1616 1158 1648 habent
1181 1617 1266 1648 Mss.
1291 1622 1326 1649 et
1350 1618 1438 1650 Edd.
1461 1629 1590 1659 omneS,

881 1670 919 1696 ut
948 1666 1113 1698 censebat
1153 1667 1273 1698 Brant.
1333 1667 1424 1699 Nam
1455 1669 1592 1700 dicrotas

882 1721 996 1747 exstat
1011 1717 1044 1748 in
1062 1716 1149 1747 Edd.
1169 1716 1284 1749 Aldin.
1298 1718 1416 1759 Steph.
1433 1719 1589 1761 aliisque,

880 1771 918 1797 ut
949 1772 985 1798 et
1014 1767 1099 1798 Mss.
1135 1768 1255 1808 Cujac.
1298 1769 1422 1800 Petav.
1461 1770 1588 1811 Scalig.

880 1816 976 1848 Leid.
995 1827 1046 1857 pr.
1064 1822 1099 1849 et
1116 1818 1201 1850 aliis.
1226 1819 1360 1850 Dirotas
1374 1821 1472 1851 Voss.
1491 1821 1588 1859 Dejo-

878 1867 942 1898 tari
974 1868 1069 1899 Leid.
1103 1878 1171 1900 sec.
1213 1869 1334 1899 dicrota
1373 1880 1448 1901 cum
1479 1870 1589 1902 Baifio

878 1919 1022 1960 praefert
1049 1919 1214 1952 Scheffer.
1239 1921 1314 1951 Mil.
1342 1921 1432 1951 Nav.
1459 1931 1491 1961 p.
1511 1924 1585 1952 100.

876 1971 944 2001 Sed
959 1981 1062 2002 naves
1083 1981 1142 2002 seu
1159 1971 1234 2007 νῆας
1251 1970 1489 2011 subintelligit.
1530 1972 1587 2002 Ita

875 2022 1080 2061 speculatoria
1099 2021 1194 2052 ‘navis
1221 2021 1363 2060 Caesari,
1387 2021 1496 2061 Livio,
1521 2023 1584 2052 διο.

876 2072 980 2112 dicta,
1012 2073 1055 2104 ab
1081 2073 1197 2104 Hirtio
1228 2077 1372 2104 vocatur
1396 2076 1405 2090 ‘
1425 2073 1585 2104 Catasco-

876 2123 949 2163 pus’
977 2125 1016 2156 Β.
1041 2123 1149 2155 Afric.
1172 2134 1202 2155 c.
1223 2127 1276 2155 26.
1301 2129 1336 2155 et
1359 2124 1483 2155 Isidor.
1505 2134 1583 2156 mx.

876 2179 906 2206 1.
932 2176 1025 2206 Male
1048 2177 1272 2216 exploratorem
1296 2175 1437 2216 exponit
1459 2175 1584 2207 Cellar.

875 2225 990 2257 Πίον-οε
1005 2227 1059 2257 vel
1075 2226 1176 2257 dieres
1191 2226 1246 2257 hic
1262 2225 1318 2256 alii
1333 2226 1432 2257 male.

919 2278 936 2306 5
965 2276 1150 2315 posteroque
1172 2275 1217 2306 ibi
1245 2277 1296 2306 die
1314 2275 1398 2315 fuit,
1420 2277 1492 2307 dum
1513 2286 1584 2308 suas

874 2329 1069 2369 captivasque
1095 2338 1187 2360 nares
1210 2329 1361 2370 reficeret.
1398 2329 1477 2360 Post
1502 2330 1584 2361 diem

874 2387 918 2409 111
948 2378 1120 2418 contendit]
1157 2378 1259 2410 Hanc
1291 2378 1428 2420 quidem
1468 2379 1586 2411 lectio-

873 2438 951 2460 nem
978 2430 1128 2460 retinent
1155 2429 1256 2460 editt.
1281 2430 1376 2460 Rom.
1404 2430 1492 2461 ven.
1517 2430 1581 2460 Be-

872 2480 979 2511 roald.
997 2484 1031 2510 at
1047 2480 1114 2511 Ms.
1135 2480 1277 2511 Norvic.
1294 2480 1431 2511 exhibet
1447 2483 1583 2520 postero-

871 2541 928 2571 que
943 2530 988 2561 ibi
1004 2531 1066 2570 die,
1082 2531 1155 2561 dum
1176 2540 1248 2561 suus
1270 2531 1468 2571 captivasque
1490 2540 1582 2561 nares

870 2581 1023 2623 reficeret,
1045 2584 1238 2621 consumpto.-
1263 2581 1359 2622 cujus
1379 2591 1459 2611 saue
1483 2580 1581 2612 Codi-

870 2631 917 2662 cis
934 2631 1138 2672 scripturam
1154 2630 1314 2672 praefero‚
1337 2631 1501 2662 distincta
1515 2630 1578 2661 hoc

870 2682 971 2713 modo
988 2683 1141 2713 oratione
1155 2693 1162 2713 ε
1183 2686 1365 2723 posteroque
1377 2681 1419 2711 ibi
1434 2682 1495 2720 die,
1507 2681 1579 2711 dum

869 2742 940 2764 suas
965 2732 1161 2772 captivasque
1198 2741 1291 2762 nat-es
1328 2730 1478 2771 reficeret,
1508 2740 1578 2761 con-

869 2787 1002 2823 sumpto,
1023 2786 1093 2823 post
1121 2782 1202 2812 diem
1229 2789 1274 2812 111
1299 2780 1468 2811 contendit.
1521 2780 1577 2812 Sic
