1850 3109
413 216 518 245 cuir.
549 204 619 245 34.
655 213 748 242 Lm.
786 213 846 241 nu
882 212 1036 241 BELLO
1070 212 1221 241 ALEx.
1425 202 1536 243 1551

87 313 122 340 et
147 309 246 349 paulo
273 313 367 349 post;
391 309 441 338 ‘si
472 310 713 347 permanerent
749 305 782 334 in

88 358 153 389 side
182 358 292 397 reges!
344 357 419 395 Vel,
452 355 608 397 qnoniam
640 356 673 385 in
705 364 785 385 non-

87 409 187 440 nuliis
205 409 287 439 Mss-
299 407 462 447 scriptum
477 405 786 445 est‚confirm‹1relur

85 459 172 497 regis
194 457 373 498 imperium,·
396 455 540 486 fortasse
566 455 630 493 legi
648 455 785 495 poterit,

86 510 318 552 confirmaretur
333 518 439 546 regum
457 508 629 546 imperium.
679 507 785 537 Clark.

88 562 200 593 Meam
231 560 461 600 conjecturam
486 559 561 590 Pal.
592 560 709 590 Codex
733 559 786 590 fir-

87 617 170 644 mat.
194 610 304 642 Daris.
335 620 404 641 cur.
437 620 505 640 sec.
566 610 688 649 Regum
713 611 786 651 jam

88 661 196 692 edidit
209 660 287 691 oiim
307 661 348 691 R.
360 660 566 701 Stephanus.
599 660 646 691 Ut
663 661 786 701 passim

87 720 201 752 regem
218 716 253 741 et
274 710 425 751 reginam
443 710 554 741 vocari
579 710 787 741 notissimum

89 766 151 793 est.
196 762 322 792 Verum
336 761 442 801 majus
459 761 553 791 uicus
568 760 675 791 latere
693 764 787 799 puto.

90 813 333 854 Cmfiaemaretur
358 812 520 853 imperium
549 816 600 841 est
630 811 664 841 in
690 810 787 841 Leid.

89 874 157 895 sec.
185 863 274 895 Edd.
290 864 428 894 Vascos.
446 862 579 903 Gryph.
607 866 696 902 post.
719 861 789 892 Str.

88 914 344 956 confirmarentur
367 914 453 953 regis
488 913 652 953 imperinm
678 912 789 951 Bong.

88 966 183 997 Voss.
206 965 290 1004 Regi
309 964 402 996 Leid.
419 974 471 1005 pr.
489 968 524 995 et
539 964 666 995 Lovan.
687 962 792 1002 Regni

92 1016 186 1047 Leid.
203 1025 271 1047 sec.
319 1014 366 1046 At
395 1015 512 1046 Petav.
538 1014 623 1053 regis
649 1014 790 1054 imperio.

90 1066 182 1097 Puto
200 1065 417 1097 scribendum
438 1066 690 1107 confirnmrentur
705 1072 794 1103 reges

89 1115 230 1156 imperio,
246 1116 316 1146 sive
331 1117 363 1145 in
379 1115 516 1155 imperio.
544 1114 647 1153 Regia
662 1114 793 1153 imperia

90 1165 240 1206 conjecit
260 1165 405 1205 Lipsius.

134 1219 172 1249 11
193 1216 371 1257 Relinquit]
395 1217 446 1248 Ex
460 1217 545 1247 Mss.
562 1215 650 1256 Reg.
663 1215 791 1246 Eliens.

92 1271 127 1298 et
143 1267 270 1306 Vossii,
297 1267 474 1305 tegendum
497 1266 632 1297 videtur
654 1265 791 1305 reliquit.

95 1318 202 1350 Clark.
249 1318 304 1349 Ita
321 1318 470 1358 reposui,
490 1316 691 1358 jubentibus
708 1316 792 1348 Mss.

94 1368 248 1400 omnibus
277 1374 313 1400 et
341 1368 427 1399 Edd.
455 1367 584 1408 primis,
613 1367 694 1397 item
711 1366 792 1397 Vas.

93 1419 227 1460 Gryph.
246 1423 334 1459 post.
347 1419 466 1459 Steph.
484 1418 635 1458 aliisque.
666 1417 794 1448 Verum

94 1469 237 1509 amplius
261 1468 402 1500 turbant
428 1468 512 1499 Mss.
558 1469 646 1500 Nam
670 1468 793 1498 Petav.

94 1519 203 1560 Bong.
222 1519 320 1550 Voss.
343 1519 471 1550 habent
496 1520 616 1559 legione
641 1518 687 1549 ibi
715 1522 794 1549 rete-

93 1580 170 1602 rana
185 1589 228 1594 --
243 1574 361 1601 ceteras
375 1571 525 1610 reliquit:
549 1574 584 1601 at
597 1569 797 1608 Leidenses,

96 1619 211 1651 Palat.
251 1621 332 1651 Lov.
360 1621 495 1660 legiones
523 1620 580 1651 ibi.
644 1621 797 1652 Veterum:

95 1669 272 1711 (veteranas
286 1671 367 1701 Lov.
390 1670 465 1701 Pal.
482 1669 606 1710 Bong.)
620 1673 736 1701 ceteras
750 1680 797 1701 re-

97 1720 198 1761 liquit.
234 1721 307 1753 Nec
324 1722 420 1751 male.
455 1721 583 1752 Omnes
596 1729 689 1759 vero,
708 1720 797 1760 quod

99 1771 214 1811 sciam,
243 1776 281 1802 ut
310 1776 345 1803 et
375 1771 463 1803 Edd.
495 1771 632 1802 Vascos.
665 1771 797 1812 Gryph.

97 1827 185 1864 post.
213 1822 358 1861 Stradae,
389 1822 471 1853 dant
498 1822 651 1852 Reduc-ta.
698 1821 798 1854 Quod

99 1882 159 1904 cur
175 1872 338 1904 mutarint
365 1872 464 1912 primi
489 1872 649 1912 editores,
673 1872 798 1903 nescio.

98 1922 296 1954 Praesertiin
327 1932 405 1954 cum
435 1923 584 1953 deducere
612 1922 797 1962 praecedat.

99 1973 189 2004 Dein
206 1983 332 2012 regumn
347 1977 376 2003 et
400 1973 563 2013 imperium
579 1973 682 2004 etiam
696 1977 749 2003 est
765 1973 799 2003 in

101 2023 169 2055 Ms.
187 2024 315 2054 Lovan.
333 2030 365 2053 et
384 2023 470 2054 Edd.
489 2023 629 2055 Mediol.
648 2023 798 2054 Florent.

102 2078 137 2106 at
153 2074 193 2105 R.
211 2074 402 2114 Stephanus
419 2078 550 2105 tantum
567 2073 675 2104 edidit
697 2083 800 2104 eorum

101 2134 241 2164 regnum,
264 2125 397 2156 seilicet
422 2131 459 2155 ut
477 2125 656 2162 vitaretur,
683 2123 799 2163 credo,

102 2174 263 2215 repetitio
279 2184 396 2205 vocum
412 2184 520 2213 regum
534 2174 708 2214 imperium.

147 2226 186 2254 13
210 2223 464 2263 Permanseraut]
532 2224 612 2253 Mss.
649 2224 735 2264 Reg.
765 2227 801 2254 et

102 2274 213 2306 Vossii
236 2277 461 2314 pernmnereut.
520 2273 654 2304 Neutra
682 2273 801 2304 Lectio

102 2324 200 2356 mala.
225 2325 333 2355 Clark.
356 2324 422 2355 Sed
441 2325 574 2364 vulgata
585 2324 705 2355 nititur
718 2324 800 2355 Mss.

104 2375 357 2414 vetustioribus,
374 2380 409 2405 et
423 2375 575 2415 sequitur
598 2375 625 2404 si
646 2384 803 2414 permane-

103 2429 183 2457 rent.
213 2426 433 2457 Permanerent
450 2426 550 2456 etiam
564 2425 676 2456 Palat.
692 2425 802 2465 Bong.

104 2475 198 2508 Leid.
215 2486 283 2507 sec.
298 2480 529 2517 permanserunt
545 2476 674 2506 Lovan.

149 2530 189 2559 19
214 2529 390 2567 Collocatis,
416 2528 480 2568 ipse
510 2527 620 2558 itinere
645 2526 804 2566 terrestri]

107 2577 173 2608 Ms.
189 2578 329 2609 Norvic.
353 2579 406 2609 Sic
427 2578 516 2608 rebus
535 2577 676 2608 omnibus
689 2577 806 2614 consec-

108 2626 150 2656 tis
165 2630 194 2657 et
205 2628 355 2659 collocatis
366 2629 502 2669 penitus,
519 2629 630 2659 itinere
647 2627 802 2658 terrestri.-

109 2678 208 2709 editt.
231 2684 344 2711 autem
367 2679 525 2711 Beroald.
551 2680 720 2719 collocatis,
740 2679 806 2719 ipse

111 2728 220 2760 itinere
243 2730 390 2768 pedestri,
412 2739 487 2770 qnae
511 2739 592 2760 vera
614 2734 667 2760 est
692 2729 806 2768 lectio,

111 2779 221 2810 altera
233 2783 346 2810 autem
360 2788 403 2810 ex
419 2779 631 2811 Glossemate
647 2784 701 2810 est
717 2784 806 2810 nata.

835 302 929 334 Infra
946 314 1020 345 cap.
1035 307 1088 336 41.
1112 304 1120 320 ‘
1136 303 1265 334 Partim
1290 302 1398 333 classe
1415 313 1473 343 per
1490 314 1538 341 se,

836 356 961 395 partim
986 355 1178 395 pedestribus
1203 354 1311 395 copiis
1335 364 1396 394 per
1421 354 1538 384 barba-

837 407 912 437 ros!
960 408 1060 439 Corn.
1093 408 1221 447 Nepos,
1252 406 1363 437 Aicib.
1396 416 1425 436 c.
1453 411 1483 437 8.
1508 410 1538 436 2.

835 458 955 490 ‘Quod
981 458 1176 498 pedestribus
1201 457 1308 497 copiis
1338 458 1411 498 pius
1439 466 1538 497 quam

837 509 977 538 navibus
995 509 1146 538 valerent
1163 507 1182 544 ;’
1208 507 1264 538 ubi
1290 507 1366 537 vide
1389 516 1463 547 quae
1481 516 1539 536 no-

838 559 924 589 tavit
943 558 1020 588 Chr.
1038 558 1215 588 Cellarins.
1248 557 1303 588 Sic
1320 557 1422 587 etiani
1442 557 1544 587 Fron'·

840 610 929 639 tinus
945 610 1094 648 Strateg.
1114 618 1134 639 1.
1151 611 1181 638 3.
1198 612 1229 638 G.
1251 609 1390 648 proelium
1402 608 1542 647 pedestre

839 658 947 689 navali
966 658 1119 698 opponit.
1166 658 1232 689 Adi
1251 659 1350 689 etiam
1368 662 1485 689 notata
1498 659 1539 689 ad

838 709 978 749 hujusce
1010 709 1085 739 iibri
1117 719 1146 739 ο.
1181 712 1232 739 26.
1267 709 1376 740 Daris.
1432 709 1542 740 Recte

840 761 924 791 vidit
951 761 1112 791 Davisius
1136 770 1177 791 ex
1205 760 1298 791 Edit.
1317 760 1477 791 Boi—oaldi
1495 761 1542 791 le-

840 811 997 850 gendum,
1018 811 1131 842 itinere
1148 812 1313 852 pedestri.
1360 811 1493 842 Etenim
1509 812 1542 842 in

841 864 907 894 Ms.
932 863 1057 902 Vossii,
1085 864 1131 894 ita
1159 864 1258 904 plane
1286 863 1449 904 scriptum
1479 867 1542 894 est.

841 915 896 952 Et,
912 914 977 955 (nti
1003 924 1106 955 supra
1134 919 1187 945 est
1213 918 1411 945 annotatum
1439 914 1481 944 ad
1512 924 1542 944 c.

841 965 912 1006 26.)
935 967 943 982 ‘
959 965 1026 997 iter
1042 966 1199 1005 pedestre
1215 970 1266 995 est
1286 964 1451 1005 profectio
1467 965 1545 996 Ter-

842 1027 891 1057 ra,
909 1022 978 1048 tam
995 1017 1147 1058 equitum
1165 1027 1263 1057 qnam
1278 1016 1453 1057 peditum!
1479 1017 1546 1047 Ne-

843 1078 908 1109 que
924 1068 1011 1099 enim
1026 1072 1156 1099 tantuin
1169 1068 1324 1107 pedestres
1334 1067 1439 1107 copioe,
1453 1066 1544 1107 apud

844 1117 948 1148 bonos
986 1122 1155 1157 auctores,
1189 1117 1278 1147 classi
1317 1121 1546 1156 opponuntur,

842 1166 950 1207 (quod
980 1167 1158 1197 annotavit
1190 1165 1386 1205 Davisius3)
1420 1167 1479 1197 sed
1511 1173 1547 1198 et

839 1215 968 1256 pedibus
992 1225 1034 1247 eo
1058 1216 1132 1257 quis
1156 1215 1204 1246 ire
1222 1215 1360 1254 dicitnr,
1378 1225 1443 1256 quo
1460 1219 1547 1247 terra

843 1267 990 1305 scilicet,
1006 1276 1072 1298 non
1097 1266 1177 1296 muri
1199 1265 1442 1306 proficiscitur.
1488 1265 1548 1297 Su-

844 1326 915 1357 pra,
931 1316 972 1348 ad
989 1317 1030 1348 B.
1048 1317 1120 1348 Civ.
1140 1326 1178 1347 ιι.
1197 1320 1270 1354 21.;
1295 1317 1303 1333 ‘
1320 1317 1445 1355 Cmsar,
1465 1320 1549 1357 post-

843 1378 933 1408 quam
950 1368 1089 1399 navibus
1114 1368 1271 1408 profectus
1290 1367 1407 1405 suisset
1423 1368 1547 1399 Tarra-

845 1428 978 1459 conem,
995 1427 1147 1450 Peninus
1164 1419 1306 1458 deinceps
1317 1418 1405 1460 (scii.
1423 1424 1548 1450 terres—

847 1469 890 1500 tri
919 1468 1058 1510 itinere)
1104 1469 1302 1500 Narbonem
1345 1472 1434 1509 atque
1477 1469 1550 1500 inde

846 1520 1033 1551 Massiliam
1046 1521 1220 1560 pervenisse
1235 1529 1266 1550 se
1282 1519 1413 1550 narrat!
1439 1520 1549 1550 Clark.

846 1569 935 1600 vide
958 1569 1060 1599 etiam
1086 1578 1115 1601 c.
1133 1571 1184 1600 32.
1200 1572 1251 1600 44.
1281 1569 1322 1600 Β.
1341 1569 1412 1600 Civ.
1438 1569 1462 1600 l.
1479 1570 1550 1609 ης

848 1622 900 1649 12.
945 1619 1013 1651 ‘Ut
1036 1627 1146 1660 neque
1172 1618 1323 1659 pedestri
1347 1618 1479 1659 itinere,
1494 1628 1552 1650 ne·

848 1678 913 1710 que
943 1669 1084 1700 navibus
1114 1673 1303 1700 commeatu
1329 1669 1444 1709 juvari
1477 1678 1552 1709 pos·

848 1719 939 1751 sint)
985 1720 1030 1751 Et
1054 1720 1177 1761 passim
1202 1725 1269 1750 tam
1295 1719 1384 1760 apud
1409 1718 1550 1750 Graecos

849 1780 946 1811 qnam
966 1771 1118 1802 Latinos.

892 1830 1020 1852 xxxrv.
1038 1824 1076 1852 11
1102 1821 1259 1861 Imperata
1281 1819 1340 1850 siba·
1354 1819 1476 1859 facere,
1499 1828 1552 1859 pe·

848 1872 1028 1911 cuniamque
1048 1872 1228 1911 promissam
1253 1870 1371 1900 Caesari
1389 1879 1447 1899 non
1466 1878 1555 1909 posse

847 1932 879 1953 se
891 1921 1080 1962 persolvere]
1121 1921 1222 1951 Hunc
1237 1920 1346 1950 locum
1365 1919 1411 1950 ita
1428 1928 1553 1959 reprae-

849 1977 985 2004 sentant
1015 1972 1080 2002 Ms.
1114 1971 1221 2002 Norv.
1255 1975 1290 2001 et
1321 1969 1422 2000 editt.
1454 1969 1554 2000 Rom.

850 2024 934 2054 Ven.
956 2021 1118 2053 Beroald.
1142 2022 1150 2038 ‘
1165 2020 1337 2060 Imperata
1364 2028 1399 2049 se
1425 2017 1554 2057 facere,

852 2073 1099 2114 pecuniamque
1117 2071 1316 2112 promissam
1343 2068 1470 2100 Caesari
1486 2078 1555 2100 non

853 2134 952 2166 posse
980 2123 1196 2164 persolvere,'
1227 2120 1317 2162 qnod
1348 2124 1386 2150 ut
1418 2119 1553 2150 brevius

852 2179 917 2213 est,
945 2174 992 2205 sic
1032 2181 1128 2213 aeque
1165 2170 1376 2201 commodum
1405 2169 1554 2200 videtur.

852 2226 962 2256 Ducis.
1009 2224 1093 2255 Mss.
1118 2223 1202 2261 Reg.
1220 2221 1345 2251 Eliens.
1374 2224 1409 2250 et
1433 2219 1558 2259 Vossii,

853 2282 889 2308 et
905 2276 1015 2307 Editt.
1033 2275 1128 2305 Vett.
1143 2273 1295 2312 imperata
1322 2281 1357 2302 se
1369 2271 1489 2308 succre,
1504 2280 1557 2309 pe-

853 2326 1032 2365 cuniamque
1177 2333 1235 2353 non
1262 2331 1348 2362 posse
1377 2320 1556 2360 persolvere.

855 2375 955 2409 Quod
979 2375 1067 2406 idem
1089 2378 1155 2405 est:
1182 2372 1355 2413 praecipue
1383 2371 1424 2410 si,
1450 2375 1558 2401 trans-

856 2427 968 2468 posito
1008 2424 1184 2462 vocabulo,
1218 2423 1354 2461 legatur
1387 2421 1559 2461 persolvere

854 2488 913 2508 non
926 2486 1022 2517 posse.
1051 2475 1160 2505 Clark.
1211 2472 1381 2512 Rescripsi
1400 2481 1461 2512 pro
1483 2471 1557 2510 sibi,

857 2527 944 2568 quod
960 2531 1011 2557 est
1028 2526 1060 2556 in
1078 2525 1148 2556 solo
1167 2524 1275 2554 Paiat.
1298 2533 1341 2559 se,
1368 2527 1404 2553 et
1422 2521 1500 2553 dein
1515 2531 1559 2559 se,

856 2577 945 2618 quod
969 2577 1014 2607 ibi
1039 2576 1149 2606 nullus
1179 2575 1279 2604 hain-t
1307 2573 1437 2611 Codex,
1462 2571 1558 2611 ejeci.

857 2629 1042 2668 vulgatum
1062 2627 1186 2664 primus
1204 2626 1253 2654 im
1263 2624 1333 2653 exit
1348 2623 1465 2653 Aldus.
1489 2619 1556 2650 Sed

856 2679 996 2709 Vascos.
1015 2686 1162 2718 quoque,
1178 2674 1311 2713 Gryph.
1330 2677 1415 2711 post.
1433 2675 1469 2700 et
1483 2671 1559 2700 Ste-

857 2729 985 2768 phanus
1000 2727 1109 2759 secuti
1136 2728 1214 2756 suut
1240 2723 1421 2754 lectionem
1449 2719 1559 2750 Msto-

858 2787 943 2810 rum.
