1850 3109
428 221 532 251 οΛΡ.
563 210 613 250 7.
646 218 740 248 mn.
776 219 837 248 nr.
872 217 1028 247 nmmo
1063 217 1216 246 Anax.

98 320 236 361 ‘aquam
253 318 372 350 salsam
389 316 526 354 factam,
546 318 625 353 &c.,
641 314 799 344 extimes-

99 370 223 401 cebant
239 369 343 399 multo
356 365 512 405 gravius!
529 365 608 405 quia
621 363 799 404 tutotrcce-

100 421 181 451 (lere
199 430 262 450 nou
282 427 378 459 posse
395 426 430 447 se
447 415 648 446 eredebant.

142 475 160 501 5
191 469 293 501 Celari
322 467 548 498 Alexandrinos
570 464 705 506 possent]
744 465 798 495 lta

100 522 202 560 vulgo
226 519 324 550 hodie
346 518 517 556 exhibent,
535 517 624 558 quod
652 527 671 547 a
697 517 801 547 Scali-

101 580 225 610 gerana
252 569 313 600 Ed.
344 567 534 609 profectum
561 568 716 606 videtui-3
741 567 799 597 scd

99 621 132 651 in
154 620 217 652 Ed.
236 621 348 650 Elzev.
375 630 405 649 a.
435 622 527 650 1675.
554 619 664 649 iuveni
691 620 800 648 celare.

99 670 327 703 Alexandrinos
342 675 393 700 est
412 679 544 710 qnoque
561 669 593 699 in
612 668 699 699 Edd.
715 669 800 698 Ven.

100 726 136 752 et
153 721 304 751 Florem.
352 720 392 750 In
416 720 554 760 reliquis
581 719 736 750 omnibns
765 723 800 749 ct

99 771 182 802 Mss.
221 771 382 802 scribitur
418 771 512 801 celari
565 769 801 801 Alexandr-inis.

101 820 199 854 Quod
215 820 340 851 idcirco
358 820 505 858 restitui,
517 825 553 850 ut
571 819 659 859 apud
676 820 802 858 Nepot.

99 870 134 900 in
152 869 332 900 Alcibiade
360 880 389 901 c.
405 874 436 901 5.
462 873 470 886 ‘
489 870 528 900 ld
546 869 716 900 Alcibiadi
733 869 804 900 diu-

103 921 168 952 tius
185 921 286 952 celari
301 930 365 951 nou
382 920 514 960 potuit?
546 921 672 950 Verum
692 925 804 950 tamen

101 972 186 1002 Mss.
204 971 327 1011 Scalig.
343 975 378 1001 ct
395 971 492 1001 voss.
514 971 640 1001 liabent
666 971 804 1001 Alexan-

100 1022 196 1053 drini.
243 1022 342 1054 Quod
359 1021 570 1061 praeferrem,
584 1027 621 1052 ut
635 1021 802 1052 usitatius.

103 1073 224 1104 Cicero
252 1074 344 1103 Fam.
364 1081 397 1103 v.
415 1076 446 1102 2.
474 1073 483 1089 ‘
501 1076 534 1102 tc
551 1082 570 1101 a
586 1070 692 1101 fratre
709 1071 750 1101 dc
767 1080 803 1101 re

103 1123 250 1154 celatum
263 1121 362 1152 csse!
402 1121 552 1151 Frontin.
571 1129 610 1150 11.
626 1123 656 1150 7.
674 1124 704 1151 6.
722 1121 730 1137 ‘
750 1130 804 1150 ce-

100 1172 178 1203 latis
194 1177 230 1202 et
245 1171 396 1201 hostibus
420 1175 452 1201 et
472 1169 654 1199 militibus!
699 1170 805 1199 Plura

102 1223 181 1254 vide
197 1221 287 1263 apud
313 1221 464 1252 Broukh.
482 1219 523 1250 ad
550 1219 675 1250 Tibull.
704 1228 727 1250 1.
750 1221 804 1249 91.

101 1272 110 1289 ‘
128 1273 205 1304 Non
220 1281 284 1312 ego
300 1271 403 1303 celari
420 1269 566 1310 possim?
601 1271 708 1301 Recte
724 1279 805 1309 ergo

103 1323 230 1354 dicitur
260 1320 471 1353 Alexandrini
501 1321 650 1359 celantur,
693 1324 728 1349 ct
756 1319 805 1350 illi

103 1374 242 1405 celantur
267 1370 502 1408 Alexandrinis,
530 1370 550 1400 i.
568 1379 597 1399 e.
617 1370 724 1400 latent
743 1369 803 1399 iis:

105 1433 171 1454 non
203 1432 283 1453 vero
318 1422 365 1452 illi
399 1422 538 1451 celantur
566 1419 806 1450 Alexandrinos.

104 1473 190 1504 Dari
207 1472 355 1503 debebat
379 1471 591 1511 exemplum:
617 1470 674 1500 ubi
691 1479 740 1499 res
760 1479 807 1499 ce-

105 1524 187 1554 latur
202 1532 248 1553 me
267 1531 329 1563 pro
349 1531 404 1561 ego
417 1522 496 1551 celor
511 1520 598 1551 illam
618 1530 685 1550 rem
701 1520 755 1550 vel
771 1520 808 1549 de

103 1574 159 1604 illa
184 1582 218 1603 re
241 1576 410 1604 occurrat.
456 1570 605 1611 Reposui
636 1570 739 1611 igitur
761 1571 807 1600 A·

105 1624 318 1659 Lexand1·in1's‚·
355 1632 419 1653 non
461 1632 559 1652 ausus
598 1620 760 1651 recedere
789 1630 808 1650 a

106 1674 278 1714 plerisque.
308 1673 392 1703 Mss.
422 1671 561 1703 favente
592 1671 732 1702 Heinsio
765 1670 807 1701 ad

107 1723 211 1755 ovid.
228 1724 322 1754 Fast.
340 1732 389 1752 lv.
415 1725 489 1753 149.
514 1722 572 1752 sed
597 1721 723 1751 inclino
740 1730 809 1751 ma-

107 1774 158 1813 gis
175 1774 208 1805 in
224 1773 443 1805 Alexandrini.
488 1772 576 1803 Vide
594 1772 719 1803 ibidem
736 1772 808 1803 Cel.

108 1825 224 1855 Burm.
250 1828 287 1854 et
309 1824 350 1853 ad
377 1822 542 1855 Quinctil.
569 1823 668 1853 Decl.
698 1831 752 1853 lx.
779 1825 808 1852 2.

107 1876 116 1891 ‘
137 1873 238 1906 Quod
270 1873 342 1913 ipse
372 1873 503 1903 celatus
534 1871 603 1903 sit.’
656 1873 748 1903 Dein
777 1872 810 1902 1ιί

108 1925 218 1957 delevi
233 1924 438 1956 auctoritate
455 1923 578 1955 Petav.
598 1923 688 1954 Scal.
713 1922 808 1953 Leid.

108 1985 159 2017 pr.
183 1976 293 2016 Bong.
322 1985 341 2005 a
365 1984 408 2004 m.
437 1983 488 2013 pr.
514 1973 612 2005 Voss.
642 1983 718 2014 quae
745 1982 810 2003 vox

109 2025 228 2057 turbat
255 2034 410 2055 sensum:
446 2023 525 2065 quia
555 2023 711 2064 sequitur
734 2023 809 2059 illis,

111 2086 158 2108 sc.
172 2075 424 2107 Alexandrinis.

154 2128 192 2156 11
222 2125 278 2163 Ut,
287 2124 314 2154 si
326 2124 403 2154 mihi
413 2122 599 2161 defendendi
610 2126 709 2153 essent
715 2122 811 2153 Alea·-

111 2175 247 2214 andrini,
259 2176 336 2215 quod
347 2184 440 2214 neque
446 2173 577 2210 fallaces
591 2176 701 2213 essent,
715 2183 811 2213 neque

111 2224 286 2265 temerarii]
310 2224 403 2255 Editi
420 2228 569 2261 veteres,
589 2223 633 2253 Ut
643 2228 710 2253 tum
722 2224 811 2262 mihi,

111 2279 164 2317 &a
202 2277 270 2307 Ms.
288 2277 372 2315 Reg.
394 2285 463 2305 cum
486 2277 519 2304 ut
545 2284 615 2313 non,
639 2275 690 2313 δῖε.
725 2275 810 2305 Mss.

113 2327 238 2358 Elicns.
255 2331 290 2357 et
305 2325 430 2363 Vossii‚
453 2328 489 2354 ut
504 2324 813 2355 mihi—Alexandri-

112 2377 155 2414 ni,
173 2387 266 2417 neque
269 2375 404 2414 fallaces
420 2378 530 2414 essent,

630 2386 642 2412 ;
658 2375 813 2415 multaque

113 2427 223 2465 oratio,
246 2428 297 2466 Ere.
343 2426 511 2466 Corrupto
540 2435 666 2456 omnes.
710 2426 812 2457 Exhi-

114 2477 236 2508 bendae
253 2482 366 2508 tamen
381 2476 482 2507 variae
507 2476 683 2515 lectiones,
709 2476 812 2517 siquis

115 2527 194 2558 iude
206 2527 377 2558 meliorem
390 2527 527 2567 vulgata
541 2525 632 2557 forte
649 2526 813 2558 extunde-

115 2585 153 2607 re
162 2577 280 2617 possit.
298 2577 440 2608 Interim
448 2577 586 2618 vulgata
595 2588 661 2609 non
670 2579 814 2608 multum

116 2626 249 2657 videtur
259 2627 549 2667 reprehendenda.
576 2629 683 2660 Clark.
729 2629 814 2660 Cum

117 2676 185 2707 Ms.
210 2677 296 2717 Reg.
321 2677 491 2708 consentit
512 2678 608 2709 Voss.
634 2678 668 2708 in
687 2689 755 2709 cum
779 2682 816 2709 ut

120 2736 190 2757 non.
223 2727 332 2767 Bong.
354 2731 389 2758 ut
405 2738 496 2768 quum
518 2729 614 2760 mihi.-
637 2732 703 2760 lum
726 2729 816 2760 Edd.

121 2775 362 2808 Med.·Veuet.
386 2777 474 2810 Flor.
519 2779 654 2821 Reliqui
678 2782 714 2810 ut
741 2779 818 2811 mihi

1441 207 1554 248 1535

849 322 924 343 cum
944 311 1031 342 Edd.
1048 311 1186 341 vascos.
1201 311 1319 351 steph.
1336 310 1470 351 Gryph.
1491 316 1555 343 &cu

851 364 942 398 Quod
969 364 1064 394 abest
1091 363 1132 393 ab
1162 364 1244 394 Mae.
1265 363 1417 393 omnibus
1442 369 1476 393 et
1503 364 1556 393 iis-

851 414 926 446 dem
946 416 1031 446 Edd.
1057 416 1211 454 mellaque
1227 413 1325 443 aratia
1349 419 1399 443 rest
1420 413 1450 443 in
1476 413 1553 444 Pet.

852 467 973 505 Scalig.
1015 466 1109 496 Leid.
1142 475 1191 506 pr.
1223 464 1323 494 Voss.
1364 464 1436 494 Pal.
1475 464 1556 495 Lov.

852 518 959 547 Dorv.
993 521 1026 546 ct
1052 515 1137 546 Eild.
1165 514 1296 545 iisdem.
1344 513 1443 546 Quod
1473 513 1498 543 si
1529 514 1557 543 si

852 567 977 605 deleas,
1002 567 1155 596 eumdem
1174 575 1307 596 sensum
1325 565 1462 598 vulaato
1487 562 1556 594 effi-

853 617 910 648 cit.
957 617 1071 649 Quare
1088 617 1120 646 in
1147 626 1181 646 re
1199 615 1330 646 lubrica
1348 614 1556 654 conjecturis

853 667 1031 707 indulgere
1050 667 1138 697 nolo.
1187 666 1312 696 Omnia
1330 675 1435 706 usquc
1458 665 1499 695 ad
1521 664 1557 695 fi-

852 727 928 748 nem
946 718 1069 759 capitis
1093 718 1135 748 de
1158 718 1371 748 Glosscmatc
1400 721 1559 756 suspecta

854 772 932 798 sunt
949 767 1113 798 Grutero.

900 819 954 858 Ut,
969 821 996 849 si
1012 820 1102 859 mihi,
1116 819 1182 859 sa]
1208 819 1298 850 Edit.
1317 820 1413 850 Rom.
1430 817 1555 848 Venet.

854 870 1014 901 Beroald.
1029 870 1157 901 habent
1173 874 1207 901 ut
1221 874 1285 900 lam
1298 869 1384 909 mihi,
1397 870 1452 907 ἑξϊ.
1493 869 1559 899 Ms.

855 924 965 951 autem
994 919 1135 950 Norvic.
1164 923 1198 950 ut
1214 920 1289 950 milii
1311 919 1492 956 defendendi
1516 928 1563 949 es-

852 974 919 1001 sent
944 971 1165 1010 Alexandrini,
1189 981 1284 1010 neque
1303 969 1436 1007 falbices
1459 972 1559 999 essent

854 1030 949 1060 neque
982 1021 1152 1051 temerarii.
1218 1021 1377 1051 Testatur
1423 1019 1558 1059 quidem

854 1071 1158 1110 Joan.G0duinus‚
1182 1071 1293 1102 locum
1319 1080 1391 1101 esse
1420 1079 1558 1109 corrup-

855 1126 939 1160 tum,
963 1127 998 1152 et
1016 1121 1162 1152 Codices
1179 1122 1288 1162 Mstos
1313 1121 1456 1159 variare,
1481 1130 1563 1160 quo-

856 1181 930 1200 rum
951 1171 1077 1201 utinam
1103 1171 1255 1200 diversas
1281 1170 1441 1200 lectione<
1470 1169 1563 1199 exhi-

856 1221 994 1252 buisset.
1040 1220 1217 1261 Loquendi
1235 1228 1315 1250 sane
1341 1219 1458 1249 modus
1476 1219 1562 1249 xitu-

857 1272 969 1312 perari
1000 1281 1066 1302 non
1108 1274 1244 1310 potest:
1292 1270 1434 1300 eandem
1474 1269 1561 1299 cuim

857 1322 994 1362 phrasin
1020 1321 1160 1352 adhibet
1183 1321 1303 1352 Cicero
1328 1320 1431 1351 Offic.
1457 1323 1561 1351 111.7.

857 1372 913 1403 ubi
938 1373 1010 1403 ait:
1040 1371 1214 1402 ‘Primum
1242 1372 1418 1402 Panaetius
1441 1371 1474 1401 iu
1499 1371 1562 1402 hoc

855 1422 1062 1459 defendendus
1078 1425 1134 1460 est,
1160 1422 1238 1461 qaod
1266 1431 1331 1451 non
1358 1421 1457 1452 utilia
1484 1430 1562 1451 cum

857 1474 1005 1505 honestis
1045 1483 1195 1514 pugnare
1242 1472 1422 1514 aliquando
1463 1481 1564 1512 posse

859 1523 1009 1555 dixerit!
1055 1523 1232 1560 Attamen,
1250 1523 1315 1552 nisi
1330 1522 1564 1561 fallor,latens

859 1579 910 1605 est
941 1574 1120 1605 mendum:
1159 1583 1235 1604 nam
1261 1573 1343 1604 licet
1376 1573 1566 1603 temeritatis

859 1624 943 1655 vitio
964 1624 1175 1654 laborassent
1200 1623 1435 1660 Alexandrini,
1458 1622 1499 1652 de
1524 1631 1565 1652 eo

861 1674 984 1715 agendi
999 1675 1052 1705 hic
1067 1684 1135 1704 non
1153 1678 1227 1705 erat
1243 1675 1350 1704 locus,
1397 1673 1565 1704 Rescribe

860 1726 976 1765 itaque
990 1727 1068 1765 qaod
1090 1735 1184 1765 neque
1192 1724 1325 1762 fallaces
1338 1728 1447 1762 essem,
1472 1733 1566 1763 neque

863 1785 1119 1807 VETERATORH.
1168 1775 1322 1815 Hujusce
1350 1775 1425 1805 libri
1458 1784 1486 1805 c.
1513 1777 1565 1805 24.

862 1828 871 1843 ‘
890 1826 964 1857 Etsi
988 1825 1144 1856 fallacem
1172 1833 1307 1866 gentem
1337 1825 1396 1865 (de
1421 1824 1567 1855 Alexan-

861 1876 968 1906 drinis
996 1875 1164 1916 loquitur)
1197 1884 1398 1915 semperque
1423 1874 1488 1905 alia
1513 1884 1567 1905 co-

862 1927 1042 1967 gitantem,
1069 1926 1135 1956 alia
1148 1925 1372 1963 simulantem,
1389 1924 1474 1955 bene
1490 1934 1568 1964 cog-

862 1977 968 2008 nitam
1004 1976 1173 2008 habebat.¹
1234 1975 1437 2016 Propertius
1467 1975 1566 2015 Eleg.

862 2036 917 2058 111.
934 2030 965 2058 9.
989 2029 1040 2058 33.
1063 2027 1072 2043 ‘
1089 2026 1202 2057 Noxia
1227 2025 1457 2059 Alexandrea,
1483 2024 1567 2055 dolis

860 2078 1033 2118 aptissima
1060 2077 1183 2109 tellus:
1233 2076 1323 2109 Quin
1353 2079 1387 2106 et
1415 2080 1489 2106 tota
1514 2074 1569 2106 ΗΞ-

861 2129 1055 2170 gyptiorum
1083 2128 1176 2159 natio
1200 2126 1376 2158 fraudibus
1403 2131 1440 2158 et
1457 2136 1570 2156 versu-

862 2180 918 2210 tiis
935 2179 1020 2210 adeo
1037 2184 1111 2210 erat
1129 2177 1258 2215 dedita,
1283 2181 1319 2207 ut
1338 2175 1566 2216 Etymologici

862 2229 981 2269 Magni
998 2229 1146 2269 scriptor
1161 2225 1382 2266 Αἶγυπτιάζειν
1402 2227 1571 2266 interpre-

863 2283 956 2309 tetur
972 2276 1201 2318 πανουργεύειν.
1226 2278 1337 2308 Dacis.
1386 2276 1567 2317 Ingeniose

862 2329 1061 2366 admodum;
1086 2328 1145 2359 sed
1171 2327 1396 2368 exspectandi
1421 2327 1567 2358 codices.

865 2379 972 2409 Clark.
1019 2378 1068 2409 At
1083 2378 1160 2408 vide
1174 2388 1249 2409 cum
1265 2377 1315 2408 Cl.
1328 2376 1473 2415 1173εεί0,
1489 2386 1567 2407 num

863 2430 1024 2461 temerarii
1040 2429 1142 2460 iidem
1160 2429 1240 2467 sint,
1259 2427 1315 2468 qui
1341 2426 1485 2466 falsarii,
1512 2427 1570 2468 qui

863 2480 965 2512 fidem
994 2485 1164 2512 temerant
1192 2483 1229 2510 et
1253 2478 1392 2509 violant.
1436 2477 1569 2508 Passim

863 2534 1014 2562 temerare
1036 2540 1138 2566 sacra,
1155 2530 1249 2569 leges,
1267 2533 1302 2560 et
1318 2528 1453 2566 similia,
1478 2526 1568 2568 quod

865 2591 885 2612 a
908 2581 1083 2612 temeritate
1100 2580 1229 2610 dictum
1256 2582 1321 2616 est,
1347 2583 1437 2608 teste
1454 2577 1568 2606 Festo.

865 2632 953 2663 Vide
971 2631 1105 2662 omnino
1132 2630 1187 2660 Ill.
1212 2628 1330 2659 Heius.
1354 2627 1394 2656 ad
1419 2626 1507 2656 Vell.
1527 2633 1567 2655 ιι.

866 2686 920 2713 60.
966 2682 1068 2713 Ovid.
1084 2680 1158 2711 Am.
1173 2689 1198 2710 1.
1215 2682 1245 2709 8.
1281 2688 1323 2708 ex
1345 2678 1457 2706 Ponto
1475 2684 1516 2705 11.
1534 2678 1566 2707 2.

867 2737 902 2762 et
916 2731 1064 2762 Broukli.
1078 2730 1120 2761 ad
1134 2730 1239 2768 Prop.
1256 2736 1296 2757 11.
1314 2729 1364 2756 15.
1377 2728 1431 2756 21.
1465 2724 1571 2765 Hinc,

868 2782 878 2799 ‘
896 2781 1100 2812 intemerata
1115 2778 1224 2818 fide&
1240 2776 1384 2817 Virgilio
1397 2779 1433 2807 et
1447 2775 1533 2808 aliis.
