1850 3109
469 189 571 218 cm».
593 176 662 215 90.
704 185 796 214 mn.
826 185 888 215 DE
921 186 1077 215 nri-Lm
1117 187 1277 220 Arme.

142 283 366 314 ‹lim-rentiam
383 282 486 322 ipsius
504 281 542 312 L.
560 281 705 319 Cas-aris,
722 281 778 321 qui
796 281 840 311 lo-

144 333 321 373 quebatur.
369 331 457 362 Alibi
481 340 627 371 quoque,
653 331 712 361 sed
742 331 840 361 raris-

140 383 233 418 sime,
250 382 282 412 iu
307 382 355 412 liis
379 381 628 411 commentariis
653 381 840 421 praesigilui·

141 432 259 462 Coesari
288 441 383 462 suum
415 441 619 470 praenomeu.
672 431 738 462 Adi
771 443 839 462 om-

141 483 218 512 nino
233 482 275 512 ad
291 482 330 512 B.
350 482 423 512 Civ.
442 490 466 512 1.
482 484 511 512 1.

179 540 336 563 mxxxix.
361 534 380 561 3
420 531 598 572 Habuerat]
629 531 698 562 Aut
727 532 838 572 legeu-

139 581 227 620 dum,
242 581 391 613 hubebat:
414 586 471 612 aut
496 581 591 620 illud,
613 582 774 621 habuerat,
792 583 838 612 ita

136 631 379 671 accipiendum,
391 636 428 662 ut
443 631 612 672 significet
627 633 836 663 collocaverat.

134 681 221 712 Vide
239 692 339 722 supra
356 682 397 712 ad
412 692 440 712 c.
457 685 509 713 76.
526 683 542 722 ξ
559 685 589 712 3.
617 683 727 712 elurlc.

177 735 198 763 6
223 733 265 767 Q.
290 733 432 772 Ligario,
458 733 494 763 C.
514 733 661 762 Considio
677 732 763 773 filio,
785 733 836 773 qui

135 786 201 813 lum
226 782 269 812 ibi
289 782 413 822 suerat]
453 783 491 813 In
523 782 596 812 aliis
626 783 664 817 Q.
694 783 836 823 Ligario,

134 834 171 862 (¹.
203 832 438 874 Consitliifllw,
458 833 510 872 qui
532 835 610 873 tum,
631 834 683 871 ὅγε.
709 833 767 864 sed
792 843 834 864 ex

134 882 199 912 Ms.
231 882 336 913 Norv.
361 882 593 922 reponendum
626 883 666 918 Q.
694 884 835 924 Ligario,

136 934 174 963 C.
200 933 344 963 Considio
360 933 446 974 filio,
469 933 520 972 qm·
542 936 608 963 tum
629 933 674 963 ibi
692 933 834 973 fuerant,

132 984 249 1014 caesar
271 984 358 1014 enini
383 984 536 1025 utrisque
560 984 739 1017 Adrumeti
763 991 833 1017 tum

131 1033 308 1071 agentibus
324 1034 427 1064 vitum
454 1036 631 1066 concessit.
658 1037 769 1068 Daris.
794 1038 832 1069 C.

131 1083 290 1114 Considio
311 1084 396 1124 filio,
427 1083 574 1116 fuerant.
615 1086 670 1116 Ila
694 1096 736 1117 ex
764 1088 831 1118 Ms.

128 1133 253 1164 Eliensi
279 1139 374 1164 recte
399 1134 535 1173 reponit
558 1135 726 1165 Davisius.
760 1137 832 1166 Fir-

128 1188 200 1215 mat
224 1184 289 1215 Ms.
309 1183 446 1224 Regius.
486 1183 579 1214 Edili
604 1184 742 1223 liabent,
757 1185 830 1222 sue-

127 1237 188 1265 rat.
235 1234 333 1266 Quod
361 1244 401 1264 ex
419 1234 458 1265 iis
477 1234 659 1265 Codicibus
682 1235 831 1276 irrepsit,

128 1284 162 1314 in
181 1283 299 1325 quibus
327 1285 490 1324 scriptum
512 1290 599 1324 erat,
623 1287 660 1316 C.
679 1286 829 1317 Considii

116 1333 268 1374 filio‚85c.
303 1336 409 1366 Clark.
444 1336 537 1366 Male
565 1337 605 1371 Q.
622 1337 765 1377 Ligario,
789 1339 827 1368 C.

128 1385 357 1427 Considiifiz'io
383 1386 425 1416 de
449 1395 515 1416 uno
537 1386 682 1426 homine,
698 1387 829 1418 intelli-

128 1439 212 1474 gunt
230 1436 344 1476 vulgo,
362 1436 450 1467 unde
474 1437 647 1468 Manutius
670 1447 730 1478 pro
744 1437 829 1478 filio,

124 1487 226 1525 iegato
260 1487 419 1527 reposuit,
454 1492 489 1517 et
529 1487 718 1528 Glandorp.
753 1497 829 1519 cum

125 1535 188 1566 Ed.
213 1535 346 1576 Gryph.
374 1541 410 1567 et
440 1537 554 1568 Plant.
582 1538 716 1577 Ligurio
739 1538 830 1568 exhi-

124 1584 284 1616 buerunt.
331 1586 471 1617 Rectius
493 1588 632 1619 Vascos.
655 1588 775 1628 steph.
793 1593 828 1619 et

125 1635 256 1676 Grypli.
274 1640 360 1676 post.
376 1639 406 1666 et
427 1637 464 1667 C.
482 1637 621 1667 considit·
635 1638 718 1679 filio.
763 1640 829 1669 Ve-

124 1696 196 1717 rum
231 1688 376 1718 Considio
410 1687 571 1719 exhibent
609 1689 712 1719 etiam
750 1690 828 1721 Pet.

125 1736 202 1766 L'rs.
220 1736 307 1767 Scal.
323 1741 358 1768 et
376 1737 474 1768 Leid.
499 1747 548 1778 pr.
576 1737 684 1769 Immo
706 1743 741 1769 et
755 1738 828 1777 sue·

123 1789 196 1816 runt
212 1787 360 1818 servavit
377 1787 467 1818 idem
480 1788 671 1820 Leidensis.

166 1840 186 1867 9
209 1837 378 1878 Subitoque
392 1848 424 1869 se
444 1840 483 1869 ad
496 1849 598 1878 genna
613 1839 755 1880 projecit]
786 1841 827 1871 In

123 1888 190 1919 Ms.
218 1888 324 1919 Norv.
347 1898 408 1928 pro
434 1894 549 1920 vetere
576 1890 748 1921 scribendi
775 1901 827 1921 ra-

120 1937 211 1968 tione
224 1938 349 1978 legitur
362 1939 497 1979 proicit;
520 1940 670 1971 rescribe
685 1940 824 1981 projicit,

121 1987 164 2018 ob
193 1988 297 2019 verba
316 1989 478 2029 praesentis
503 1991 662 2031 temporis,
689 1991 825 2032 quibus-

121 2048 197 2070 cum
220 2048 260 2070 ea
285 2049 350 2070 vox
376 2040 606 2072 connectitur.
631 2041 742 2071 Dacis.
768 2042 823 2072 De

121 2098 212 2120 moi-e
228 2090 405 2121 Davisium
419 2090 473 2122 hic
488 2091 642 2132 sequitur
656 2091 822 2123 Clarkius.

123 2139 169 2170 At
196 2141 263 2172 mei
297 2151 413 2173 omnes
452 2143 666 2182 praeteritum
692 2143 822 2182 projecit

119 2195 266 2221 sewum.

164 2243 201 2271 ll
226 2241 292 2271 Pro
315 2251 372 2272 sua
394 2241 524 2281 natura]
555 2242 609 2273 Sic
632 2242 715 2273 Mss.
735 2242 822 2282 Reg.

117 2293 156 2321 et
167 2290 288 2322 Vossii.
310 2291 522 2331 Elegantius,
535 2296 573 2322 ut
588 2292 669 2322 mihi
686 2292 820 2333 quidem

116 2339 263 2371 videtur.
309 2341 402 2372 Editi
419 2344 450 2372 et
470 2351 528 2382 pro
553 2351 616 2372 sua.
643 2342 752 2373 Clark.
778 2343 821 2373 Et

115 2390 214 2421 abest
237 2391 343 2421 solum
367 2401 384 2422 e
412 2392 642 2423 recentissimo
664 2392 820 2424 Leidens.

116 2449 184 2471 sec.
215 2446 251 2472 et
281 2441 368 2473 Edd.
403 2442 502 2473 Vasc.
534 2442 652 2483 Steph.
685 2443 818 2484 Gryph.

115 2495 204 2530 post.
227 2492 330 2522 Male.
348 2497 468 2522 ‹ronti-a
482 2502 562 2524 vero
586 2493 685 2525 Leid.
710 2504 764 2535 pr.
787 2498 818 2525 et

115 2549 178 2580 pro
192 2550 216 2571 s.
230 2545 354 2572 natum.
370 2545 400 2572 et
417 2552 476 2582 pro
492 2543 647 2574 instituto.
676 2543 816 2584 Optime

115 2592 262 2629 repetita
293 2593 556 2632 pia-positione;
590 2593 633 2624 de
661 2604 727 2635 qua
756 2605 816 2627 sae-

116 2639 191 2679 plus
220 2643 358 2681 egimus.
405 2643 544 2674 Rectius
578 2647 608 2674 et
637 2644 817 2677 delevisset

117 2694 196 2722 ante
223 2691 260 2722 L.
278 2693 371 2724 Ceuoe
392 2693 480 2734 (sive
508 2695 630 2735 Ocellae‚
644 2700 683 2727 ut
706 2696 816 2728 Aldus

116 2738 288 2772 Manutius
311 2743 485 2783 emendat)
507 2745 704 2778 auctoribus
729 2747 816 2779 Mss.

1487 179 1599 222 16:39

892 279 1058 317 omnibns,
1074 286 1109 310 ct
1126 280 1212 310 Edd.
1231 281 1356 320 primis,
1370 292 1407 311 :ic-
1427 284 1596 325 plerisque

892 331 985 361 Voti.
1003 330 1167 361 suadente
1184 331 1256 370 ipso
1273 336 1446 361 contextu.

936 384 972 410 15
1000 380 1192 419 Circilcrqite
1216 384 1331 410 nam—tem
1359 381 1522 411 Iunonibus
1549 394 1598 413 uc-

890 431 988 461 censis
1015 431 1136 460 Uticam
1157 430 1313 470 persenit]
1347 432 1476 461 ῘνόιἸιίιι
1501 438 1595 464 recte

892 481 1160 520 praetermittunt
1188 480 1303 519 Cujac.
1323 480 1444 510 Petav.
1464 481 1596 514 anlid.

890 535 926 561 ct
942 532 1047 561 Norv.
1068 530 1205 560 vir-citer
1217 530 1381 560 luminibus
1395 531 1530 562 accensis
1542 538 1597 563 est

889 581 965 620 ἀμφὶ
977 581 1035 617 τὴν
1049 582 1224 620 λυχναψίαν
1240 582 1289 612 vel
1303 581 1503 620 λυχνοκαΐαν.
1528 583 1595 614 Da-

888 632 944 662 tis.
963 641 1034 662 cur.
1059 642 1127 662 soc.
1155 632 1336 672 (lira-umque
1357 639 1409 663 cst
1426 633 1458 663 iu
1477 633 1595 672 Cujac.

890 682 1021 713 Noctem
1051 681 1155 712 etiam
1184 692 1249 712 non
1282 688 1471 723 :ignoscunt
1498 683 1593 715 Leid.

889 741 940 771 pr.
965 741 1027 762 nec
1052 731 1140 762 Edd.
1167 733 1263 762 Rom.
1288 733 1375 763 Veu.
1405 733 1500 765 Med.
1522 734 1595 774 Op-

887 781 980 812 time.
1022 782 1116 813 Nota
1149 786 1202 812 cst
1230 783 1353 813 locutio
1381 784 1487 823 prima
1505 784 1591 822 sace.

886 830 1024 871 Apulei.
1042 832 1183 863 Metam.
1201 833 1223 862 l.
1241 841 1279 863 11.
1297 843 1330 873 p.
1344 836 1395 864 27.
1422 834 1484 864 Ed.
1499 835 1591 866 Prie.

885 881 894 897 ‘
912 880 1026 912 Prima
1047 880 1122 912 face
1142 882 1335 913 cubiculum
1352 888 1445 914 tuum
1463 885 1592 917 adero!

886 930 977 963 Gell.
1000 940 1108 962 xvm.
1136 935 1165 962 1.
1189 932 1197 948 ‘
1217 932 1300 963 Cum
1321 933 1394 973 jam
1411 934 1518 974 prima
1534 933 1591 965 fax

883 981 1017 1012 noctis!
1064 982 1170 1013 Immo
1196 982 1372 1014 censorin.
1390 984 1432 1014 de
1454 985 1508 1015 die
1525 986 1593 1016 Na-

885 1033 945 1062 tali
968 1043 998 1064 c.
1022 1035 1074 1064 24.
1099 1035 1107 1049 ‘
1126 1033 1212 1064 Post
1228 1033 1259 1063 id
1277 1034 1430 1074 sequitui·
1445 1039 1591 1075 tempus,

884 1083 974 1122 quod
991 1083 1145 1120 dicimus,
1161 1084 1326 1114 luminibus
1340 1085 1486 1124 accensis,
1504 1086 1591 1116 auti-

883 1132 940 1171 qui
966 1134 1071 1172 prima
1088 1133 1173 1171 face,
1200 1134 1383 1165 dicebant!
1428 1135 1516 1166 Vide
1541 1135 1587 1166 ibi

882 1181 1110 1222 Lindenbrog.
1139 1184 1267 1213 Contra
1282 1188 1440 1223 extrcmoe,
1455 1194 1532 1215 seroe
1547 1185 1592 1215 lu-

880 1241 979 1262 cernae
1007 1232 1158 1263 Martiali
1188 1236 1225 1262 et
1251 1233 1433 1273 Propertio
1457 1243 1512 1264 111.
1536 1237 1588 1265 1.:

880 1281 938 1312 ubi
962 1281 1040 1312 vide
1063 1282 1289 1322 Interpretes.
1336 1283 1447 1324 Supra
1475 1289 1588 1315 tamen

880 1341 910 1363 c.
939 1336 992 1363 56.
1025 1332 1115 1364 dixit
1144 1333 1152 1349 ‘
1170 1334 1284 1364 Nocte
1309 1333 1382 1374 jani
1405 1334 1588 1366 luminibus

879 1383 1030 1413 accensis
1044 1382 1064 1414 :¹
1089 1383 1153 1414 nisi
1172 1388 1206 1414 et
1221 1384 1292 1414 illic
1309 1385 1427 1415 malles
1447 1384 1485 1415 τὸ
1501 1389 1588 1416 nocte

880 1432 994 1464 delere
1009 1443 1016 1463 :
1036 1443 1098 1474 pro
1109 1443 1148 1464 eo
1161 1435 1202 1464 ad
1214 1435 1330 1465 lumina
1344 1435 1431 1466 dixit
1444 1436 1587 1468 Sueton.

878 1485 912 1515 in
929 1485 1040 1525 Calig.
1059 1494 1089 1516 c.
1109 1488 1158 1517 15.
1175 1490 1209 1516 et
1226 1485 1291 1516 alii.
1325 1485 1426 1517 Adde
1444 1486 1588 1518 Gruteri

878 1535 1010 1576 Suspic.
1033 1546 1066 1576 p.
1087 1538 1158 1567 158.
1193 1536 1297 1568 Uncis
1324 1537 1439 1578 itaque
1466 1538 1587 1569 inclusi

879 1595 998 1617 vocem
1021 1590 1149 1617 noctem.
1194 1587 1316 1619 Paullo
1343 1592 1421 1628 post
1443 1598 1524 1619 vero
1554 1590 1587 1619 in

878 1637 1022 1676 oppidum
1043 1636 1168 1668 introiit
1182 1638 1339 1678 rescripsi
1355 1638 1423 1670 fide
1438 1639 1587 1680 integer-

878 1686 1038 1716 rimorum
1075 1687 1237 1718 Codicum
1266 1688 1390 1719 Petav.
1422 1695 1458 1720 et
1488 1690 1584 1722 Leid.

878 1746 928 1777 pr.
946 1737 996 1767 uti
1012 1741 1047 1767 et
1062 1736 1203 1768 Aicardi
1220 1738 1286 1768 Ms.
1312 1748 1374 1778 pro
1391 1739 1536 1771 Caesaris
1551 1745 1587 1771 et

877 1787 987 1818 Hirtii
1014 1787 1127 1828 stylo:
1167 1788 1267 1828 vulgo
1299 1790 1495 1830 praepositio
1526 1791 1583 1822 ab·

876 1841 961 1867 erat.

919 1898 976 1920 xc.
1001 1892 1020 1919 3
1048 1890 1140 1921 (rives
1167 1891 1205 1920 R.
1230 1894 1262 1921 ut
1286 1891 1458 1931 prodirent,
1474 1892 1584 1932 edicit]

876 1938 1040 1969 Notanda
1054 1940 1290 1971 Constructio:
1307 1941 1356 1972 sic
1370 1951 1472 1982 supra
1483 1952 1514 1973 c.
1528 1945 1581 1973 20.

873 1989 882 2005 ‘
897 1990 1115 2031 Sagittasque
1139 1991 1189 2021 uti
1206 1990 1329 2022 fierent
1344 1992 1489 2023 curare!
1527 1993 1582 2024 Sic

873 2040 965 2080 apud
999 2041 1212 2082 Terentium,
1248 2042 1256 2058 ⁴
1274 2042 1376 2072 Illum
1406 2047 1444 2073 ut
1478 2043 1583 2084 vivat,

873 2095 1012 2130 optant?
1037 2093 1145 2124 Clark.

915 2144 934 2172 S
959 2143 1012 2173 Ita
1034 2146 1148 2183 tamen,
1167 2146 1216 2183 ut,
1239 2144 1292 2184 qui
1313 2154 1417 2174 eorum
1434 2143 1512 2175 bona
1526 2154 1582 2175 sua

871 2193 1064 2234 redemisset,
1084 2204 1117 2225 se
1141 2194 1284 2226 bonorum
1307 2195 1514 2226 venditionem
1534 2195 1581 2225 in-

871 2244 1048 2283 ducturum,
1068 2248 1097 2274 et
1122 2245 1285 2284 pecuniam
1312 2246 1434 2276 mulctoe
1458 2245 1582 2277 nomine

873 2294 1053 2333 relaturum,
1066 2297 1097 2324 ut
1114 2294 1357 2325 incolumitatem
1369 2295 1503 2325 retinere
1510 2305 1581 2335 pos-

870 2343 952 2382 smt]
985 2343 1038 2374 lta
1055 2343 1164 2375 edidit
1178 2344 1330 2385 Scaliger
1346 2350 1381 2375 et
1399 2346 1580 2377 Recentio-

872 2404 944 2424 rum
961 2394 1127 2436 plerique.
1160 2395 1386 2426 Durissimuui
1401 2401 1527 2436 tamen,
1541 2400 1578 2426 ut

868 2444 968 2476 istam
982 2446 1132 2486 priorem
1154 2450 1189 2477 ut
1212 2452 1374 2487 sequatur
1389 2447 1513 2478 Modus
1529 2448 1577 2478 in-

868 2493 1030 2526 finitivus.
1077 2496 1205 2535 Quare,
1222 2496 1341 2527 omis-a
1366 2497 1429 2527 ista
1445 2497 1577 2536 vocula,

868 2544 998 2587 (quam,
1014 2551 1092 2586 post
1113 2555 1229 2584 voceS,
1253 2547 1298 2576 ita
1321 2549 1434 2581 tamen,
1450 2546 1483 2575 iu
1504 2547 1576 2585 ple·

868 2596 980 2637 risque
1015 2596 1196 2628 Codicibus
1231 2596 1409 2637 ingessisse
1443 2594 1575 2626 videtur

869 2647 1101 2678 Librariorum
1127 2644 1328 2687 imperitia,)
1344 2646 1431 2684 lege,
1446 2654 1489 2674 ex
1504 2645 1572 2675 Ms.

868 2697 997 2728 Eliensi
1023 2702 1059 2729 et
1084 2697 1244 2728 Editione
1272 2696 1434 2734 Romana,
1457 2694 1503 2725 ita
1527 2698 1574 2726 ta-

867 2756 947 2787 men,
962 2748 1014 2787 qui
1036 2756 1140 2778 eorum
1162 2746 1239 2778 bona
1261 2754 1319 2776 sua
1344 2744 1395 2787 (in
1418 2745 1484 2776 Ms.
1504 2745 1571 2777 Eli·
1617 2779 1621 2781 ,
