1850 3109
221 136 333 178 1816
648 148 685 178 J.
719 147 856 178 cersi
893 148 1247 179 COMMENTARM

219 259 337 296 genus
349 247 532 292 exercuit,
544 247 685 298 quibus
694 247 742 285 ad
761 254 941 285 terrorem
952 254 1178 285 caeterorum
1194 248 1360 298 praeeisis
1375 247 1549 285 manibus
1559 247 1673 285 vitam

219 309 341 347 dedit.
397 311 468 349 Per
489 312 558 349 lios
580 313 679 361 ipsos
698 312 779 349 dies
802 312 991 349 Labienus
1011 313 1178 361 equestri
1210 312 1339 361 proelio
1359 313 1547 349 Treveros
1571 312 1674 355 vicit,

219 373 332 422 [169]
347 376 568 425 multosque
587 389 717 412 eorum
738 389 782 411 ac
795 376 1079 412 Germanorum
1097 377 1162 424 qui
1177 377 1229 412 eis
1244 377 1404 414 tulerant
1421 376 1674 425 tulissentque

219 437 398 475 omnibus
419 447 552 475 eontra
581 439 773 475 Romanos
801 438 996 483 auxilinm,
1018 439 1234 476 interfecit:
1266 440 1407 476 multos
1430 453 1475 476 ex
1498 439 1678 489 principi-

219 499 290 538 bus
305 502 410 538 vivos
425 503 551 551 cepit;
587 509 623 539 et
649 502 844 540 Lucterius
866 502 1068 539 Cadurcus
1086 516 1199 552 quem
1219 503 1358 540 victum
1379 516 1400 540 a
1422 504 1568 540 Cannio
1590 517 1677 553 pro-

220 562 359 613 fugisse
390 565 612 609 memoravi,
644 579 729 602 cum
764 565 992 603 erchenrime
1029 572 1193 603 mutaret
1224 566 1404 615 hospitia,
1437 573 1479 603 ut
1508 568 1572 617 qui
1604 567 1676 605 sibi

219 627 314 663 male
345 628 524 664 conscius
557 641 743 678 nusquam
777 635 900 666 tutum
932 643 972 666 se
1005 636 1178 679 putaret:
1221 636 1260 667 et
1290 630 1342 666 sic
1367 643 1482 679 vagus
1515 631 1610 668 forte
1639 631 1676 669 in

219 702 352 727 manus
372 691 535 728 venisset
565 691 794 741 Erpasnaeti
815 693 980 736 Alverni,
1002 693 1068 742 qui
1090 693 1186 730 inter
1214 700 1267 730 tot
1291 694 1423 742 patriae
1450 708 1528 731 suae
1550 702 1676 732 motus

218 766 369 803 semper
387 755 595 792 amicitiam
626 755 758 805 populi
780 756 942 792 Romani
964 769 1039 793 uno
1070 756 1158 793 fidei
1190 763 1318 794 tenore
1352 765 1581 802 servaverat,
1611 771 1679 808 per

217 830 303 854 eunt
339 818 488 855 vinetus
519 819 566 855 ad
590 819 781 856 Caesarem
810 825 866 855 est
888 818 1112 868 perductus.
1159 821 1288 857 Rebus
1316 822 1446 870 itaque
1476 822 1522 858 ad
1546 830 1676 860 votum

219 879 442 926 fluentibus,
459 883 586 920 Caesar
605 883 708 920 omni
725 883 852 920 Gallia
872 883 1084 932 perdomita
1099 897 1209 920 suum
1228 884 1408 930 credidit,
1432 885 1678 934 Aquitaniam

217 943 306 982 licet
327 958 396 994 per
415 946 557 994 legatos
579 947 717 984 vietam
739 960 806 996 per
825 961 862 983 se
884 947 1000 991 adit-«2,
1020 947 1241 998 ibidemque
1263 962 1373 997 agere
1395 949 1486 998 quid
1509 963 1680 999 superes·

218 1016 275 1046 set
295 1010 449 1046 testatis.
492 1011 546 1047 Eo
568 1011 681 1061 igitur
695 1011 908 1060 profectus,
930 1026 1062 1049 omnes
1084 1013 1164 1050 illas
1185 1020 1314 1057 terrm,
1333 1013 1534 1060 incertum,
1552 1022 1679 1052 utrum

219 1072 352 1121 majori
390 1074 575 1112 felicitate
612 1089 659 1112 an
698 1075 892 1113 celeritate.
928 1078 1170 1127 composuit:
1211 1091 1298 1115 cum
1338 1079 1511 1115 certatim
1549 1092 1680 1116 omnes

219 1137 342 1185 primo
357 1137 440 1187 ejus
459 1138 626 1177 adventu
643 1147 681 1178 et
702 1140 859 1177 obsides
873 1140 1022 1178 adeum
1045 1142 1251 1186 mitterent,
1271 1149 1308 1179 et
1328 1142 1486 1192 legatos,
1502 1143 1680 1192 eligentes

219 1200 518 1239 benivolentiam
559 1204 654 1240 tanti
690 1204 759 1240 viri
797 1204 922 1254 potius
960 1218 1076 1254 quam
1108 1206 1320 1255 potentiam
1354 1206 1530 1255 experiri.
1589 1207 1681 1244 Inde

218 1265 445 1303 Narbonam
475 1267 581 1312 adiit,
614 1267 825 1317 divisisque
862 1267 1077 1317 legionibus
1112 1282 1180 1318 per
1214 1270 1397 1319 hyberna,
1419 1269 1473 1306 sic
1509 1277 1549 1307 ut
1577 1270 1682 1308 nulla

217 1341 307 1378 pars
328 1330 469 1367 Gallia}
491 1331 676 1380 praesidiis
696 1344 814 1368 vacua
837 1339 948 1376 esset,
971 1332 1048 1382 ipse
1070 1333 1231 1382 cognitis
1254 1333 1352 1370 inter
1371 1333 1540 1371 eundum
1557 1334 1681 1372 causis

219 1392 467 1442 populorum,
495 1395 543 1432 ad
576 1395 679 1445 qnod
710 1409 821 1433 nemo
850 1396 989 1446 aptior,
1021 1410 1130 1434 nemo
1162 1397 1233 1434 suit
1259 1396 1420 1441 facilior,
1454 1398 1615 1448 cognitis
1645 1406 1683 1436 et

220 1457 363 1494 meritis
385 1458 632 1506 singulorum,
663 1465 701 1496 et
727 1473 798 1509 pro
821 1460 1001 1497 varietate
1028 1460 1249 1498 meritorum
1272 1462 1395 1511 poenis
1425 1468 1490 1498 aut
1520 1462 1684 1511 praemiis

218 1521 440 1570 assignatis;
468 1523 538 1560 iter
555 1522 659 1560 flexit
676 1523 711 1560 in
727 1523 880 1573 Belgas:
904 1523 956 1560 ibi
977 1524 1191 1573 proximam
1214 1524 1390 1574 hyemem
1404 1525 1499 1573 egit:
1521 1538 1681 1576 corpore

219 1584 347 1622 forsan
381 1587 553 1632 otiosior,
574 1599 691 1636 quam
712 1594 838 1631 aetate,
873 1588 940 1624 sed
971 1601 1047 1625 non
1080 1589 1233 1625 animo:
1273 1595 1311 1625 et
1332 1601 1566 1638 quamquam
1588 1601 1685 1638 prae-

218 1650 348 1687 teritas
375 1663 445 1700 per
477 1651 632 1701 hyemes
653 1651 699 1688 ad
731 1651 973 1701 sequentium
995 1664 1143 1701 semper
1172 1659 1350 1689 mstatum
1371 1652 1470 1689 bella
1498 1652 1682 1692 sollicitus

220 1713 364 1759 fuisset,
384 1728 485 1752 nnnc
516 1728 588 1752 una
619 1715 672 1753 illi
693 1729 785 1753 cura
817 1722 898 1753 erat
926 1729 1037 1754 omne
1071 1716 1158 1753 belli
1179 1729 1306 1753 semen
1333 1716 1568 1766 extinguere,
1588 1717 1683 1755 nihil

218 1779 340 1822 armis,
363 1779 429 1816 sed
451 1780 577 1816 omnia
593 1780 750 1817 mitibus
766 1780 874 1825 actis,
893 1781 1076 1818 dulcibus
1093 1781 1217 1818 verbis
1233 1793 1360 1830 agere,
1377 1781 1521 1818 amicos
1536 1787 1682 1818 veteres

220 1855 380 1887 servare,
403 1856 524 1879 novos
545 1857 729 1892 quaerere,
752 1844 846 1880 nulli
865 1845 1005 1881 malum
1029 1844 1168 1889 faeere,
1193 1845 1292 1881 bona
1312 1844 1502 1890 omnibus,
1524 1845 1575 1882 nil
1595 1844 1684 1882 novi

220 1905 382 1955 ⁸⁵operis
401 1907 597 1955 imponere
618 1907 746 1944 multis
768 1905 818 1943 ⁸⁶»
829 1908 941 1944 eteris
958 1908 1017 1944 vel
1039 1908 1209 1945 minuere
1231 1907 1287 1945 vel
1310 1907 1484 1945 auferre:
1517 1907 1684 1958 <lenique

220 1969 341 2006 modis
360 1970 539 2006 omnibus
560 1984 707 2015 curare,
730 1979 771 2008 ut
792 1971 994 2009 discedens
1015 1979 1191 2021 pacatam
1220 1971 1451 2021 relinqueret
1471 1971 1683 2021 regione1113

219 2041 257 2069 et
292 2040 465 2071 cessante
497 2034 598 2071 bello
628 2034 676 2071 ad
712 2035 950 2085 triumphum
982 2035 1145 2079 rediens,
1174 2035 1358 2072 victorem
1389 2036 1600 2072 exercitum
1630 2050 1686 2074 re-

220 2097 392 2142 duceret,
415 2097 520 2147 qnod
556 2097 627 2134 sibi
657 2098 878 2147 contingere
908 2099 1008 2136 bello
1035 2099 1196 2136 durante
1232 2112 1307 2136 non
1328 2106 1500 2149 poterat:
1536 2099 1684 2137 effecit-

221 2175 295 2210 qne
310 2168 464 2211 sperato
481 2176 637 2211 quoqne
652 2162 797 2199 facilins
814 2163 918 2212 quod
935 2164 1118 2213 optabat:
1150 2163 1261 2213 [170]
1283 2176 1367 2200 nam
1383 2171 1419 2200 et
1436 2163 1517 2213 ipse
1531 2163 1579 2201 ad
1597 2164 1686 2201 talia

220 2238 370 2274 semper
402 2226 573 2263 omnium
604 2226 920 2264 efficacissimus:
959 2239 1030 2263 nec
1062 2226 1161 2263 bello
1183 2239 1299 2276 qnam
1330 2226 1580 2270 affabititate;
1614 2240 1683 2264 nec

224 2296 325 2326 :netu
347 2303 460 2338 qnam
484 2290 692 2327 conciliatu
728 2290 925 2327 hominum
955 2289 1098 2339 major:
1139 2296 1177 2326 et
1207 2289 1307 2326 fessa
1342 2289 1448 2326 bellis
1469 2290 1600 2327 Gallia
1621 2304 1688 2340 ap-

219 2352 483 2400 petentissima
522 2355 627 2401 pacis
663 2360 767 2389 erat:
816 2366 862 2389 eo
897 2366 1053 2402 quoque
1085 2353 1214 2402 magis,
1243 2365 1323 2401 quo
1359 2360 1396 2389 et
1429 2353 1507 2390 (lux
1537 2368 1687 2404 semper

221 2423 356 2452 natura
378 2415 492 2456 mitis.
515 2429 617 2452 nunc
639 2415 886 2453 mitissimus:
926 2422 963 2452 et
985 2415 1145 2464 parendi
1165 2415 1383 2453 melioribus
1397 2416 1569 2454 conditio
1590 2432 1688 2455 sem·

219 2492 286 2528 per
307 2479 528 2522 tolerabilis,
549 2492 649 2515 nunc
679 2478 859 2528 optabilis
889 2491 934 2514 ac
957 2478 1131 2515 libertate
1154 2478 1303 2516 ³⁷anxia
1325 2479 1545 2518 videbatur.
1597 2483 1684 2530 lpse

222 2543 374 2592 quidem
400 2543 578 2591 hybernis
601 2542 746 2579 exactis
766 2542 868 2592 apud
887 2542 1036 2591 Belgas,
1053 2542 1133 2591 jum
1153 2543 1380 2593 praesagiens
1403 2544 1512 2582 civile
1529 2545 1684 2590 bellum,

469 2693 506 2719 ὃ.)
528 2688 755 2727 laevam-12¹2
803 2694 842 2720 ΝΞ
865 2691 964 2729 lst‘w',
983 2696 1097 2720 intur«.
1146 2694 1183 2721 2⁴7
1208 2692 1445 2731 tf-Ji-tc‚1›·›tznr.
