1850 3109
419 176 524 207 οΛΡ.
552 164 624 204 66.
657 172 751 202 mn.
787 171 848 202 nn
882 170 1038 200 annno
1072 171 1225 201 ALnx.

97 269 190 311 loqui
223 269 336 301 solent
362 271 505 299 veteres.
551 265 592 297 In
619 263 706 297 Edd.
736 264 802 304 pri-

94 321 170 360 mis,
191 320 290 351 Vane.
312 317 432 358 Steph.
458 315 592 357 Gryph.
615 318 717 355 post„
737 317 802 346 ἃς.

95 370 223 409 legitur
244 370 271 400 d.
303 378 351 409 pr.
372 366 591 409 finitimosque
613 374 716 395 omnes
740 364 802 404 qui.

97 419 184 450 Mihi
211 419 344 450 videtur
365 426 422 457 que
450 425 525 447 esse
551 415 742 455 delendum,
762 425 800 446 ac

97 468 391 509 distinguendum:
429 467 606 507 Dynastas,
633 467 803 507 provinciae

84 521 252 563 sinicium-⁹.
275 520 327 560 qui
344 528 458 550 omnes.
485 518 571 550 Vide
589 519 629 549 B.
648 519 721 550 Civ.
744 527 800 550 111.

96 573 149 603 3.:
174 575 208 601 et
225 570 272 601 sic
288 578 379 609 saepc
399 569 519 600 Cicero
534 569 673 610 aliique.

138 629 234 652 nxvr.
258 623 278 651 2
301 620 490 660 Legionibus
509 620 684 662 Syriaeque]
713 620 800 652 Edd.

95 674 174 701 ante
197 670 368 709 Ursinum,
385 670 441 711 qui
463 680 481 701 e
505 681 565 702 suo
592 670 718 702 Codice
744 680 801 710 que

92 719 173 751 addi
202 720 322 760 voluit,
352 730 417 752 non
449 725 639 762 agnoscunt
670 720 801 751 encliti-

93 781 191 802 cam:
209 781 352 813 eamque
369 772 551 803 lectionem
570 770 711 812 praefert
726 771 802 803 Cel-

93 821 217 862 larius5
242 822 321 864 quia
341 822 450 854 Tacit.
475 822 568 854 Hist.
592 832 614 853 1.
636 825 689 854 76.
715 821 801 854 dixit

92 871 197 913 Syrioe
223 883 286 913 pro
310 873 458 914 Syriacas
481 873 627 913 legiones.
672 873 800 904 Verum

94 922 180 954 Mss.
199 924 276 964 Cuj.
295 924 372 955 Pet.
387 924 475 955 Scal.
496 928 532 955 et
548 924 670 965 reliqui
685 933 801 955 omnes

95 971 226 1004 addunt
240 973 278 1003 τὸ
290 984 357 1014 que.

138 1025 156 1053 3
184 1023 303 1054 Eadem
318 1025 413 1054 classe
428 1034 486 1064 qua
505 1023 646 1064 venerat]
678 1023 802 1055 Tradit

93 1075 197 1105 etiam
213 1074 383 1115 ,Iosephus
400 1075 520 1116 Antiq.
538 1083 612 1105 xiv.
625 1077 655 1105 S.
673 1077 704 1106 3.
729 1076 801 1106 Cae-

94 1134 204 1155 sarem
221 1124 263 1156 εἷς
284 1124 394 1164 Συρίαν
415 1125 619 1155 ἀποπλεῦσαι.
662 1125 800 1156 Diserte

95 1180 209 1207 tamen
227 1180 341 1206 noster
357 1184 460 1215 supra
483 1184 511 1205 c.
528 1177 580 1205 33.
604 1176 613 1190 ‘
632 1174 713 1214 Ipse
731 1175 800 1204 Cae-

93 1235 145 1256 sar
170 1226 294 1257 itinere
320 1225 454 1264 pedestri
484 1222 660 1264 profectus
687 1227 740 1255 est
766 1224 800 1254 in

93 1275 250 1316 Syriam.y
297 1275 395 1306 Adeo
424 1278 462 1305 ut
487 1275 520 1305 in
549 1273 665 1305 Hirtio
695 1273 800 1304 mani-

95 1326 185 1358 festa
205 1327 248 1357 sit
273 1323 500 1365 ἐναντιολογία,
521 1334 620 1365 quam
644 1323 801 1354 observa-

94 1377 143 1408 vit
166 1377 268 1408 etiam
293 1377 345 1407 vir
367 1384 513 1407 summus
536 1375 610 1407 Jac.
628 1374 800 1405 Usserius.

93 1426 183 1457 vide
199 1428 272 1468 ejus
296 1425 445 1457 Annales
468 1425 509 1456 ad
534 1434 658 1456 annum
685 1424 800 1456 mund.

94 1485 391 1509 Mmunccccnn.
432 1486 465 1517 p.
496 1479 569 1508 474.
599 1476 682 1507 edit.
712 1475 801 1508 Gen.

93 1529 206 1561 Dacis.
217 1538 288 1560 cur.
303 1538 371 1560 sec.

137 1583 179 1612 14
211 1579 376 1620 Lycomedi
397 1578 568 1620 Bithynia]
614 1577 707 1609 Editi
735 1587 803 1609 om-

93 1639 155 1662 nes
181 1630 225 1661 ad
251 1630 461 1670 Scaligerum
488 1638 593 1669 usque
618 1628 803 1661 Nicomedi

94 1680 269 1721 Bithynio,
298 1679 357 1711 sed
393 1679 444 1710 vir
480 1679 537 1710 ille
572 1688 720 1710 summus
759 1689 803 1710 ex

94 1731 276 1770 Strabone,
300 1734 337 1762 ut
358 1730 508 1770 videtur,
524 1729 674 1761 Hirtium
690 1739 803 1761 emen-

95 1781 213 1819 davit;
238 1781 265 1812 is
294 1780 382 1812 enim
406 1781 428 1811 l.
457 1788 523 1811 ΧΠ.
545 1790 578 1820 p.
602 1783 677 1811 558.
710 1780 801 1811 hunc

92 1830 294 1873 pontificem
318 1830 546 1871 Lycomedem
577 1834 690 1862 vocat.
735 1831 802 1862 Ve-

94 1891 170 1913 rum
188 1881 254 1912 alia
265 1880 481 1912 correctione
498 1879 610 1912 forsan
627 1881 733 1922 magis
750 1885 802 1913 est

96 1941 195 1974 opus,
208 1931 322 1964 Latini
343 1932 432 1962 enim
450 1941 515 1962 non
532 1932 732 1972 Bithyniam
752 1931 800 1963 di-

96 1988 189 2022 cunt,
211 1983 272 2014 sed
290 1983 485 2022 Bithynum.
508 1983 673 2014 Horatius
690 1983 758 2014 Od.
777 1992 801 2015 1.

95 2034 149 2066 35.
175 2036 208 2065 7.
245 2037 253 2052 ‘
270 2033 473 2074 Quicunque
496 2033 641 2074 Bithyna
663 2034 803 2065 lacessit

98 2083 318 2125 Carpathium
343 2087 483 2126 pelagus
506 2084 646 2116 carina!
673 2085 802 2117 Juven-

99 2137 162 2168 alis
190 2136 295 2168 Satir.
325 2146 394 2169 vn.
420 2141 473 2169 15.
510 2137 520 2155 ‘
537 2137 740 2178 Quanquam
767 2140 804 2167 et

100 2186 323 2227 Cappadoces
351 2187 492 2227 faciant,
519 2187 719 2229 equitesque
745 2187 805 2218 Bi-

96 2235 212 2277 thyni!
255 2238 306 2269 Ea
331 2238 434 2279 igitur
454 2237 563 2269 forma
586 2237 641 2268 hic
668 2237 805 2268 videtur

99 2287 304 2327 reponenda.
332 2288 445 2319 Dacis.
469 2288 559 2319 Dele
575 2297 596 2318 a
613 2297 719 2318 rerum
740 2287 805 2318 alia

98 2338 285 2369 correctione
300 2338 341 2368 ad
358 2337 460 2370 finem
484 2342 588 2377 notae,
615 2342 650 2369 et
677 2338 804 2370 deleto-

101 2396 173 2419 rum
196 2389 270 2420 loco
287 2398 432 2429 repone:
457 2390 498 2421 In
525 2389 593 2420 alia
615 2394 710 2421 certe
731 2400 804 2421 sen-

99 2439 209 2470 tentia
234 2439 300 2470 fuit
323 2440 537 2481 Ciacconius,
561 2441 619 2481 qui
647 2441 804 2472 Nicome-

101 2489 167 2521 den
194 2490 354 2523 Straboni
385 2491 630 2523 restituendum
661 2493 803 2524 censuit.

99 2539 148 2571 Et
171 2540 293 2572 merito
319 2541 468 2582 quidem.
513 2541 690 2582 Appianus
716 2543 803 2575 Bell.

103 2588 258 2621 Mithrid.
275 2601 307 2631 p.
323 2594 396 2623 420.
412 2591 474 2622 Ἢν
486 2592 534 2632 (ἐν
557 2591 708 2630 Κομᾶνοις
722 2592 801 2634 ἱερω-

102 2635 212 2677 σύνην)
232 2638 273 2670 εἰς
292 2645 509 2672 ΝΙΚΟΜΗΔΗ
529 2641 719 2681 μετήνεγκεν
743 2642 803 2673 ἀπὸ

104 2685 286 2726 Ἀρχελάου.
331 2691 378 2721 Ut
405 2691 532 2722 Caesari
563 2693 656 2732 quasi
687 2694 804 2732 postli-

103 2737 207 2770 minio
229 2739 437 2784 reddendum
457 2742 503 2772 sit
525 2751 724 2775 nicomatus
745 2753 804 2775 no-

192 2791 305 2831 Delph.
320 2797 350 2824 et
371 2794 447 2825 Var.
464 2795 547 2827 Clas.

786 2800 892 2831 Caesar

1443 162 1555 204 1569

852 273 940 295 men.
987 264 1158 295 Caeterum
1195 262 1361 294 vocabulo
1400 264 1557 306 Bithynia

852 323 968 345 manus
993 318 1071 344 sunt
1093 312 1316 344 abstinendae.
1364 313 1453 345 Nam
1476 315 1559 346 licet

853 363 997 404 Bithyno
1013 363 1096 394 dent
1114 363 1190 395 Pet.
1212 368 1246 394 et
1262 364 1390 395 Lovan.
1409 365 1458 396 uti
1477 365 1558 395 scri-

853 415 1000 447 bendum
1042 425 1239 446 censueram
1257 425 1265 453 ;
1304 415 1413 447 Varro
1445 421 1559 448 tamen

853 467 893 498 R.
911 468 949 498 R.
967 477 991 499 1.
1007 470 1039 498 9.
1056 467 1123 499 ait:
1147 467 1156 484 ‘
1175 467 1370 507 Diophanes
1386 468 1560 509 Bithynius

851 517 969 548 scribit
986 518 1081 558 signa
1103 517 1186 547 sumi
1211 517 1333 557 posse‚'
1359 520 1422 548 διε.
1446 518 1560 549 simili·

853 573 906 599 ter
924 568 1054 599 I'rusiae
1086 568 1174 608 regis
1206 567 1445 608 Bithyniorum
1469 568 1557 600 filius

851 624 1059 650 memoratur
1075 618 1187 649 Plinio
1205 618 1250 649 H.
1268 619 1312 650 N.
1337 620 1358 650 1.
1376 628 1440 651 vu.
1463 620 1491 660 ξ.
1507 623 1562 653 15.

852 671 942 704 Quin
980 676 1016 702 et
1047 670 1137 711 apud
1173 670 1373 701 Suetonium
1403 672 1436 701 in
1467 671 1560 704 Julio

852 724 993 762 cap.49.
1017 731 1083 752 non
1098 721 1302 761 Bithynicam
1324 721 1476 760 reginam,
1499 722 1559 754 sed

852 772 1041 814 Bithyniam
1058 782 1129 813 prae
1154 781 1189 803 se
1215 771 1282 803 fert
1305 772 1424 803 Codex
1450 773 1559 804 Mem-

852 823 994 854 mianus.
1030 823 1144 854 Daris.
1184 831 1256 853 cur.
1293 831 1363 854 sec.
1394 822 1559 853 Cellarius

851 873 952 904 etiam
971 883 1045 904 cum
1064 873 1224 905 Goduino
1245 872 1406 904 Nicomedi
1431 878 1560 912 praetu·

851 924 913 961 lit;
939 924 1019 965 quin
1041 929 1077 955 et
1101 923 1292 955 Vallantius
1314 933 1382 954 non
1403 924 1510 954 solum
1525 923 1559 954 in

852 974 1015 1016 Bithynia
1039 984 1099 1005 sua
1122 984 1155 1015 p.
1173 977 1247 1006 364.
1272 974 1358 1015 legit
1382 974 1558 1014 Nicomedi,

852 1025 912 1056 sed
927 1025 1013 1057 facit
1035 1035 1111 1056 eum
1135 1026 1334 1058 Nicomedis
1357 1026 1558 1066 Epiphanis,

852 1076 941 1116 regis
960 1077 1145 1117 Bithyniae,
1166 1082 1336 1117 nepotem.
1383 1076 1460 1108 Qua
1484 1085 1561 1107 auc·

852 1127 1006 1164 toritate,
1020 1127 1091 1166 ipse
1105 1125 1247 1163 viderit;
1266 1135 1408 1166 eamque
1423 1126 1560 1156 temeri-

852 1180 957 1205 tatem
973 1175 1006 1205 in
1029 1185 1069 1206 eo
1088 1176 1161 1214 jam
1186 1176 1368 1215 castigavit
1384 1175 1558 1207 eruditiss.

850 1223 984 1255 Auctor
999 1224 1092 1255 Diss.
1114 1224 1148 1254 in
1170 1224 1255 1255 Obs.
1279 1224 1380 1254 Misc.
1398 1225 1474 1255 Vol.
1493 1234 1559 1257 vn.

850 1285 884 1316 p.
900 1278 952 1306 54.
977 1275 1094 1306 Malim
1110 1275 1226 1316 itaque
1249 1284 1311 1315 ego
1335 1284 1470 1316 quoque
1487 1285 1560 1307 cre·

851 1325 945 1364 dere,
961 1325 1157 1366 Appianum
1174 1335 1248 1356 esse
1264 1329 1475 1366 corruptum,
1492 1336 1559 1358 non

852 1376 1005 1407 Hirtium
1020 1388 1026 1406 :
1051 1386 1127 1407 nam
1142 1376 1310 1417 Lycomedi
1326 1380 1441 1407 exstat
1457 1377 1491 1408 in
1511 1378 1560 1408 in-

851 1426 1043 1466 tegerrimis
1059 1426 1241 1458 Codicibus
1259 1427 1336 1458 Pet.
1353 1428 1444 1459 Scal.
1463 1428 1560 1461 Leid.

851 1486 903 1517 pr.
922 1477 1004 1508 Lov.
1024 1483 1060 1507 et
1078 1478 1186 1508 Dorv.

894 1527 1052 1568 Bithyno]
1097 1528 1154 1559 Ita
1194 1529 1323 1570 optime
1365 1530 1561 1564 emendavit

850 1580 1025 1611 Davisius.
1037 1580 1116 1620 Alii,
1125 1581 1234 1614 minus
1245 1582 1379 1621 Latine,
1390 1583 1559 1624 Bithynia.

855 1631 963 1661 Clark.
979 1631 1142 1662 Videmus
1155 1641 1247 1672 vero,
1260 1633 1370 1673 ipsum
1380 1634 1558 1666 Davisium

854 1691 874 1711 a
894 1681 1007 1722 priore
1032 1682 1202 1713 sententia
1226 1684 1418 1723 recessisse,
1440 1689 1476 1716 et
1499 1685 1561 1716 Bi-

852 1731 961 1771 thynia
977 1731 1138 1771 retinere,
1155 1732 1244 1772 quod
1260 1737 1314 1764 est
1335 1733 1369 1764 in
1390 1734 1474 1765 Mss.
1491 1735 1562 1775 ple·

852 1781 976 1821 risque.
1021 1782 1110 1813 Nam
1136 1783 1255 1813 Petav.
1279 1783 1381 1814 habet
1402 1784 1562 1817 Bithinto.

853 1831 896 1862 In
916 1831 1017 1863 Voss.
1039 1836 1092 1863 est
1115 1832 1270 1873 Bithyno.
1296 1833 1471 1874 Bithynius
1491 1834 1562 1867 dici

853 1886 981 1921 potest,
998 1886 1036 1912 ut
1052 1882 1237 1923 Thessalias,
1254 1883 1427 1924 Phrygias,
1440 1885 1562 1925 Troius,

853 1938 889 1964 et
913 1933 1090 1964 innumera
1117 1933 1249 1973 similia,
1273 1943 1415 1974 quorum
1443 1935 1562 1966 ultima

853 1983 984 2023 syllaba
1000 1992 1091 2023 saepe
1108 1983 1193 2014 abiit
1208 1984 1242 2014 in
1259 1994 1321 2015 cus.

896 2036 938 2064 20
963 2033 1054 2073 Ejus]
1081 2033 1314 2066 Ariobarzanis.
1339 2034 1561 2068 Rhenicanus

854 2085 1115 2126 interpretatur,
1133 2086 1277 2117 Coesaris.
1302 2085 1496 2118 Admodum
1511 2087 1562 2118 in·

853 2141 948 2178 epte.
973 2138 1082 2168 Clark.
1130 2137 1327 2169 Goduinum
1349 2137 1385 2168 id
1402 2137 1475 2178 jam
1490 2147 1561 2169 mo-

854 2187 966 2218 nuisse
996 2191 1095 2219 notat
1124 2187 1303 2219 Cellarius.
1350 2188 1437 2219 Mihi
1465 2188 1560 2221 locus

853 2238 1048 2270 intricatior
1076 2238 1223 2279 videtur,
1248 2249 1348 2280 quam
1380 2244 1419 2270 ut
1445 2239 1488 2271 de
1518 2249 1561 2271 eo

852 2288 980 2329 liquide
1011 2289 1236 2328 pronunciare
1268 2288 1424 2320 audeam.
1471 2289 1560 2320 Nam

854 2338 965 2369 Fratri
980 2338 1090 2370 Ariob.
1107 2337 1274 2370 Ariarathi
1289 2339 1454 2371 exhibent
1476 2340 1562 2372 Mss.

853 2389 920 2420 mei
934 2399 1048 2420 omncs
1061 2393 1187 2430 praeter
1199 2389 1450 2421 recentissimos
1465 2389 1562 2422 Leid.

853 2450 922 2472 sec.
941 2446 977 2472 et
994 2442 1104 2472 Dorv.
1137 2441 1205 2472 Sed
1222 2440 1415 2472 ,adtribuere
1427 2441 1562 2482 aliquem

853 2491 948 2523 alicui
963 2491 1090 2524 Caesari
1114 2496 1149 2523 et
1171 2493 1205 2522 in
1229 2491 1344 2532 primis
1369 2492 1483 2523 Hirtio
1499 2491 1562 2531 sig-

853 2542 972 2575 nificat
1002 2543 1148 2583 aliquem
1177 2542 1277 2573 alteri
1307 2542 1489 2583 subjicere,
1512 2542 1562 2573 ita

854 2598 969 2625 tamen
984 2598 1022 2624 ut
1036 2592 1110 2632 ipse
1124 2593 1250 2634 aliquid
1268 2593 1402 2633 imperii
1422 2592 1560 2623 habeat.

853 2644 942 2676 Vide
967 2644 1010 2675 ad
1032 2653 1100 2675 vn.
1117 2647 1170 2675 90.
1194 2644 1204 2662 ‘
1223 2643 1315 2675 Huic
1339 2644 1389 2674 M.
1402 2644 1560 2684 Sempro-

853 2695 947 2726 nium
961 2693 1152 2726 adtribuit.'

897 2747 936 2776 21
961 2744 1027 2775 Iter
1046 2746 1180 2783 coeptam
1201 2741 1282 2779 cons.
1305 2741 1412 2782 σαφῆ]
1436 2741 1492 2774 Sic
1514 2742 1558 2774 Es

1394 2798 1414 2826 5
1439 2794 1472 2827 G
