1850 3109
248 152 362 194 1794
677 161 714 191 J.
748 161 884 190 cust
919 159 1272 190 COMMENTARH

249 274 408 312 magnos
429 260 598 311 undique
619 268 893 309 consurgentes
913 259 1101 296 ⁴0moutes
1121 257 1260 295 Galliae
1283 256 1533 308 praevidebat.
1561 256 1703 295 ⁴¹Dum

248 326 392 363 interea
413 324 594 375 quaedam
626 324 698 360 sibi
732 331 871 372 praeter
904 335 1011 370 spem
1045 321 1294 370 prosperioris
1315 327 1472 357 eventus
1489 320 1644 357 occasio
1664 332 1704 358 se

249 389 436 427 ostendit:
468 389 565 425 forte
586 387 684 424 enim
706 387 741 422 in
758 399 845 422 enm
868 384 1018 428 collem,
1039 397 1153 433 quem
1175 392 1334 433 captum
1355 390 1391 421 et
1413 383 1705 428 communitum,

250 453 383 490 castris
419 451 628 489 minoribus
658 450 900 498 deputatum,
924 446 1106 496 fossaque
1140 446 1348 494 majoribus
1379 447 1511 483 castris
1539 446 1705 495 adjunc-

249 525 330 554 tum
353 514 658 557 memoravinms,
680 511 878 561 spectandi
900 511 1021 560 gratia
1037 510 1331 554 conscendenti;
1353 509 1464 558 [141]
1483 510 1590 546 collis
1608 510 1706 547 alter

249 580 299 617 ab
317 579 490 615 hostibus
509 590 721 627 possessus,
739 575 916 625 apparuit
934 587 1078 611 vacuus
1098 573 1293 618 custodiis,
1312 573 1452 622 quibus
1469 572 1707 610 confertissi-

249 655 332 679 mus
363 655 443 679 esse
477 646 739 678 consueverat.
806 639 909 676 Tum
950 651 1156 688 parumper
1188 637 1348 686 gradum
1380 635 1462 674 fixit
1495 636 1704 682 admirans,

248 705 380 754 reique
401 717 554 742 causam
575 703 753 753 qnaesivit
774 715 820 739 ex
842 703 1029 752 profugis,
1051 703 1115 752 qui
1136 703 1173 739 in
1193 702 1272 738 dies
1293 701 1340 738 ad
1363 714 1449 738 eum
1473 701 1582 738 multi
1603 699 1706 737 veni-

249 769 380 812 ebant,
401 768 506 805 ¹audit
526 781 571 804 ex
594 767 649 811 iis,
671 766 775 817 quod
798 767 846 803 al)
866 766 1176 815 exploratoribus
1199 766 1275 802 suis
1290 766 1372 813 jam
1394 764 1497 814 prius
1517 764 1705 809 audierat,

249 845 380 870 omnes
395 832 483 869 inde
504 841 686 869 evocatos
707 830 755 867 ad
777 829 1005 867 muniendos
1026 829 1151 866 aditus
1168 830 1241 867 loci
1262 829 1431 872 alterins,
1452 828 1514 866 cui
1543 828 1706 866 maxime

249 895 495 939 metuebant;
529 893 635 944 quod
657 893 745 931 inde
767 894 922 943 planum
939 893 1008 930 iter
1028 900 1127 930 esset
1143 893 1190 930 ad
1213 893 1389 942 opidum:
1424 906 1536 941 quem
1557 891 1707 929 aditum

249 959 280 996 si
302 958 464 996 Romani
500 964 694 1007 caperent,
718 958 783 1006 qui
814 959 952 994 collem
984 957 1145 994 alterum
1173 957 1257 1005 jam
1293 957 1500 1000 liaberent3
1533 961 1612 992 tum
1636 954 1707 992 sibi

249 1034 405 1071 prorsus
426 1021 572 1058 obsessi
592 1027 628 1057 et
651 1021 785 1057 seclusi
805 1035 826 1057 a
847 1020 932 1065 suis,
955 1026 994 1058 et
1019 1020 1166 1057 exclusi
1195 1020 1244 1057 ab
1265 1020 1366 1057 omni
1389 1020 1508 1057 libero
1528 1018 1706 1056 discursu

248 1091 365 1135 atque
385 1098 406 1122 a
427 1084 569 1133 pabulo
590 1084 829 1123 videbantur.
889 1085 977 1122 Hoc
997 1084 1131 1122 andito
1153 1097 1284 1121 recens
1304 1084 1489 1133 cogitatio
1520 1081 1707 1133 percussit

248 1155 405 1199 repente
435 1148 618 1191 animum,
651 1147 780 1185 locum
814 1148 918 1185 illum
952 1147 1186 1198 occupandi.
1246 1148 1336 1184 Erat
1357 1154 1484 1184 autem
1515 1154 1650 1185 natura
1670 1153 1708 1184 et

249 1225 364 1250 mauu
384 1212 582 1249 hominum
612 1211 777 1261 aggestis
810 1212 1034 1261 perplexum
1070 1212 1139 1249 iter
1170 1211 1288 1248 saxis:
1320 1218 1358 1248 et
1378 1223 1490 1260 super
1509 1210 1707 1261 duplicem

249 1274 529 1319 difficultatem,
563 1275 637 1312 tria
673 1275 726 1311 ibi
760 1274 924 1312 hostium
959 1283 1084 1312 castra
1115 1274 1343 1311 munitiones
1373 1273 1610 1311 insederant:
1641 1274 1707 1312 sed

247 1337 416 1376 difficilia
453 1345 594 1375 cuncta
624 1351 874 1388 perrumpere
913 1338 1029 1375 virtus
1065 1344 1180 1375 amat.
1238 1338 1454 1375 Ostentatis
1493 1338 1707 1388 legionibus

248 1401 474 1452 quasialiud
496 1408 595 1439 esset
616 1407 787 1446 acturus,
807 1409 845 1439 et
877 1402 948 1440 hac
981 1402 1065 1439 illac
1099 1415 1168 1452 per
1200 1402 1376 1439 tenebras
1409 1402 1533 1439 noctis
1568 1415 1706 1451 magno

249 1466 411 1515 strepitu
431 1465 643 1503 discurrere
666 1466 783 1515 jussis
804 1466 1017 1516 equitibus,
1037 1473 1076 1504 et
1106 1466 1286 1503 immixtis
1320 1467 1444 1503 tnrbae
1474 1466 1707 1503 mulionibus

248 1529 418 1578 galeatis,
439 1543 517 1578 qno
539 1530 663 1579 major
682 1543 726 1567 ac
748 1530 978 1579 strepentior
999 1537 1125 1568 motus
1150 1537 1261 1574 esser,
1292 1530 1540 1579 omniumque
1559 1530 1706 1568 animos

248 1605 376 1630 errore
406 1606 451 1629 ac
485 1606 627 1643 pavore
661 1593 777 1638 varin,
811 1600 928 1643 atque
960 1593 1106 1631 incerta
1138 1593 1404 1643 expectatione
1435 1593 1705 1643 suspenderem

247 1656 328 1706 ipse
347 1656 521 1694 hostibus
542 1656 580 1694 in
602 1657 863 1706 suspicionem
895 1657 1087 1707 trepidam
1117 1657 1318 1701 adductis;
1350 1657 1484 1707 legatis
1514 1658 1707 1708 legionum

249 1719 344 1770 quid
378 1726 485 1769 paret
517 1720 653 1769 aperit,
689 1726 955 1771 quantumque
981 1720 1163 1770 periculi:
1192 1721 1413 1759 ⁴²adversus
1447 1735 1562 1771 quam
1594 1734 1709 1760 occa-

248 1783 352 1821 sione
373 1796 449 1820 non
471 1783 606 1833 proelio
641 1784 690 1821 sit
720 1784 921 1822 utendum.
979 1785 1032 1822 Ut
1066 1786 1205 1823 milites
1238 1799 1328 1835 ergo
1362 1799 1451 1824 suos
1483 1787 1708 1824 contineant

248 1852 392 1892 monet,
414 1853 531 1897 atque
552 1847 713 1897 imperat
735 1862 781 1885 ne
802 1849 859 1886 vel
880 1862 1021 1899 pugnae
1041 1850 1100 1887 vel
1122 1850 1264 1899 praedae
1284 1849 1490 1887 dulcedine
1510 1850 1710 1900 rapiantur

249 1922 328 1959 quo
349 1922 425 1947 non
446 1911 619 1960 expedit.
688 1912 752 1949 Sic
780 1926 870 1950 suos
890 1913 1044 1958 affatus,
1066 1913 1211 1950 AEduos
1229 1926 1390 1951 ascensu
1412 1914 1486 1951 alio
1507 1914 1556 1951 ad
1579 1920 1708 1964 portas

249 1972 355 2022 opidi
386 1973 579 2022 proticisci
594 1973 722 2022 jubet.
780 1975 874 2012 Inde
895 1976 972 2013 suis
994 1977 1176 2013 militibus
1199 1977 1384 2026 signum⁴³
1420 1990 1499 2026 quo
1529 1985 1708 2027 acceptO,

248 2035 500 2085 rapidissime,
523 2036 626 2074 unde
661 2050 758 2074 unus
792 2051 974 2076 ascensus
1008 2038 1210 2083 videretur,
1242 2039 1290 2076 ad
1325 2040 1556 2077 munitiones
1576 2041 1711 2079 obvias

248 2100 497 2149 perveniunt:
529 2101 670 2149 quibus
703 2101 810 2138 dicto
831 2102 943 2139 citius
977 2103 1221 2147 transmissis,
1257 2103 1353 2140 trina
1386 2104 1551 2141 hostium
1582 2111 1708 2143 castra

249 2163 478 2212 corripiunt,
500 2169 605 2201 tanta
626 2164 834 2210 celeritate,
853 2172 895 2202 ut
912 2164 1169 2203 “Votiiuarus
1193 2179 1289 2203 unus
1310 2180 1330 2203 e
1351 2167 1489 2216 regulis
1505 2168 1708 2207 Gallorum

249 2225 342 2262 dum
365 2226 630 2264 meridiaretur
649 2227 686 2264 in
708 2228 849 2265 lectulo
871 2228 1143 2277 deprehensus,
1165 2230 1278 2279 [142]
1308 2231 1368 2266 vix
1389 2243 1524 2267 manus
1545 2231 1707 2269 militum

251 2289 493 2338 semisopitus
530 2297 569 2326 et.
603 2291 825 2328 seminudus
856 2291 1031 2329 evaserit.
1088 2293 1216 2330 Caesar
1248 2292 1313 2329 ubi
1347 2294 1451 2341 qnod
1485 2294 1610 2331 animo
1640 2295 1709 2333 de-

251 2359 423 2390 creverat
454 2360 585 2390 actum
620 2354 736 2399 videt,
772 2355 940 2403 receptui
973 2355 1058 2392 cani
1090 2355 1273 2404 imperat:
1304 2356 1475 2394 substitit
1499 2357 1598 2407 legio
1620 2371 1709 2408 quae

251 2417 471 2466 propinqua
489 2424 591 2454 erat:
624 2418 742 2455 altera
764 2431 852 2454 vero
873 2419 1067 2463 remotior,
1101 2420 1210 2456 ⁴⁵ceu
1244 2419 1351 2468 signo
1386 2433 1455 2470 per
1488 2421 1708 2461 distantiam

293 2576 335 2605 110
358 2574 474 2614 Forte,
491 2577 687 2607 motus—41
714 2576 828 2616 Forte,
857 2578 1034 2608 Curru—42
1058 2578 1204 2609 Videtur
1231 2579 1403 2620 omissum,
1418 2580 1451 2611 in
1466 2581 1633 2621 iniquitate
1651 2582 1710 2614 loci

248 2626 294 2657 sit
309 2627 454 2658 ostendit.
476 2627 556 2659 Vid.
577 2628 665 2660 Caes.
690 2638 752 2661 vu.
775 2633 913 2662 4ῖ.-13
938 2630 1051 2672 Adde,
1073 2632 1255 2665 dedit.-44
1280 2633 1384 2674 Lege,
1416 2634 1640 2666 Theutomarus
1666 2645 1709 2667 ex

252 2680 485 2712 Caesare-45
511 2681 627 2723 Forte,
641 2692 706 2714 sen.
