<?xml version="1.0" encoding="UTF-8"?>
<!DOCTYPE html PUBLIC "-//W3C//DTD XHTML 1.0 Transitional//EN"
    "http://www.w3.org/TR/xhtml1/DTD/xhtml1-transitional.dtd">
<html xmlns="http://www.w3.org/1999/xhtml" xml:lang="en" lang="en">
 <head>
  <title>
</title>
<meta http-equiv="Content-Type" content="text/html;charset=utf-8" />
  <meta name='ocr-system' content='tesseract 3.04.00' />
  <meta name='ocr-capabilities' content='ocr_page ocr_carea ocr_par ocr_line ocrx_word'/>
</head>
<body>
  <div class='ocr_page' id='page_1' title='image "./operaomniaexedit04caesuoft_0178.png"; bbox 0 0 1850 3109; ppageno 0'>
   <div class='ocr_carea' id='block_1_1' title="bbox 314 142 429 185">
    <p class='ocr_par' dir='ltr' id='par_1_1' title="bbox 314 142 429 185">
     <span class='ocr_line' id='line_1_1' title="bbox 314 142 429 185; baseline -0.009 -1"><span class='ocrx_word' id='word_1_1' title='bbox 314 142 429 185; x_wconf 78' lang='lat'>1572</span> 
     </span>
    </p>
   </div>
   <div class='ocr_carea' id='block_1_2' title="bbox 269 244 1014 2755">
    <p class='ocr_par' dir='ltr' id='par_1_2' title="bbox 294 244 1014 1346">
     <span class='ocr_line' id='line_1_2' title="bbox 304 244 1014 289; baseline -0.003 -11"><span class='ocrx_word' id='word_1_2' title='bbox 304 246 653 289; x_wconf 61' lang='lat' dir='ltr'>supplitibusignoscere</span> <span class='ocrx_word' id='word_1_3' title='bbox 662 244 767 287; x_wconf 83' lang='lat' dir='ltr'>(quod</span> <span class='ocrx_word' id='word_1_4' title='bbox 776 250 850 278; x_wconf 82' lang='lat' dir='ltr'>erat</span> <span class='ocrx_word' id='word_1_5' title='bbox 858 245 1014 276; x_wconf 86' lang='lat' dir='ltr'>nimirum</span> 
     </span>
     <span class='ocr_line' id='line_1_3' title="bbox 309 296 1012 339; baseline -0.003 -9"><span class='ocrx_word' id='word_1_6' title='bbox 309 307 419 339; x_wconf 85' lang='lat' dir='ltr'>nuper</span> <span class='ocrx_word' id='word_1_7' title='bbox 427 298 592 330; x_wconf 80' lang='lat' dir='ltr'>Deiotaro</span> <span class='ocrx_word' id='word_1_8' title='bbox 605 296 732 329; x_wconf 79' lang='lat' dir='ltr'>factum</span> <span class='ocrx_word' id='word_1_9' title='bbox 747 296 774 337; x_wconf 74' lang='grc' dir='ltr'>ε)</span> <span class='ocrx_word' id='word_1_10' title='bbox 789 307 883 338; x_wconf 83' lang='lat' dir='ltr'>neque</span> <span class='ocrx_word' id='word_1_11' title='bbox 899 302 1012 328; x_wconf 85' lang='lat' dir='ltr'>tamen</span> 
     </span>
     <span class='ocr_line' id='line_1_4' title="bbox 307 348 1012 391; baseline 0 -12"><span class='ocrx_word' id='word_1_12' title='bbox 307 349 361 388; x_wconf 76' lang='lat' dir='ltr'>iis,</span> <span class='ocrx_word' id='word_1_13' title='bbox 391 350 444 390; x_wconf 83' lang='lat' dir='ltr'>qui</span> <span class='ocrx_word' id='word_1_14' title='bbox 468 352 501 380; x_wconf 78' lang='lat' dir='ltr'>in</span> <span class='ocrx_word' id='word_1_15' title='bbox 524 350 565 380; x_wconf 73' lang='lat' dir='ltr'>Se</span> <span class='ocrx_word' id='word_1_16' title='bbox 595 360 695 381; x_wconf 89' lang='lat' dir='ltr'>unum</span> <span class='ocrx_word' id='word_1_17' title='bbox 719 350 843 391; x_wconf 66' lang='lat' dir='ltr'>officiosi</span> <span class='ocrx_word' id='word_1_18' title='bbox 861 348 1012 388; x_wconf 82' lang='lat' dir='ltr'>fuissent,</span> 
     </span>
     <span class='ocr_line' id='line_1_5' title="bbox 302 399 1013 440; baseline -0.003 -10"><span class='ocrx_word' id='word_1_19' title='bbox 302 408 394 440; x_wconf 79' lang='lat' dir='ltr'>posse</span> <span class='ocrx_word' id='word_1_20' title='bbox 423 401 591 430; x_wconf 82' lang='lat' dir='ltr'>condonare</span> <span class='ocrx_word' id='word_1_21' title='bbox 613 399 752 440; x_wconf 81' lang='lat' dir='ltr'>publicas</span> <span class='ocrx_word' id='word_1_22' title='bbox 781 399 1013 439; x_wconf 71' lang='lat' dir='ltr'>provinciarum</span> 
     </span>
     <span class='ocr_line' id='line_1_6' title="bbox 305 449 1012 490; baseline 0 -11"><span class='ocrx_word' id='word_1_23' title='bbox 305 449 459 487; x_wconf 70' lang='lat' dir='ltr'>iniurias,-</span> <span class='ocrx_word' id='word_1_24' title='bbox 472 449 521 479; x_wconf 86' lang='lat' dir='ltr'>(id</span> <span class='ocrx_word' id='word_1_25' title='bbox 538 449 626 490; x_wconf 88' lang='lat' dir='ltr'>quod</span> <span class='ocrx_word' id='word_1_26' title='bbox 642 449 683 479; x_wconf 83' lang='lat' dir='ltr'>ad</span> <span class='ocrx_word' id='word_1_27' title='bbox 700 450 743 480; x_wconf 87' lang='lat' dir='ltr'>Se</span> <span class='ocrx_word' id='word_1_28' title='bbox 756 449 915 479; x_wconf 76' lang='lat' dir='ltr'>videlicet</span> <span class='ocrx_word' id='word_1_29' title='bbox 936 458 1012 488; x_wconf 82' lang='lat' dir='ltr'>per-</span> 
     </span>
     <span class='ocr_line' id='line_1_7' title="bbox 305 499 1012 540; baseline -0.001 -10"><span class='ocrx_word' id='word_1_30' title='bbox 305 499 415 530; x_wconf 83' lang='lat' dir='ltr'>tinere</span> <span class='ocrx_word' id='word_1_31' title='bbox 447 500 666 539; x_wconf 78' lang='lat' dir='ltr'>intelligeret,</span> <span class='ocrx_word' id='word_1_32' title='bbox 697 503 873 540; x_wconf 80' lang='lat' dir='ltr'><strong>oporteret</strong></span> <span class='ocrx_word' id='word_1_33' title='bbox 906 499 1012 529; x_wconf 83' lang='lat' dir='ltr'>Phar-</span> 
     </span>
     <span class='ocr_line' id='line_1_8' title="bbox 303 549 1009 590; baseline 0.001 -11"><span class='ocrx_word' id='word_1_34' title='bbox 303 558 417 587; x_wconf 83' lang='lat' dir='ltr'>naces,</span> <span class='ocrx_word' id='word_1_35' title='bbox 434 549 460 579; x_wconf 78' lang='lat' dir='ltr'>si</span> <span class='ocrx_word' id='word_1_36' title='bbox 478 559 554 580; x_wconf 91' lang='lat' dir='ltr'>cum</span> <span class='ocrx_word' id='word_1_37' title='bbox 571 549 696 580; x_wconf 86' lang='lat' dir='ltr'>auxilia</span> <span class='ocrx_word' id='word_1_38' title='bbox 707 550 872 590; x_wconf 80' lang='lat' dir='ltr'>Pompeio</span> <span class='ocrx_word' id='word_1_39' title='bbox 889 555 1009 581; x_wconf 82' lang='lat' dir='ltr'>contra</span> 
     </span>
     <span class='ocr_line' id='line_1_9' title="bbox 305 598 1006 639; baseline 0.003 -10"><span class='ocrx_word' id='word_1_40' title='bbox 305 599 474 629; x_wconf 73' lang='lat' dir='ltr'>Caesarem</span> <span class='ocrx_word' id='word_1_41' title='bbox 490 598 570 630; x_wconf 85' lang='lat' dir='ltr'>dare</span> <span class='ocrx_word' id='word_1_42' title='bbox 588 599 766 639; x_wconf 86' lang='lat' dir='ltr'>noluisset,</span> <span class='ocrx_word' id='word_1_43' title='bbox 786 600 875 630; x_wconf 79' lang='lat' dir='ltr'>idern</span> <span class='ocrx_word' id='word_1_44' title='bbox 893 605 1006 631; x_wconf 87' lang='lat' dir='ltr'>tamen</span> 
     </span>
     <span class='ocr_line' id='line_1_10' title="bbox 303 649 1007 692; baseline 0.003 -12"><span class='ocrx_word' id='word_1_45' title='bbox 303 649 477 690; x_wconf 80' lang='lat' dir='ltr'>deinceps,</span> <span class='ocrx_word' id='word_1_46' title='bbox 499 650 647 691; x_wconf 89' lang='lat' dir='ltr'>jubente</span> <span class='ocrx_word' id='word_1_47' title='bbox 674 651 810 682; x_wconf 55' lang='lat' dir='ltr'>Coesare</span> <span class='ocrx_word' id='word_1_48' title='bbox 838 656 872 682; x_wconf 92' lang='lat' dir='ltr'>et</span> <span class='ocrx_word' id='word_1_49' title='bbox 901 662 1007 692; x_wconf 88' lang='lat' dir='ltr'>popu-</span> 
     </span>
     <span class='ocr_line' id='line_1_11' title="bbox 302 699 1005 741; baseline 0.007 -12"><span class='ocrx_word' id='word_1_50' title='bbox 302 699 336 729; x_wconf 87' lang='lat' dir='ltr'>lo</span> <span class='ocrx_word' id='word_1_51' title='bbox 365 699 533 739; x_wconf 79' lang='lat' dir='ltr'>Romano,</span> <span class='ocrx_word' id='word_1_52' title='bbox 569 701 682 732; x_wconf 85' lang='lat' dir='ltr'>Ponto</span> <span class='ocrx_word' id='word_1_53' title='bbox 709 711 775 732; x_wconf 79' lang='lat' dir='ltr'>non</span> <span class='ocrx_word' id='word_1_54' title='bbox 807 702 1005 741; x_wconf 80' lang='lat' dir='ltr'>decederet,</span> 
     </span>
     <span class='ocr_line' id='line_1_12' title="bbox 303 750 1011 792; baseline 0.004 -12"><span class='ocrx_word' id='word_1_55' title='bbox 303 759 415 791; x_wconf 85' lang='lat' dir='ltr'>neque</span> <span class='ocrx_word' id='word_1_56' title='bbox 470 750 602 791; x_wconf 81' lang='lat' dir='ltr'>injuriis</span> <span class='ocrx_word' id='word_1_57' title='bbox 644 751 787 792; x_wconf 80' lang='lat' dir='ltr'>publicis</span> <span class='ocrx_word' id='word_1_58' title='bbox 862 752 1011 783; x_wconf 78' lang='lat' dir='ltr'>abstine·</span> 
     </span>
     <span class='ocr_line' id='line_1_13' title="bbox 300 799 1004 843; baseline 0.003 -12"><span class='ocrx_word' id='word_1_59' title='bbox 300 799 384 841; x_wconf 89' lang='lat' dir='ltr'>ret.)</span> <span class='ocrx_word' id='word_1_60' title='bbox 450 800 622 833; x_wconf 70' lang='lat' dir='ltr'>Viderunt</span> <span class='ocrx_word' id='word_1_61' title='bbox 664 802 727 832; x_wconf 90' lang='lat' dir='ltr'>hoc</span> <span class='ocrx_word' id='word_1_62' title='bbox 771 801 1004 843; x_wconf 83' lang='lat' dir='ltr'>Rhellicanus,</span> 
     </span>
     <span class='ocr_line' id='line_1_14' title="bbox 303 850 1004 892; baseline 0.004 -11"><span class='ocrx_word' id='word_1_63' title='bbox 303 850 504 882; x_wconf 79' lang='lat' dir='ltr'>ciacconius</span> <span class='ocrx_word' id='word_1_64' title='bbox 524 855 560 882; x_wconf 71' lang='lat' dir='ltr'>et</span> <span class='ocrx_word' id='word_1_65' title='bbox 583 851 758 891; x_wconf 74' lang='lat' dir='ltr'>Davisius,</span> <span class='ocrx_word' id='word_1_66' title='bbox 775 852 830 892; x_wconf 85' lang='lat' dir='ltr'>qui</span> <span class='ocrx_word' id='word_1_67' title='bbox 854 858 1004 884; x_wconf 80' lang='lat' dir='ltr'>mentem</span> 
     </span>
     <span class='ocr_line' id='line_1_15' title="bbox 300 900 1001 943; baseline 0.006 -13"><span class='ocrx_word' id='word_1_68' title='bbox 300 900 445 931; x_wconf 67' lang='lat' dir='ltr'>Caesaris</span> <span class='ocrx_word' id='word_1_69' title='bbox 461 901 510 932; x_wconf 80' lang='lat' dir='ltr'>sic</span> <span class='ocrx_word' id='word_1_70' title='bbox 535 902 651 941; x_wconf 85' lang='lat' dir='ltr'>paucis</span> <span class='ocrx_word' id='word_1_71' title='bbox 670 902 798 942; x_wconf 86' lang='lat' dir='ltr'>optime</span> <span class='ocrx_word' id='word_1_72' title='bbox 816 904 1001 943; x_wconf 80' lang='lat' dir='ltr'>explicant.</span> 
     </span>
     <span class='ocr_line' id='line_1_16' title="bbox 298 949 1004 990; baseline 0.006 -10"><span class='ocrx_word' id='word_1_73' title='bbox 298 949 340 981; x_wconf 88' lang='lat' dir='ltr'>Se</span> <span class='ocrx_word' id='word_1_74' title='bbox 355 951 507 990; x_wconf 78' lang='lat' dir='ltr'>privatas</span> <span class='ocrx_word' id='word_1_75' title='bbox 523 951 655 989; x_wconf 77' lang='lat' dir='ltr'>injurias</span> <span class='ocrx_word' id='word_1_76' title='bbox 677 952 765 983; x_wconf 80' lang='lat' dir='ltr'>hosti</span> <span class='ocrx_word' id='word_1_77' title='bbox 782 952 881 990; x_wconf 84' lang='lat' dir='ltr'>facile</span> <span class='ocrx_word' id='word_1_78' title='bbox 896 955 1004 984; x_wconf 75' lang='lat' dir='ltr'>condo-</span> 
     </span>
     <span class='ocr_line' id='line_1_17' title="bbox 296 1000 1002 1043; baseline 0.006 -13"><span class='ocrx_word' id='word_1_79' title='bbox 296 1009 372 1030; x_wconf 80' lang='lat' dir='ltr'>nare</span> <span class='ocrx_word' id='word_1_80' title='bbox 385 1010 483 1040; x_wconf 82' lang='lat' dir='ltr'>posse,</span> <span class='ocrx_word' id='word_1_81' title='bbox 499 1000 654 1041; x_wconf 85' lang='lat' dir='ltr'>publicas</span> <span class='ocrx_word' id='word_1_82' title='bbox 676 1012 715 1033; x_wconf 87' lang='lat' dir='ltr'>ne</span> <span class='ocrx_word' id='word_1_83' title='bbox 731 1003 842 1034; x_wconf 85' lang='lat' dir='ltr'>amico</span> <span class='ocrx_word' id='word_1_84' title='bbox 867 1004 1002 1043; x_wconf 79' lang='lat' dir='ltr'>quidem.</span> 
     </span>
     <span class='ocr_line' id='line_1_18' title="bbox 298 1052 1004 1087; baseline 0.007 -5"><span class='ocrx_word' id='word_1_85' title='bbox 298 1052 406 1083; x_wconf 79' lang='lat' dir='ltr'>Clark.</span> <span class='ocrx_word' id='word_1_86' title='bbox 431 1054 504 1084; x_wconf 77' lang='lat' dir='ltr'>Non</span> <span class='ocrx_word' id='word_1_87' title='bbox 527 1057 641 1084; x_wconf 84' lang='lat' dir='ltr'>tamen</span> <span class='ocrx_word' id='word_1_88' title='bbox 664 1054 815 1085; x_wconf 80' lang='lat' dir='ltr'>retinent</span> <span class='ocrx_word' id='word_1_89' title='bbox 831 1055 915 1086; x_wconf 87' lang='lat' dir='ltr'>Mss.</span> <span class='ocrx_word' id='word_1_90' title='bbox 936 1065 1004 1087; x_wconf 91' lang='lat' dir='ltr'>om-</span> 
     </span>
     <span class='ocr_line' id='line_1_19' title="bbox 295 1102 1002 1146; baseline 0.007 -14"><span class='ocrx_word' id='word_1_91' title='bbox 295 1111 367 1133; x_wconf 87' lang='lat' dir='ltr'>nes.</span> <span class='ocrx_word' id='word_1_92' title='bbox 391 1102 457 1133; x_wconf 86' lang='lat' dir='ltr'>Sed</span> <span class='ocrx_word' id='word_1_93' title='bbox 475 1103 588 1134; x_wconf 84' lang='lat' dir='ltr'>omisit</span> <span class='ocrx_word' id='word_1_94' title='bbox 600 1113 675 1134; x_wconf 81' lang='lat' dir='ltr'>eam</span> <span class='ocrx_word' id='word_1_95' title='bbox 687 1104 890 1145; x_wconf 79' lang='lat' dir='ltr'>particulam</span> <span class='ocrx_word' id='word_1_96' title='bbox 903 1106 1002 1146; x_wconf 85' lang='lat' dir='ltr'>bene,</span> 
     </span>
     <span class='ocr_line' id='line_1_20' title="bbox 295 1152 1001 1196; baseline 0.007 -14"><span class='ocrx_word' id='word_1_97' title='bbox 295 1152 385 1192; x_wconf 83' lang='lat' dir='ltr'>quod</span> <span class='ocrx_word' id='word_1_98' title='bbox 404 1153 446 1183; x_wconf 86' lang='lat' dir='ltr'>ad</span> <span class='ocrx_word' id='word_1_99' title='bbox 463 1162 608 1193; x_wconf 86' lang='lat' dir='ltr'>sensum,</span> <span class='ocrx_word' id='word_1_100' title='bbox 620 1155 757 1186; x_wconf 81' lang='lat' dir='ltr'>Vascos.</span> <span class='ocrx_word' id='word_1_101' title='bbox 772 1155 853 1186; x_wconf 88' lang='lat' dir='ltr'>item</span> <span class='ocrx_word' id='word_1_102' title='bbox 871 1156 1001 1196; x_wconf 83' lang='lat' dir='ltr'>Gryph.</span> 
     </span>
     <span class='ocr_line' id='line_1_21' title="bbox 298 1203 1000 1246; baseline 0.007 -13"><span class='ocrx_word' id='word_1_103' title='bbox 298 1207 389 1242; x_wconf 82' lang='lat' dir='ltr'>post.</span> <span class='ocrx_word' id='word_1_104' title='bbox 409 1203 531 1242; x_wconf 74' lang='lat' dir='ltr'>steph.</span> <span class='ocrx_word' id='word_1_105' title='bbox 555 1208 590 1233; x_wconf 90' lang='lat' dir='ltr'>et</span> <span class='ocrx_word' id='word_1_106' title='bbox 605 1204 756 1235; x_wconf 76' lang='lat' dir='ltr'>Stradae:</span> <span class='ocrx_word' id='word_1_107' title='bbox 781 1210 820 1236; x_wconf 88' lang='lat' dir='ltr'>ut</span> <span class='ocrx_word' id='word_1_108' title='bbox 836 1206 1000 1246; x_wconf 85' lang='lat' dir='ltr'>adproba—</span> 
     </span>
     <span class='ocr_line' id='line_1_22' title="bbox 295 1253 1000 1293; baseline 0.007 -10"><span class='ocrx_word' id='word_1_109' title='bbox 295 1253 345 1284; x_wconf 76' lang='lat' dir='ltr'>vit</span> <span class='ocrx_word' id='word_1_110' title='bbox 362 1253 434 1293; x_wconf 82' lang='lat' dir='ltr'>jam</span> <span class='ocrx_word' id='word_1_111' title='bbox 459 1254 600 1284; x_wconf 86' lang='lat' dir='ltr'>Brutus.</span> <span class='ocrx_word' id='word_1_112' title='bbox 660 1253 714 1285; x_wconf 85' lang='lat' dir='ltr'>An</span> <span class='ocrx_word' id='word_1_113' title='bbox 739 1254 801 1286; x_wconf 79' lang='lat' dir='ltr'>sub</span> <span class='ocrx_word' id='word_1_114' title='bbox 829 1265 913 1288; x_wconf 91' lang='lat' dir='ltr'>voce</span> <span class='ocrx_word' id='word_1_115' title='bbox 940 1268 1000 1288; x_wconf 84' lang='lat' dir='ltr'>non</span> 
     </span>
     <span class='ocr_line' id='line_1_23' title="bbox 294 1302 891 1346; baseline 0.008 -14"><span class='ocrx_word' id='word_1_116' title='bbox 294 1302 379 1333; x_wconf 81' lang='lat' dir='ltr'>latet</span> <span class='ocrx_word' id='word_1_117' title='bbox 394 1303 518 1342; x_wconf 72' lang='lat' dir='ltr'>animis,</span> <span class='ocrx_word' id='word_1_118' title='bbox 534 1304 588 1333; x_wconf 79' lang='lat' dir='ltr'>vel</span> <span class='ocrx_word' id='word_1_119' title='bbox 608 1303 674 1335; x_wconf 85' lang='lat' dir='ltr'>tale</span> <span class='ocrx_word' id='word_1_120' title='bbox 689 1304 891 1346; x_wconf 84' lang='lat' dir='ltr'>quidquam?</span> 
     </span>
    </p>

    <p class='ocr_par' dir='ltr' id='par_1_3' title="bbox 285 1353 999 1749">
     <span class='ocr_line' id='line_1_24' title="bbox 336 1353 999 1394; baseline 0.012 -12"><span class='ocrx_word' id='word_1_121' title='bbox 336 1356 355 1383; x_wconf 88' lang='lat'>8</span> <span class='ocrx_word' id='word_1_122' title='bbox 382 1354 420 1383; x_wconf 86' lang='lat' dir='ltr'>ld</span> <span class='ocrx_word' id='word_1_123' title='bbox 444 1353 557 1393; x_wconf 80' lang='lat' dir='ltr'>ipsum,</span> <span class='ocrx_word' id='word_1_124' title='bbox 579 1354 649 1394; x_wconf 56' lang='grc' dir='ltr'>ἔγω]</span> <span class='ocrx_word' id='word_1_125' title='bbox 682 1354 783 1386; x_wconf 82' lang='lat' dir='ltr'>Hune</span> <span class='ocrx_word' id='word_1_126' title='bbox 813 1357 926 1388; x_wconf 86' lang='lat' dir='ltr'>locum</span> <span class='ocrx_word' id='word_1_127' title='bbox 952 1358 999 1390; x_wconf 88' lang='lat' dir='ltr'>sie</span> 
     </span>
     <span class='ocr_line' id='line_1_25' title="bbox 291 1404 999 1451; baseline 0.008 -15"><span class='ocrx_word' id='word_1_128' title='bbox 291 1404 430 1436; x_wconf 74' lang='lat' dir='ltr'>exhibet</span> <span class='ocrx_word' id='word_1_129' title='bbox 446 1406 513 1437; x_wconf 87' lang='lat' dir='ltr'>Ms.</span> <span class='ocrx_word' id='word_1_130' title='bbox 526 1407 611 1447; x_wconf 86' lang='lat' dir='ltr'>Reg.</span> <span class='ocrx_word' id='word_1_131' title='bbox 624 1408 688 1439; x_wconf 76' lang='lat' dir='ltr'>Per</span> <span class='ocrx_word' id='word_1_132' title='bbox 699 1408 731 1438; x_wconf 78' lang='lat' dir='ltr'>id</span> <span class='ocrx_word' id='word_1_133' title='bbox 832 1409 999 1451; x_wconf 80' lang='lat' dir='ltr'>ntiIe(Co-</span> 
     </span>
     <span class='ocr_line' id='line_1_26' title="bbox 292 1455 997 1500; baseline 0.007 -15"><span class='ocrx_word' id='word_1_134' title='bbox 292 1455 386 1487; x_wconf 89' lang='lat' dir='ltr'>dices</span> <span class='ocrx_word' id='word_1_135' title='bbox 403 1457 557 1488; x_wconf 86' lang='lat' dir='ltr'>nonnulli</span> <span class='ocrx_word' id='word_1_136' title='bbox 585 1459 624 1489; x_wconf 80' lang='lat' dir='ltr'>Id</span> <span class='ocrx_word' id='word_1_137' title='bbox 730 1459 881 1500; x_wconf 79' lang='lat' dir='ltr'>perutile)</span> <span class='ocrx_word' id='word_1_138' title='bbox 896 1460 997 1492; x_wconf 82' lang='lat' dir='ltr'>Phar-</span> 
     </span>
     <span class='ocr_line' id='line_1_27' title="bbox 291 1506 997 1551; baseline 0.01 -16"><span class='ocrx_word' id='word_1_139' title='bbox 291 1506 484 1546; x_wconf 79' lang='lat' dir='ltr'>nacijuisse,</span> <span class='ocrx_word' id='word_1_140' title='bbox 597 1519 634 1540; x_wconf 78' lang='lat' dir='ltr'>ne</span> <span class='ocrx_word' id='word_1_141' title='bbox 650 1509 825 1541; x_wconf 78' lang='lat' dir='ltr'>rinceretnr</span> <span class='ocrx_word' id='word_1_142' title='bbox 839 1520 890 1551; x_wconf 82' lang='lat' dir='ltr'>ea,</span> <span class='ocrx_word' id='word_1_143' title='bbox 906 1521 997 1551; x_wconf 82' lang='lat' dir='ltr'>qnam</span> 
     </span>
     <span class='ocr_line' id='line_1_28' title="bbox 288 1555 998 1599; baseline 0.013 -14"><span class='ocrx_word' id='word_1_144' title='bbox 288 1555 349 1586; x_wconf 79' lang='lat' dir='ltr'>sibi</span> <span class='ocrx_word' id='word_1_145' title='bbox 382 1557 441 1587; x_wconf 81' lang='lat' dir='ltr'>Dii</span> <span class='ocrx_word' id='word_1_146' title='bbox 468 1558 668 1598; x_wconf 79' lang='lat' dir='ltr'>immortales,</span> <span class='ocrx_word' id='word_1_147' title='bbox 691 1561 744 1599; x_wconf 61' lang='grc' dir='ltr'>ἑξτ.</span> <span class='ocrx_word' id='word_1_148' title='bbox 781 1562 886 1592; x_wconf 81' lang='lat' dir='ltr'>Clark.</span> <span class='ocrx_word' id='word_1_149' title='bbox 934 1556 998 1598; x_wconf 44' lang='lat' dir='ltr'>Q}</span> 
     </span>
     <span class='ocr_line' id='line_1_29' title="bbox 288 1605 994 1651; baseline 0.013 -16"><span class='ocrx_word' id='word_1_150' title='bbox 288 1605 322 1636; x_wconf 84' lang='lat' dir='ltr'>id</span> <span class='ocrx_word' id='word_1_151' title='bbox 336 1606 394 1647; x_wconf 76' lang='lat' dir='ltr'>ips.</span> <span class='ocrx_word' id='word_1_152' title='bbox 409 1607 568 1640; x_wconf 75' lang='lat' dir='ltr'>Leidens.</span> <span class='ocrx_word' id='word_1_153' title='bbox 581 1619 632 1650; x_wconf 84' lang='lat' dir='ltr'>pr.</span> <span class='ocrx_word' id='word_1_154' title='bbox 641 1610 740 1641; x_wconf 82' lang='lat' dir='ltr'>Voss.</span> <span class='ocrx_word' id='word_1_155' title='bbox 753 1611 879 1651; x_wconf 85' lang='lat' dir='ltr'>Scalig.</span> <span class='ocrx_word' id='word_1_156' title='bbox 905 1613 994 1648; x_wconf 82' lang='lat' dir='ltr'>Quod</span> 
     </span>
     <span class='ocr_line' id='line_1_30' title="bbox 285 1657 994 1704; baseline 0.011 -17"><span class='ocrx_word' id='word_1_157' title='bbox 285 1657 319 1687; x_wconf 83' lang='lat' dir='ltr'>id</span> <span class='ocrx_word' id='word_1_158' title='bbox 348 1658 450 1697; x_wconf 77' lang='lat' dir='ltr'>ipsam</span> <span class='ocrx_word' id='word_1_159' title='bbox 475 1658 596 1690; x_wconf 88' lang='lat' dir='ltr'>Petav.</span> <span class='ocrx_word' id='word_1_160' title='bbox 644 1660 685 1690; x_wconf 91' lang='lat' dir='ltr'>In</span> <span class='ocrx_word' id='word_1_161' title='bbox 715 1661 854 1703; x_wconf 89' lang='lat' dir='ltr'>reliquis</span> <span class='ocrx_word' id='word_1_162' title='bbox 886 1663 994 1704; x_wconf 77' lang='lat' dir='ltr'>Regio</span> 
     </span>
     <span class='ocr_line' id='line_1_31' title="bbox 287 1709 663 1749; baseline 0.008 -10"><span class='ocrx_word' id='word_1_163' title='bbox 287 1709 463 1749; x_wconf 81' lang='lat' dir='ltr'>conspirat</span> <span class='ocrx_word' id='word_1_164' title='bbox 481 1710 576 1742; x_wconf 84' lang='lat' dir='ltr'>Leid.</span> <span class='ocrx_word' id='word_1_165' title='bbox 595 1719 663 1742; x_wconf 87' lang='lat' dir='ltr'>sec.</span> 
     </span>
    </p>

    <p class='ocr_par' dir='ltr' id='par_1_4' title="bbox 269 1759 992 2755">
     <span class='ocr_line' id='line_1_32' title="bbox 331 1759 990 1804; baseline 0.009 -15"><span class='ocrx_word' id='word_1_166' title='bbox 331 1762 369 1790; x_wconf 79' lang='lat'>13</span> <span class='ocrx_word' id='word_1_167' title='bbox 395 1759 575 1797; x_wconf 74' lang='lat' dir='ltr'>Interfectis·</span> <span class='ocrx_word' id='word_1_168' title='bbox 589 1761 733 1792; x_wconf 78' lang='lat' dir='ltr'>amissam</span> <span class='ocrx_word' id='word_1_169' title='bbox 748 1762 862 1804; x_wconf 69' lang='lat' dir='ltr'>vitam]</span> <span class='ocrx_word' id='word_1_170' title='bbox 898 1762 990 1795; x_wconf 89' lang='lat' dir='ltr'>Phil.</span> 
     </span>
     <span class='ocr_line' id='line_1_33' title="bbox 285 1808 992 1854; baseline 0.01 -15"><span class='ocrx_word' id='word_1_171' title='bbox 285 1808 462 1841; x_wconf 87' lang='lat' dir='ltr'>Rubenius</span> <span class='ocrx_word' id='word_1_172' title='bbox 480 1811 589 1843; x_wconf 85' lang='lat' dir='ltr'>Elect.</span> <span class='ocrx_word' id='word_1_173' title='bbox 601 1821 626 1843; x_wconf 89' lang='lat'>1.</span> <span class='ocrx_word' id='word_1_174' title='bbox 640 1815 694 1843; x_wconf 81' lang='lat'>22.</span> <span class='ocrx_word' id='word_1_175' title='bbox 709 1814 857 1854; x_wconf 87' lang='lat' dir='ltr'>reponit,</span> <span class='ocrx_word' id='word_1_176' title='bbox 871 1812 992 1846; x_wconf 84' lang='lat' dir='ltr'>fluctu-</span> 
     </span>
     <span class='ocr_line' id='line_1_34' title="bbox 283 1859 990 1903; baseline 0.011 -15"><span class='ocrx_word' id='word_1_177' title='bbox 283 1868 343 1889; x_wconf 85' lang='lat' dir='ltr'>ans</span> <span class='ocrx_word' id='word_1_178' title='bbox 359 1859 453 1899; x_wconf 90' lang='lat' dir='ltr'>licet,</span> <span class='ocrx_word' id='word_1_179' title='bbox 467 1865 571 1901; x_wconf 85' lang='lat' dir='ltr'>atque</span> <span class='ocrx_word' id='word_1_180' title='bbox 585 1862 687 1893; x_wconf 90' lang='lat' dir='ltr'>animi</span> <span class='ocrx_word' id='word_1_181' title='bbox 698 1862 834 1903; x_wconf 83' lang='lat' dir='ltr'>dubius,</span> <span class='ocrx_word' id='word_1_182' title='bbox 845 1864 990 1902; x_wconf 83' lang='lat' dir='ltr'>intersec-</span> 
     </span>
     <span class='ocr_line' id='line_1_35' title="bbox 282 1909 988 1954; baseline 0.008 -15"><span class='ocrx_word' id='word_1_183' title='bbox 282 1909 325 1939; x_wconf 74' lang='lat' dir='ltr'>tis</span> <span class='ocrx_word' id='word_1_184' title='bbox 336 1909 438 1940; x_wconf 81' lang='lat' dir='ltr'>Amisi</span> <span class='ocrx_word' id='word_1_185' title='bbox 460 1911 570 1951; x_wconf 73' lang='lat' dir='ltr'>vitam,</span> <span class='ocrx_word' id='word_1_186' title='bbox 583 1913 662 1952; x_wconf 86' lang='lat' dir='ltr'>quia</span> <span class='ocrx_word' id='word_1_187' title='bbox 678 1913 783 1943; x_wconf 80' lang='lat' dir='ltr'>tradit</span> <span class='ocrx_word' id='word_1_188' title='bbox 809 1913 988 1954; x_wconf 86' lang='lat' dir='ltr'>Appianus</span> 
     </span>
     <span class='ocr_line' id='line_1_36' title="bbox 282 1957 989 2001; baseline 0.01 -13"><span class='ocrx_word' id='word_1_189' title='bbox 282 1957 322 1988; x_wconf 89' lang='lat' dir='ltr'>B.</span> <span class='ocrx_word' id='word_1_190' title='bbox 340 1959 380 1990; x_wconf 89' lang='lat' dir='ltr'>C.</span> <span class='ocrx_word' id='word_1_191' title='bbox 408 1959 429 1990; x_wconf 88' lang='lat' dir='ltr'>l.</span> <span class='ocrx_word' id='word_1_192' title='bbox 447 1969 489 1992; x_wconf 83' lang='lat'>11.</span> <span class='ocrx_word' id='word_1_193' title='bbox 504 1970 538 2000; x_wconf 87' lang='lat' dir='ltr'>p.</span> <span class='ocrx_word' id='word_1_194' title='bbox 554 1964 629 1993; x_wconf 69' lang='lat'>484.</span> <span class='ocrx_word' id='word_1_195' title='bbox 661 1960 734 1993; x_wconf 65' lang='lat' dir='ltr'>“Ort</span> <span class='ocrx_word' id='word_1_196' title='bbox 756 1963 882 2001; x_wconf 69' lang='grc' dir='ltr'>Ἀμισὸν</span> <span class='ocrx_word' id='word_1_197' title='bbox 897 1964 989 1996; x_wconf 80' lang='grc' dir='ltr'>πόλιν</span> 
     </span>
     <span class='ocr_line' id='line_1_37' title="bbox 279 2007 986 2054; baseline 0.01 -16"><span class='ocrx_word' id='word_1_198' title='bbox 279 2007 312 2038; x_wconf 82' lang='grc' dir='ltr'>ἐν</span> <span class='ocrx_word' id='word_1_199' title='bbox 333 2010 378 2048; x_wconf 74' lang='grc' dir='ltr'>τῷ</span> <span class='ocrx_word' id='word_1_200' title='bbox 408 2008 516 2050; x_wconf 84' lang='grc' dir='ltr'>Πόντῳ</span> <span class='ocrx_word' id='word_1_201' title='bbox 549 2011 778 2052; x_wconf 68' lang='grc' dir='ltr'>Ῥωμαΐζουσαν</span> <span class='ocrx_word' id='word_1_202' title='bbox 807 2014 986 2054; x_wconf 79' lang='grc' dir='ltr'>ἐξηνδραπό-</span> 
     </span>
     <span class='ocr_line' id='line_1_38' title="bbox 279 2059 987 2103; baseline 0.01 -15"><span class='ocrx_word' id='word_1_203' title='bbox 279 2059 379 2098; x_wconf 79' lang='grc' dir='ltr'><em>διστο,</em></span> <span class='ocrx_word' id='word_1_204' title='bbox 412 2059 463 2091; x_wconf 76' lang='grc' dir='ltr'>καὶ</span> <span class='ocrx_word' id='word_1_205' title='bbox 499 2060 572 2093; x_wconf 80' lang='grc' dir='ltr'>τοὺς</span> <span class='ocrx_word' id='word_1_206' title='bbox 608 2064 718 2094; x_wconf 80' lang='grc' dir='ltr'><strong><em>παῖδας</em></strong></span> <span class='ocrx_word' id='word_1_207' title='bbox 743 2064 843 2094; x_wconf 79' lang='grc' dir='ltr'>αὐτῶν</span> <span class='ocrx_word' id='word_1_208' title='bbox 878 2064 987 2103; x_wconf 74' lang='grc' dir='ltr'>τομίας</span> 
     </span>
     <span class='ocr_line' id='line_1_39' title="bbox 278 2108 983 2146; baseline 0.011 -8"><span class='ocrx_word' id='word_1_209' title='bbox 278 2108 448 2146; x_wconf 84' lang='grc' dir='ltr'>ἐποιήσατο</span> <span class='ocrx_word' id='word_1_210' title='bbox 458 2110 587 2143; x_wconf 82' lang='grc' dir='ltr'>πάντας,</span> <span class='ocrx_word' id='word_1_211' title='bbox 627 2113 820 2144; x_wconf 86' lang='lat' dir='ltr'>Secundum</span> <span class='ocrx_word' id='word_1_212' title='bbox 835 2115 983 2146; x_wconf 83' lang='lat' dir='ltr'>Dionem</span> 
     </span>
     <span class='ocr_line' id='line_1_40' title="bbox 278 2160 983 2203; baseline 0.007 -13"><span class='ocrx_word' id='word_1_213' title='bbox 278 2160 382 2191; x_wconf 84' lang='lat' dir='ltr'>etiam</span> <span class='ocrx_word' id='word_1_214' title='bbox 399 2161 420 2192; x_wconf 92' lang='grc'>1.</span> <span class='ocrx_word' id='word_1_215' title='bbox 433 2170 528 2192; x_wconf 74' lang='grc' dir='ltr'><strong>Χιιι.</strong></span> <span class='ocrx_word' id='word_1_216' title='bbox 547 2172 581 2203; x_wconf 89' lang='lat' dir='ltr'>p.</span> <span class='ocrx_word' id='word_1_217' title='bbox 599 2165 673 2193; x_wconf 84' lang='lat'><strong>206.</strong></span> <span class='ocrx_word' id='word_1_218' title='bbox 693 2164 887 2195; x_wconf 80' lang='lat' dir='ltr'>Pharnaces</span> <span class='ocrx_word' id='word_1_219' title='bbox 900 2165 983 2203; x_wconf 80' lang='grc' dir='ltr'>Ἀμι-</span> 
     </span>
     <span class='ocr_line' id='line_1_41' title="bbox 277 2209 983 2252; baseline 0.008 -13"><span class='ocrx_word' id='word_1_220' title='bbox 277 2219 334 2240; x_wconf 87' lang='grc' dir='ltr'>σον</span> <span class='ocrx_word' id='word_1_221' title='bbox 443 2209 511 2242; x_wconf 77' lang='grc' dir='ltr'>εἷλέ</span> <span class='ocrx_word' id='word_1_222' title='bbox 530 2223 567 2242; x_wconf 80' lang='grc' dir='ltr'>τε</span> <span class='ocrx_word' id='word_1_223' title='bbox 587 2211 638 2242; x_wconf 74' lang='grc' dir='ltr'>καὶ</span> <span class='ocrx_word' id='word_1_224' title='bbox 661 2211 820 2252; x_wconf 79' lang='grc' dir='ltr'>διήρπασε,</span> <span class='ocrx_word' id='word_1_225' title='bbox 843 2212 915 2245; x_wconf 82' lang='grc' dir='ltr'><strong><em>τούς</em></strong></span> <span class='ocrx_word' id='word_1_226' title='bbox 946 2226 983 2245; x_wconf 78' lang='grc' dir='ltr'>τε</span> 
     </span>
     <span class='ocr_line' id='line_1_42' title="bbox 274 2258 982 2303; baseline 0.006 -13"><span class='ocrx_word' id='word_1_227' title='bbox 274 2258 417 2296; x_wconf 76' lang='grc' dir='ltr'>ἡβῶντας</span> <span class='ocrx_word' id='word_1_228' title='bbox 432 2261 465 2291; x_wconf 85' lang='grc' dir='ltr'>ἐν</span> <span class='ocrx_word' id='word_1_229' title='bbox 477 2261 556 2303; x_wconf 81' lang='grc' dir='ltr'>αὐτῇ</span> <span class='ocrx_word' id='word_1_230' title='bbox 571 2260 689 2293; x_wconf 79' lang='grc' dir='ltr'>πάντας</span> <span class='ocrx_word' id='word_1_231' title='bbox 705 2261 875 2294; x_wconf 80' lang='grc' dir='ltr'>ἀπέκτεινε.</span> <span class='ocrx_word' id='word_1_232' title='bbox 913 2264 982 2295; x_wconf 77' lang='lat' dir='ltr'>Sed</span> 
     </span>
     <span class='ocr_line' id='line_1_43' title="bbox 273 2309 981 2350; baseline 0.006 -9"><span class='ocrx_word' id='word_1_233' title='bbox 273 2309 361 2341; x_wconf 82' lang='lat' dir='ltr'>hanc</span> <span class='ocrx_word' id='word_1_234' title='bbox 387 2311 431 2342; x_wconf 92' lang='lat' dir='ltr'>ob</span> <span class='ocrx_word' id='word_1_235' title='bbox 456 2321 593 2342; x_wconf 84' lang='lat' dir='ltr'>causam</span> <span class='ocrx_word' id='word_1_236' title='bbox 619 2313 758 2350; x_wconf 64' lang='lat' dir='ltr'>vulgata</span> <span class='ocrx_word' id='word_1_237' title='bbox 786 2314 887 2344; x_wconf 82' lang='lat' dir='ltr'>lectio</span> <span class='ocrx_word' id='word_1_238' title='bbox 914 2324 981 2345; x_wconf 88' lang='lat' dir='ltr'>non</span> 
     </span>
     <span class='ocr_line' id='line_1_44' title="bbox 275 2360 979 2403; baseline 0.007 -13"><span class='ocrx_word' id='word_1_239' title='bbox 275 2364 329 2390; x_wconf 84' lang='lat' dir='ltr'>est</span> <span class='ocrx_word' id='word_1_240' title='bbox 343 2360 574 2399; x_wconf 82' lang='lat' dir='ltr'>sollicitanda;</span> <span class='ocrx_word' id='word_1_241' title='bbox 603 2371 712 2403; x_wconf 81' lang='lat' dir='ltr'>neque</span> <span class='ocrx_word' id='word_1_242' title='bbox 736 2363 826 2393; x_wconf 88' lang='lat' dir='ltr'>enim</span> <span class='ocrx_word' id='word_1_243' title='bbox 846 2363 979 2395; x_wconf 82' lang='lat' dir='ltr'>Hirtius</span> 
     </span>
     <span class='ocr_line' id='line_1_45' title="bbox 274 2409 979 2452; baseline 0.007 -12"><span class='ocrx_word' id='word_1_244' title='bbox 274 2409 384 2441; x_wconf 83' lang='lat' dir='ltr'>Amisi</span> <span class='ocrx_word' id='word_1_245' title='bbox 415 2411 515 2441; x_wconf 89' lang='lat' dir='ltr'>solius</span> <span class='ocrx_word' id='word_1_246' title='bbox 548 2412 677 2452; x_wconf 82' lang='lat' dir='ltr'>direpti</span> <span class='ocrx_word' id='word_1_247' title='bbox 711 2413 876 2451; x_wconf 80' lang='lat' dir='ltr'>meminit,</span> <span class='ocrx_word' id='word_1_248' title='bbox 919 2415 979 2445; x_wconf 86' lang='lat' dir='ltr'>sed</span> 
     </span>
     <span class='ocr_line' id='line_1_46' title="bbox 274 2461 979 2502; baseline 0.004 -11"><span class='ocrx_word' id='word_1_249' title='bbox 274 2461 456 2492; x_wconf 85' lang='lat' dir='ltr'>multorum</span> <span class='ocrx_word' id='word_1_250' title='bbox 474 2461 691 2502; x_wconf 83' lang='lat' dir='ltr'>oppidorum,</span> <span class='ocrx_word' id='word_1_251' title='bbox 715 2467 749 2492; x_wconf 88' lang='lat' dir='ltr'>et</span> <span class='ocrx_word' id='word_1_252' title='bbox 780 2463 979 2501; x_wconf 81' lang='lat' dir='ltr'>gravissima</span> 
     </span>
     <span class='ocr_line' id='line_1_47' title="bbox 273 2512 979 2553; baseline 0.004 -11"><span class='ocrx_word' id='word_1_253' title='bbox 273 2512 347 2543; x_wconf 82' lang='lat' dir='ltr'>haec</span> <span class='ocrx_word' id='word_1_254' title='bbox 372 2513 541 2553; x_wconf 74' lang='lat' dir='ltr'>supplicia</span> <span class='ocrx_word' id='word_1_255' title='bbox 557 2513 589 2543; x_wconf 89' lang='lat' dir='ltr'>in</span> <span class='ocrx_word' id='word_1_256' title='bbox 613 2522 682 2551; x_wconf 75' lang='lat' dir='ltr'>cos,</span> <span class='ocrx_word' id='word_1_257' title='bbox 706 2513 761 2553; x_wconf 85' lang='lat' dir='ltr'>qui</span> <span class='ocrx_word' id='word_1_258' title='bbox 787 2513 905 2545; x_wconf 82' lang='lat' dir='ltr'>formae</span> <span class='ocrx_word' id='word_1_259' title='bbox 930 2520 979 2545; x_wconf 89' lang='lat' dir='ltr'>at-</span> 
     </span>
     <span class='ocr_line' id='line_1_48' title="bbox 271 2563 978 2604; baseline 0.004 -11"><span class='ocrx_word' id='word_1_260' title='bbox 271 2572 338 2604; x_wconf 91' lang='lat' dir='ltr'>que</span> <span class='ocrx_word' id='word_1_261' title='bbox 370 2563 482 2594; x_wconf 78' lang='lat' dir='ltr'>aetatis</span> <span class='ocrx_word' id='word_1_262' title='bbox 513 2563 841 2594; x_wconf 79' lang='lat' dir='ltr'>commendationem</span> <span class='ocrx_word' id='word_1_263' title='bbox 878 2565 978 2596; x_wconf 84' lang='lat' dir='ltr'>habe-</span> 
     </span>
     <span class='ocr_line' id='line_1_49' title="bbox 272 2611 977 2655; baseline 0.003 -12"><span class='ocrx_word' id='word_1_264' title='bbox 272 2611 367 2651; x_wconf 89' lang='lat' dir='ltr'>bant,</span> <span class='ocrx_word' id='word_1_265' title='bbox 383 2611 486 2644; x_wconf 85' lang='lat' dir='ltr'>fuisse</span> <span class='ocrx_word' id='word_1_266' title='bbox 501 2614 689 2644; x_wconf 79' lang='lat' dir='ltr'>constituta</span> <span class='ocrx_word' id='word_1_267' title='bbox 705 2618 821 2644; x_wconf 85' lang='lat' dir='ltr'>narrat</span> <span class='ocrx_word' id='word_1_268' title='bbox 837 2615 977 2655; x_wconf 86' lang='lat' dir='ltr'>hujusce</span> 
     </span>
     <span class='ocr_line' id='line_1_50' title="bbox 269 2662 977 2698; baseline 0.006 -5"><span class='ocrx_word' id='word_1_269' title='bbox 269 2662 350 2693; x_wconf 81' lang='lat' dir='ltr'>libri</span> <span class='ocrx_word' id='word_1_270' title='bbox 377 2672 408 2693; x_wconf 88' lang='lat' dir='ltr'>c.</span> <span class='ocrx_word' id='word_1_271' title='bbox 432 2666 485 2693; x_wconf 85' lang='grc'>41.</span> <span class='ocrx_word' id='word_1_272' title='bbox 519 2664 634 2695; x_wconf 76' lang='lat' dir='ltr'>Dat-is.</span> <span class='ocrx_word' id='word_1_273' title='bbox 678 2664 774 2696; x_wconf 87' lang='lat' dir='ltr'>Idem</span> <span class='ocrx_word' id='word_1_274' title='bbox 803 2665 977 2698; x_wconf 88' lang='lat' dir='ltr'>Rubenius</span> 
     </span>
     <span class='ocr_line' id='line_1_51' title="bbox 269 2715 978 2755; baseline 0.004 -10"><span class='ocrx_word' id='word_1_275' title='bbox 269 2722 303 2754; x_wconf 88' lang='lat' dir='ltr'>p.</span> <span class='ocrx_word' id='word_1_276' title='bbox 319 2716 373 2745; x_wconf 72' lang='lat'>31.</span> <span class='ocrx_word' id='word_1_277' title='bbox 390 2719 511 2755; x_wconf 79' lang='lat' dir='ltr'>rogat:</span> <span class='ocrx_word' id='word_1_278' title='bbox 533 2715 542 2731; x_wconf 91' lang='lat'>‘</span> <span class='ocrx_word' id='word_1_279' title='bbox 560 2715 682 2747; x_wconf 86' lang='lat' dir='ltr'>Nonne</span> <span class='ocrx_word' id='word_1_280' title='bbox 711 2725 793 2747; x_wconf 86' lang='lat' dir='ltr'>vero</span> <span class='ocrx_word' id='word_1_281' title='bbox 821 2716 917 2748; x_wconf 82' lang='lat' dir='ltr'>nihili</span> <span class='ocrx_word' id='word_1_282' title='bbox 941 2721 978 2749; x_wconf 84' lang='lat' dir='ltr'>et</span> 
     </span>
    </p>
   </div>
   <div class='ocr_carea' id='block_1_3' title="bbox 738 1425 823 1432">
    <p class='ocr_par' dir='ltr' id='par_1_5' title="bbox 738 1425 823 1432">
     <span class='ocr_line' id='line_1_52' title="bbox 738 1425 823 1432; baseline 0 1677"><span class='ocrx_word' id='word_1_283' title='bbox 738 1425 823 1432; x_wconf 95' lang='lat' dir='ltr'> </span> 
     </span>
    </p>
   </div>
   <div class='ocr_carea' id='block_1_4' title="bbox 636 1475 721 1483">
    <p class='ocr_par' dir='ltr' id='par_1_6' title="bbox 636 1475 721 1483">
     <span class='ocr_line' id='line_1_53' title="bbox 636 1475 721 1483; baseline 0 0"><span class='ocrx_word' id='word_1_284' title='bbox 636 1475 721 1483; x_wconf 95' lang='lat' dir='ltr'> </span> 
     </span>
    </p>
   </div>
   <div class='ocr_carea' id='block_1_5' title="bbox 498 1524 584 1531">
    <p class='ocr_par' dir='ltr' id='par_1_7' title="bbox 498 1524 584 1531">
     <span class='ocr_line' id='line_1_54' title="bbox 498 1524 584 1531; baseline 0 0"><span class='ocrx_word' id='word_1_285' title='bbox 498 1524 584 1531; x_wconf 95' lang='lat' dir='ltr'> </span> 
     </span>
    </p>
   </div>
   <div class='ocr_carea' id='block_1_6' title="bbox 346 2226 432 2234">
    <p class='ocr_par' dir='ltr' id='par_1_8' title="bbox 346 2226 432 2234">
     <span class='ocr_line' id='line_1_55' title="bbox 346 2226 432 2234; baseline 0 0"><span class='ocrx_word' id='word_1_286' title='bbox 346 2226 432 2234; x_wconf 95' lang='lat' dir='ltr'> </span> 
     </span>
    </p>
   </div>
   <div class='ocr_carea' id='block_1_7' title="bbox 785 151 1310 182">
    <p class='ocr_par' dir='ltr' id='par_1_9' title="bbox 785 151 1310 182">
     <span class='ocr_line' id='line_1_56' title="bbox 785 151 1310 182; baseline 0 0"><span class='ocrx_word' id='word_1_287' title='bbox 785 151 927 182; x_wconf 76' lang='lat' dir='ltr'>No&#39;rAE</span> <span class='ocrx_word' id='word_1_288' title='bbox 959 151 1224 182; x_wconf 81' lang='lat' dir='ltr'>vARloRUM</span> <span class='ocrx_word' id='word_1_289' title='bbox 1260 151 1310 182; x_wconf 81' lang='lat' dir='ltr'>IN</span> 
     </span>
    </p>
   </div>
   <div class='ocr_carea' id='block_1_8' title="bbox 1027 245 1768 2759">
    <p class='ocr_par' dir='ltr' id='par_1_10' title="bbox 1027 245 1768 2759">
     <span class='ocr_line' id='line_1_57' title="bbox 1067 245 1768 280; baseline 0.006 -4"><span class='ocrx_word' id='word_1_290' title='bbox 1067 255 1211 278; x_wconf 84' lang='lat' dir='ltr'>vacuum</span> <span class='ocrx_word' id='word_1_291' title='bbox 1253 245 1300 276; x_wconf 86' lang='lat' dir='ltr'>ibi</span> <span class='ocrx_word' id='word_1_292' title='bbox 1340 245 1480 276; x_wconf 82' lang='lat' dir='ltr'>verbum</span> <span class='ocrx_word' id='word_1_293' title='bbox 1512 249 1563 276; x_wconf 88' lang='lat' dir='ltr'>est</span> <span class='ocrx_word' id='word_1_294' title='bbox 1599 245 1768 280; x_wconf 75' lang='lat' dir='ltr'>amissam?</span> 
     </span>
     <span class='ocr_line' id='line_1_58' title="bbox 1065 295 1767 338; baseline 0.003 -12"><span class='ocrx_word' id='word_1_295' title='bbox 1065 296 1152 327; x_wconf 83' lang='lat' dir='ltr'>Mihi</span> <span class='ocrx_word' id='word_1_296' title='bbox 1168 295 1303 338; x_wconf 86' lang='lat' dir='ltr'>quidem</span> <span class='ocrx_word' id='word_1_297' title='bbox 1319 295 1466 335; x_wconf 82' lang='lat' dir='ltr'>videtur,</span> <span class='ocrx_word' id='word_1_298' title='bbox 1482 299 1529 332; x_wconf 84' lang='lat' dir='ltr'>et,</span> <span class='ocrx_word' id='word_1_299' title='bbox 1542 295 1568 326; x_wconf 86' lang='lat' dir='ltr'>si</span> <span class='ocrx_word' id='word_1_300' title='bbox 1590 295 1671 336; x_wconf 88' lang='lat' dir='ltr'>quid</span> <span class='ocrx_word' id='word_1_301' title='bbox 1699 297 1767 328; x_wconf 71' lang='lat' dir='ltr'>take</span> 
     </span>
     <span class='ocr_line' id='line_1_59' title="bbox 1065 346 1764 388; baseline 0.001 -10"><span class='ocrx_word' id='word_1_302' title='bbox 1065 346 1269 388; x_wconf 88' lang='lat' dir='ltr'>addendum,</span> <span class='ocrx_word' id='word_1_303' title='bbox 1282 348 1394 388; x_wconf 76' lang='lat' dir='ltr'>aptius</span> <span class='ocrx_word' id='word_1_304' title='bbox 1408 346 1478 378; x_wconf 84' lang='lat' dir='ltr'>t&#39;ore</span> <span class='ocrx_word' id='word_1_305' title='bbox 1492 347 1650 388; x_wconf 59' lang='lat' dir='ltr'>ereptam)</span> <span class='ocrx_word' id='word_1_306' title='bbox 1689 349 1764 379; x_wconf 87' lang='lat' dir='ltr'>Du-</span> 
     </span>
     <span class='ocr_line' id='line_1_60' title="bbox 1064 395 1765 438; baseline 0.004 -11"><span class='ocrx_word' id='word_1_307' title='bbox 1064 395 1186 428; x_wconf 83' lang='lat' dir='ltr'>bitavit</span> <span class='ocrx_word' id='word_1_308' title='bbox 1201 406 1323 438; x_wconf 78' lang='lat' dir='ltr'>nempe</span> <span class='ocrx_word' id='word_1_309' title='bbox 1349 398 1400 429; x_wconf 88' lang='lat' dir='ltr'>vir</span> <span class='ocrx_word' id='word_1_310' title='bbox 1429 397 1597 435; x_wconf 80' lang='lat' dir='ltr'>cruditus,</span> <span class='ocrx_word' id='word_1_311' title='bbox 1615 407 1691 428; x_wconf 89' lang='lat' dir='ltr'>num</span> <span class='ocrx_word' id='word_1_312' title='bbox 1719 399 1765 430; x_wconf 80' lang='lat' dir='ltr'>in-</span> 
     </span>
     <span class='ocr_line' id='line_1_61' title="bbox 1063 445 1764 483; baseline 0.007 -8"><span class='ocrx_word' id='word_1_313' title='bbox 1063 445 1200 483; x_wconf 70' lang='lat' dir='ltr'>terfectis</span> <span class='ocrx_word' id='word_1_314' title='bbox 1216 448 1369 478; x_wconf 84' lang='lat' dir='ltr'>amissam</span> <span class='ocrx_word' id='word_1_315' title='bbox 1392 448 1490 479; x_wconf 76' lang='lat' dir='ltr'>ritum</span> <span class='ocrx_word' id='word_1_316' title='bbox 1512 449 1675 480; x_wconf 75' lang='lat' dir='ltr'>restituere</span> <span class='ocrx_word' id='word_1_317' title='bbox 1697 449 1764 480; x_wconf 83' lang='lat' dir='ltr'>Ro-</span> 
     </span>
     <span class='ocr_line' id='line_1_62' title="bbox 1061 497 1764 540; baseline 0.006 -14"><span class='ocrx_word' id='word_1_318' title='bbox 1061 497 1285 538; x_wconf 76' lang='lat' dir='ltr'>manalingua</span> <span class='ocrx_word' id='word_1_319' title='bbox 1295 503 1481 538; x_wconf 78' lang='lat' dir='ltr'>pateretur.</span> <span class='ocrx_word' id='word_1_320' title='bbox 1508 498 1648 540; x_wconf 74' lang='lat' dir='ltr'>Absque</span> <span class='ocrx_word' id='word_1_321' title='bbox 1662 508 1764 530; x_wconf 82' lang='lat' dir='ltr'>causa</span> 
     </span>
     <span class='ocr_line' id='line_1_63' title="bbox 1061 545 1764 586; baseline 0.007 -10"><span class='ocrx_word' id='word_1_322' title='bbox 1061 545 1199 586; x_wconf 89' lang='lat' dir='ltr'>quidem</span> <span class='ocrx_word' id='word_1_323' title='bbox 1239 547 1380 579; x_wconf 83' lang='lat' dir='ltr'>sontica.</span> <span class='ocrx_word' id='word_1_324' title='bbox 1454 549 1628 581; x_wconf 79' lang='lat' dir='ltr'>Juvencus</span> <span class='ocrx_word' id='word_1_325' title='bbox 1668 549 1764 582; x_wconf 82' lang='lat' dir='ltr'>Hist.</span> 
     </span>
     <span class='ocr_line' id='line_1_64' title="bbox 1060 596 1762 639; baseline 0.007 -13"><span class='ocrx_word' id='word_1_326' title='bbox 1060 596 1189 636; x_wconf 82' lang='lat' dir='ltr'>Evang.</span> <span class='ocrx_word' id='word_1_327' title='bbox 1212 597 1236 628; x_wconf 93' lang='lat' dir='ltr'>l.</span> <span class='ocrx_word' id='word_1_328' title='bbox 1252 606 1292 628; x_wconf 88' lang='lat'>11.</span> <span class='ocrx_word' id='word_1_329' title='bbox 1311 607 1345 638; x_wconf 91' lang='lat' dir='ltr'>p.</span> <span class='ocrx_word' id='word_1_330' title='bbox 1361 601 1412 629; x_wconf 89' lang='grc'>57.</span> <span class='ocrx_word' id='word_1_331' title='bbox 1428 598 1511 630; x_wconf 89' lang='lat' dir='ltr'>edit.</span> <span class='ocrx_word' id='word_1_332' title='bbox 1535 599 1642 639; x_wconf 82' lang='lat' dir='ltr'>Lugd.</span> <span class='ocrx_word' id='word_1_333' title='bbox 1669 602 1762 632; x_wconf 84' lang='lat'><strong>1553.</strong></span> 
     </span>
     <span class='ocr_line' id='line_1_65' title="bbox 1057 646 1763 690; baseline 0.007 -13"><span class='ocrx_word' id='word_1_334' title='bbox 1057 646 1067 662; x_wconf 83' lang='lat'>‘</span> <span class='ocrx_word' id='word_1_335' title='bbox 1087 647 1256 678; x_wconf 82' lang='lat' dir='ltr'>Redditur</span> <span class='ocrx_word' id='word_1_336' title='bbox 1281 648 1404 679; x_wconf 81' lang='lat' dir='ltr'>amissa·</span> <span class='ocrx_word' id='word_1_337' title='bbox 1429 649 1510 680; x_wconf 83' lang='lat' dir='ltr'>lethi</span> <span class='ocrx_word' id='word_1_338' title='bbox 1534 655 1610 690; x_wconf 79' lang='lat' dir='ltr'>post</span> <span class='ocrx_word' id='word_1_339' title='bbox 1640 649 1763 682; x_wconf 86' lang='lat' dir='ltr'>funera</span> 
     </span>
     <span class='ocr_line' id='line_1_66' title="bbox 1058 698 1762 737; baseline 0.01 -8"><span class='ocrx_word' id='word_1_340' title='bbox 1058 698 1153 730; x_wconf 68' lang='lat' dir='ltr'>ritae!</span> <span class='ocrx_word' id='word_1_341' title='bbox 1198 699 1253 730; x_wconf 90' lang='lat' dir='ltr'>Sic</span> <span class='ocrx_word' id='word_1_342' title='bbox 1267 700 1357 731; x_wconf 89' lang='lat' dir='ltr'>enim</span> <span class='ocrx_word' id='word_1_343' title='bbox 1375 710 1418 732; x_wconf 87' lang='lat' dir='ltr'>ex</span> <span class='ocrx_word' id='word_1_344' title='bbox 1435 702 1537 732; x_wconf 80' lang='lat' dir='ltr'>Msto.</span> <span class='ocrx_word' id='word_1_345' title='bbox 1555 704 1592 734; x_wconf 89' lang='lat' dir='ltr'>C.</span> <span class='ocrx_word' id='word_1_346' title='bbox 1611 704 1650 735; x_wconf 90' lang='lat' dir='ltr'>C.</span> <span class='ocrx_word' id='word_1_347' title='bbox 1667 704 1705 735; x_wconf 87' lang='lat' dir='ltr'>C.</span> <span class='ocrx_word' id='word_1_348' title='bbox 1722 704 1762 737; x_wconf 91' lang='lat' dir='ltr'>C.</span> 
     </span>
     <span class='ocr_line' id='line_1_67' title="bbox 1056 748 1760 789; baseline 0.009 -10"><span class='ocrx_word' id='word_1_349' title='bbox 1056 748 1249 789; x_wconf 84' lang='lat' dir='ltr'>legendum,</span> <span class='ocrx_word' id='word_1_350' title='bbox 1286 760 1351 781; x_wconf 91' lang='lat' dir='ltr'>non</span> <span class='ocrx_word' id='word_1_351' title='bbox 1381 751 1494 782; x_wconf 86' lang='lat' dir='ltr'>amissa</span> <span class='ocrx_word' id='word_1_352' title='bbox 1525 753 1603 784; x_wconf 71' lang='lat' dir='ltr'>vita.</span> <span class='ocrx_word' id='word_1_353' title='bbox 1662 753 1760 786; x_wconf 86' lang='lat' dir='ltr'>Idem</span> 
     </span>
     <span class='ocr_line' id='line_1_68' title="bbox 1055 798 1758 839; baseline 0.009 -10"><span class='ocrx_word' id='word_1_354' title='bbox 1055 798 1077 830; x_wconf 88' lang='lat'>1.</span> <span class='ocrx_word' id='word_1_355' title='bbox 1095 808 1150 830; x_wconf 88' lang='lat'>111.</span> <span class='ocrx_word' id='word_1_356' title='bbox 1175 809 1207 839; x_wconf 93' lang='lat' dir='ltr'>p.</span> <span class='ocrx_word' id='word_1_357' title='bbox 1226 803 1279 831; x_wconf 86' lang='grc'>79.</span> <span class='ocrx_word' id='word_1_358' title='bbox 1297 803 1304 817; x_wconf 89' lang='lat'>‘</span> <span class='ocrx_word' id='word_1_359' title='bbox 1324 801 1494 838; x_wconf 84' lang='lat' dir='ltr'>Gaudeat,</span> <span class='ocrx_word' id='word_1_360' title='bbox 1507 802 1653 833; x_wconf 79' lang='lat' dir='ltr'>amissam</span> <span class='ocrx_word' id='word_1_361' title='bbox 1669 802 1758 835; x_wconf 82' lang='lat' dir='ltr'>redi-</span> 
     </span>
     <span class='ocr_line' id='line_1_69' title="bbox 1055 850 1761 891; baseline 0.01 -12"><span class='ocrx_word' id='word_1_362' title='bbox 1055 854 1127 880; x_wconf 91' lang='lat' dir='ltr'>met</span> <span class='ocrx_word' id='word_1_363' title='bbox 1156 850 1212 880; x_wconf 86' lang='lat' dir='ltr'>cui</span> <span class='ocrx_word' id='word_1_364' title='bbox 1237 851 1343 891; x_wconf 78' lang='lat' dir='ltr'>gloria</span> <span class='ocrx_word' id='word_1_365' title='bbox 1366 852 1487 883; x_wconf 70' lang='lat' dir='ltr'>vitam!</span> <span class='ocrx_word' id='word_1_366' title='bbox 1533 855 1688 885; x_wconf 73' lang='lat' dir='ltr'>Amissum</span> <span class='ocrx_word' id='word_1_367' title='bbox 1712 858 1761 886; x_wconf 73' lang='lat' dir='ltr'>ta·</span> 
     </span>
     <span class='ocr_line' id='line_1_70' title="bbox 1055 900 1758 942; baseline 0.011 -14"><span class='ocrx_word' id='word_1_368' title='bbox 1055 908 1146 937; x_wconf 88' lang='lat' dir='ltr'>men,</span> <span class='ocrx_word' id='word_1_369' title='bbox 1163 903 1201 930; x_wconf 90' lang='lat' dir='ltr'>ut</span> <span class='ocrx_word' id='word_1_370' title='bbox 1224 909 1266 930; x_wconf 82' lang='lat' dir='ltr'>ex</span> <span class='ocrx_word' id='word_1_371' title='bbox 1289 900 1411 934; x_wconf 85' lang='lat' dir='ltr'>Glossa</span> <span class='ocrx_word' id='word_1_372' title='bbox 1427 906 1541 934; x_wconf 84' lang='lat' dir='ltr'>natam</span> <span class='ocrx_word' id='word_1_373' title='bbox 1557 913 1690 942; x_wconf 83' lang='lat' dir='ltr'>vocem,</span> <span class='ocrx_word' id='word_1_374' title='bbox 1704 905 1758 936; x_wconf 89' lang='lat' dir='ltr'>Cl.</span> 
     </span>
     <span class='ocr_line' id='line_1_71' title="bbox 1055 948 1761 993; baseline 0.014 -15"><span class='ocrx_word' id='word_1_375' title='bbox 1055 948 1160 979; x_wconf 87' lang='lat' dir='ltr'>etiam</span> <span class='ocrx_word' id='word_1_376' title='bbox 1177 950 1309 980; x_wconf 83' lang='lat' dir='ltr'>Gudius</span> <span class='ocrx_word' id='word_1_377' title='bbox 1326 950 1464 983; x_wconf 88' lang='lat' dir='ltr'>delevit.</span> <span class='ocrx_word' id='word_1_378' title='bbox 1490 952 1590 993; x_wconf 80' lang='lat' dir='ltr'>Idem,</span> <span class='ocrx_word' id='word_1_379' title='bbox 1606 964 1678 986; x_wconf 84' lang='lat' dir='ltr'>cur.</span> <span class='ocrx_word' id='word_1_380' title='bbox 1689 964 1761 989; x_wconf 87' lang='lat' dir='ltr'>sec.</span> 
     </span>
     <span class='ocr_line' id='line_1_72' title="bbox 1055 999 1761 1038; baseline 0.013 -9"><span class='ocrx_word' id='word_1_381' title='bbox 1055 999 1162 1030; x_wconf 86' lang='lat' dir='ltr'>Recte</span> <span class='ocrx_word' id='word_1_382' title='bbox 1189 1010 1307 1031; x_wconf 88' lang='lat' dir='ltr'>vocem</span> <span class='ocrx_word' id='word_1_383' title='bbox 1334 1002 1478 1033; x_wconf 82' lang='lat' dir='ltr'>amissam</span> <span class='ocrx_word' id='word_1_384' title='bbox 1508 1003 1662 1036; x_wconf 85' lang='lat' dir='ltr'>defendit</span> <span class='ocrx_word' id='word_1_385' title='bbox 1689 1006 1761 1038; x_wconf 85' lang='lat' dir='ltr'>Da-</span> 
     </span>
     <span class='ocr_line' id='line_1_73' title="bbox 1056 1050 1759 1095; baseline 0.011 -15"><span class='ocrx_word' id='word_1_386' title='bbox 1056 1050 1169 1091; x_wconf 85' lang='lat' dir='ltr'>visius,</span> <span class='ocrx_word' id='word_1_387' title='bbox 1187 1061 1263 1092; x_wconf 84' lang='lat' dir='ltr'>quae</span> <span class='ocrx_word' id='word_1_388' title='bbox 1290 1056 1326 1083; x_wconf 91' lang='lat' dir='ltr'>et</span> <span class='ocrx_word' id='word_1_389' title='bbox 1356 1053 1565 1095; x_wconf 81' lang='lat' dir='ltr'>subintelligi</span> <span class='ocrx_word' id='word_1_390' title='bbox 1593 1055 1699 1088; x_wconf 89' lang='lat' dir='ltr'>debet</span> <span class='ocrx_word' id='word_1_391' title='bbox 1726 1057 1759 1087; x_wconf 91' lang='lat' dir='ltr'>in</span> 
     </span>
     <span class='ocr_line' id='line_1_74' title="bbox 1053 1100 1756 1137; baseline 0.01 -7"><span class='ocrx_word' id='word_1_392' title='bbox 1053 1100 1250 1133; x_wconf 67' lang='lat' dir='ltr'>virilitatem.</span> <span class='ocrx_word' id='word_1_393' title='bbox 1318 1102 1386 1133; x_wconf 80' lang='lat' dir='ltr'>Adi</span> <span class='ocrx_word' id='word_1_394' title='bbox 1431 1104 1504 1135; x_wconf 87' lang='lat' dir='ltr'>Cel.</span> <span class='ocrx_word' id='word_1_395' title='bbox 1553 1105 1668 1137; x_wconf 89' lang='lat' dir='ltr'>Burm.</span> <span class='ocrx_word' id='word_1_396' title='bbox 1713 1106 1756 1137; x_wconf 87' lang='lat' dir='ltr'>ad</span> 
     </span>
     <span class='ocr_line' id='line_1_75' title="bbox 1054 1150 1757 1187; baseline 0.011 -8"><span class='ocrx_word' id='word_1_397' title='bbox 1054 1150 1190 1181; x_wconf 78' lang='lat' dir='ltr'>phaedr.</span> <span class='ocrx_word' id='word_1_398' title='bbox 1216 1151 1252 1182; x_wconf 89' lang='lat' dir='ltr'>F.</span> <span class='ocrx_word' id='word_1_399' title='bbox 1276 1154 1327 1182; x_wconf 87' lang='grc'>50.</span> <span class='ocrx_word' id='word_1_400' title='bbox 1343 1152 1385 1182; x_wconf 83' lang='lat' dir='ltr'>de</span> <span class='ocrx_word' id='word_1_401' title='bbox 1414 1153 1600 1185; x_wconf 83' lang='lat' dir='ltr'>Eunucho:</span> <span class='ocrx_word' id='word_1_402' title='bbox 1627 1157 1635 1172; x_wconf 86' lang='lat'>‘</span> <span class='ocrx_word' id='word_1_403' title='bbox 1654 1156 1757 1187; x_wconf 86' lang='lat' dir='ltr'>Dam-</span> 
     </span>
     <span class='ocr_line' id='line_1_76' title="bbox 1052 1200 1738 1244; baseline 0.012 -15"><span class='ocrx_word' id='word_1_404' title='bbox 1052 1209 1130 1229; x_wconf 89' lang='lat' dir='ltr'>num</span> <span class='ocrx_word' id='word_1_405' title='bbox 1148 1200 1334 1231; x_wconf 86' lang='lat' dir='ltr'>insectatus</span> <span class='ocrx_word' id='word_1_406' title='bbox 1356 1206 1410 1233; x_wconf 85' lang='lat' dir='ltr'>est</span> <span class='ocrx_word' id='word_1_407' title='bbox 1427 1203 1541 1234; x_wconf 86' lang='lat' dir='ltr'>amissi</span> <span class='ocrx_word' id='word_1_408' title='bbox 1561 1206 1738 1244; x_wconf 56' lang='lat' dir='ltr'>corporis?</span> 
     </span>
     <span class='ocr_line' id='line_1_77' title="bbox 1095 1251 1757 1299; baseline 0.014 -20"><span class='ocrx_word' id='word_1_409' title='bbox 1095 1258 1192 1280; x_wconf 78' lang='lat' dir='ltr'><strong>Lxxl.</strong></span> <span class='ocrx_word' id='word_1_410' title='bbox 1215 1253 1232 1280; x_wconf 92' lang='lat'>1</span> <span class='ocrx_word' id='word_1_411' title='bbox 1252 1251 1465 1284; x_wconf 69' lang='lat' dir='ltr'>Festinantem</span> <span class='ocrx_word' id='word_1_412' title='bbox 1481 1264 1516 1285; x_wconf 87' lang='lat' dir='ltr'>ac</span> <span class='ocrx_word' id='word_1_413' title='bbox 1525 1258 1757 1299; x_wconf 76' lang='lat' dir='ltr'>properantem]</span> 
     </span>
     <span class='ocr_line' id='line_1_78' title="bbox 1053 1301 1758 1346; baseline 0.014 -17"><span class='ocrx_word' id='word_1_414' title='bbox 1053 1301 1169 1331; x_wconf 75' lang='lat' dir='ltr'>Codex</span> <span class='ocrx_word' id='word_1_415' title='bbox 1180 1301 1310 1332; x_wconf 68' lang='lat' dir='ltr'>Victor.</span> <span class='ocrx_word' id='word_1_416' title='bbox 1318 1301 1525 1339; x_wconf 78' lang='lat' dir='ltr'>festinantem</span> <span class='ocrx_word' id='word_1_417' title='bbox 1535 1315 1758 1346; x_wconf 82' lang='lat' dir='ltr'>acprocurren-</span> 
     </span>
     <span class='ocr_line' id='line_1_79' title="bbox 1050 1351 1768 1398; baseline 0.014 -18"><span class='ocrx_word' id='word_1_418' title='bbox 1050 1353 1123 1389; x_wconf 83' lang='lat' dir='ltr'>tem,</span> <span class='ocrx_word' id='word_1_419' title='bbox 1149 1351 1215 1382; x_wconf 60' lang='grc' dir='ltr'>ΜΕ.</span> <span class='ocrx_word' id='word_1_420' title='bbox 1243 1351 1382 1384; x_wconf 64' lang='lat' dir='ltr'>Norvic.</span> <span class='ocrx_word' id='word_1_421' title='bbox 1414 1358 1451 1385; x_wconf 84' lang='lat' dir='ltr'>et</span> <span class='ocrx_word' id='word_1_422' title='bbox 1473 1355 1528 1386; x_wconf 84' lang='lat' dir='ltr'>alii</span> <span class='ocrx_word' id='word_1_423' title='bbox 1548 1354 1768 1398; x_wconf 33' lang='lat' dir='ltr'>festinantem·</span> 
     </span>
     <span class='ocr_line' id='line_1_80' title="bbox 1049 1405 1753 1449; baseline 0.013 -18"><span class='ocrx_word' id='word_1_424' title='bbox 1049 1412 1085 1432; x_wconf 84' lang='lat' dir='ltr'>ac</span> <span class='ocrx_word' id='word_1_425' title='bbox 1099 1406 1350 1443; x_wconf 75' lang='lat' dir='ltr'>proecurrcntem,</span> <span class='ocrx_word' id='word_1_426' title='bbox 1366 1414 1466 1445; x_wconf 83' lang='lat' dir='ltr'>quam</span> <span class='ocrx_word' id='word_1_427' title='bbox 1476 1405 1660 1439; x_wconf 85' lang='lat' dir='ltr'>lectionem</span> <span class='ocrx_word' id='word_1_428' title='bbox 1676 1418 1753 1449; x_wconf 85' lang='lat' dir='ltr'>pro-</span> 
     </span>
     <span class='ocr_line' id='line_1_81' title="bbox 1050 1451 1755 1496; baseline 0.014 -15"><span class='ocrx_word' id='word_1_429' title='bbox 1050 1451 1110 1483; x_wconf 85' lang='lat' dir='ltr'>bat</span> <span class='ocrx_word' id='word_1_430' title='bbox 1124 1453 1223 1484; x_wconf 89' lang='lat' dir='ltr'>Joan.</span> <span class='ocrx_word' id='word_1_431' title='bbox 1242 1453 1439 1485; x_wconf 89' lang='lat' dir='ltr'>Goduinus:</span> <span class='ocrx_word' id='word_1_432' title='bbox 1457 1456 1612 1496; x_wconf 85' lang='lat' dir='ltr'>quoniam</span> <span class='ocrx_word' id='word_1_433' title='bbox 1623 1467 1689 1489; x_wconf 89' lang='lat' dir='ltr'>non</span> <span class='ocrx_word' id='word_1_434' title='bbox 1706 1459 1755 1490; x_wconf 90' lang='lat' dir='ltr'>in·</span> 
     </span>
     <span class='ocr_line' id='line_1_82' title="bbox 1048 1502 1750 1546; baseline 0.013 -14"><span class='ocrx_word' id='word_1_435' title='bbox 1048 1502 1195 1542; x_wconf 82' lang='lat' dir='ltr'>tellexit,</span> <span class='ocrx_word' id='word_1_436' title='bbox 1209 1513 1363 1543; x_wconf 81' lang='lat' dir='ltr'>quaenam</span> <span class='ocrx_word' id='word_1_437' title='bbox 1381 1504 1694 1546; x_wconf 73' lang='lat' dir='ltr'>interpr-operantem</span> <span class='ocrx_word' id='word_1_438' title='bbox 1710 1518 1750 1541; x_wconf 82' lang='lat' dir='ltr'>ac</span> 
     </span>
     <span class='ocr_line' id='line_1_83' title="bbox 1039 1551 1753 1590; baseline 0.013 -9"><span class='ocrx_word' id='word_1_439' title='bbox 1039 1551 1244 1589; x_wconf 78' lang='lat' dir='ltr'>festinantem</span> <span class='ocrx_word' id='word_1_440' title='bbox 1261 1553 1306 1583; x_wconf 81' lang='lat' dir='ltr'>sit</span> <span class='ocrx_word' id='word_1_441' title='bbox 1322 1552 1535 1586; x_wconf 79' lang='lat' dir='ltr'>differentia:</span> <span class='ocrx_word' id='word_1_442' title='bbox 1561 1562 1686 1589; x_wconf 88' lang='lat' dir='ltr'>norunt</span> <span class='ocrx_word' id='word_1_443' title='bbox 1703 1562 1753 1590; x_wconf 87' lang='lat' dir='ltr'>ta-</span> 
     </span>
     <span class='ocr_line' id='line_1_84' title="bbox 1045 1602 1752 1642; baseline 0.011 -10"><span class='ocrx_word' id='word_1_444' title='bbox 1045 1611 1123 1633; x_wconf 86' lang='lat' dir='ltr'>men</span> <span class='ocrx_word' id='word_1_445' title='bbox 1141 1602 1378 1642; x_wconf 84' lang='lat' dir='ltr'>Grammatici‚</span> <span class='ocrx_word' id='word_1_446' title='bbox 1402 1604 1429 1634; x_wconf 90' lang='lat' dir='ltr'>si</span> <span class='ocrx_word' id='word_1_447' title='bbox 1443 1604 1482 1635; x_wconf 88' lang='lat' dir='ltr'>iis</span> <span class='ocrx_word' id='word_1_448' title='bbox 1499 1604 1583 1637; x_wconf 86' lang='lat' dir='ltr'>fides</span> <span class='ocrx_word' id='word_1_449' title='bbox 1599 1606 1643 1638; x_wconf 71' lang='lat' dir='ltr'>sit</span> <span class='ocrx_word' id='word_1_450' title='bbox 1659 1607 1752 1640; x_wconf 85' lang='lat' dir='ltr'>adhi-</span> 
     </span>
     <span class='ocr_line' id='line_1_85' title="bbox 1045 1652 1169 1684; baseline 0 -1"><span class='ocrx_word' id='word_1_451' title='bbox 1045 1652 1169 1684; x_wconf 88' lang='lat' dir='ltr'>benda.</span> 
     </span>
     <span class='ocr_line' id='line_1_86' title="bbox 1045 1703 1751 1750; baseline 0.01 -17"><span class='ocrx_word' id='word_1_452' title='bbox 1045 1706 1096 1735; x_wconf 81' lang='grc'>14.</span> <span class='ocrx_word' id='word_1_453' title='bbox 1113 1703 1122 1719; x_wconf 79' lang='lat'><em>⁴</em></span> <span class='ocrx_word' id='word_1_454' title='bbox 1138 1703 1302 1734; x_wconf 72' lang='lat' dir='ltr'>festinare</span> <span class='ocrx_word' id='word_1_455' title='bbox 1318 1709 1354 1736; x_wconf 88' lang='lat' dir='ltr'>et</span> <span class='ocrx_word' id='word_1_456' title='bbox 1365 1714 1533 1746; x_wconf 83' lang='lat' dir='ltr'>properare</span> <span class='ocrx_word' id='word_1_457' title='bbox 1545 1706 1637 1737; x_wconf 89' lang='lat' dir='ltr'>idern</span> <span class='ocrx_word' id='word_1_458' title='bbox 1649 1707 1751 1750; x_wconf 84' lang='lat' dir='ltr'>signi-</span> 
     </span>
     <span class='ocr_line' id='line_1_87' title="bbox 1042 1752 1750 1794; baseline 0.011 -11"><span class='ocrx_word' id='word_1_459' title='bbox 1042 1752 1146 1784; x_wconf 85' lang='lat' dir='ltr'>ficare</span> <span class='ocrx_word' id='word_1_460' title='bbox 1157 1758 1258 1794; x_wconf 84' lang='lat' dir='ltr'>atque</span> <span class='ocrx_word' id='word_1_461' title='bbox 1270 1754 1303 1785; x_wconf 88' lang='lat' dir='ltr'>in</span> <span class='ocrx_word' id='word_1_462' title='bbox 1314 1755 1458 1787; x_wconf 87' lang='lat' dir='ltr'>eandem</span> <span class='ocrx_word' id='word_1_463' title='bbox 1472 1766 1542 1788; x_wconf 89' lang='lat' dir='ltr'>rem</span> <span class='ocrx_word' id='word_1_464' title='bbox 1554 1757 1623 1790; x_wconf 88' lang='lat' dir='ltr'>dici</span> <span class='ocrx_word' id='word_1_465' title='bbox 1634 1758 1750 1791; x_wconf 89' lang='lat' dir='ltr'>viden-</span> 
     </span>
     <span class='ocr_line' id='line_1_88' title="bbox 1042 1804 1748 1841; baseline 0.01 -7"><span class='ocrx_word' id='word_1_466' title='bbox 1042 1807 1109 1834; x_wconf 85' lang='lat' dir='ltr'>tur.</span> <span class='ocrx_word' id='word_1_467' title='bbox 1155 1804 1223 1835; x_wconf 84' lang='lat' dir='ltr'>Sed</span> <span class='ocrx_word' id='word_1_468' title='bbox 1238 1805 1288 1836; x_wconf 90' lang='lat' dir='ltr'>M.</span> <span class='ocrx_word' id='word_1_469' title='bbox 1305 1806 1390 1837; x_wconf 87' lang='lat' dir='ltr'>Cato</span> <span class='ocrx_word' id='word_1_470' title='bbox 1411 1806 1446 1837; x_wconf 88' lang='lat' dir='ltr'>id</span> <span class='ocrx_word' id='word_1_471' title='bbox 1471 1806 1609 1839; x_wconf 77' lang='lat' dir='ltr'>differre</span> <span class='ocrx_word' id='word_1_472' title='bbox 1631 1809 1748 1841; x_wconf 80' lang='lat' dir='ltr'>existi-</span> 
     </span>
     <span class='ocr_line' id='line_1_89' title="bbox 1040 1855 1747 1896; baseline 0.01 -11"><span class='ocrx_word' id='word_1_473' title='bbox 1040 1858 1123 1894; x_wconf 89' lang='lat' dir='ltr'>mat,</span> <span class='ocrx_word' id='word_1_474' title='bbox 1139 1865 1245 1896; x_wconf 89' lang='lat' dir='ltr'>eaque</span> <span class='ocrx_word' id='word_1_475' title='bbox 1261 1855 1325 1888; x_wconf 89' lang='lat' dir='ltr'>hoc</span> <span class='ocrx_word' id='word_1_476' title='bbox 1342 1857 1441 1888; x_wconf 90' lang='lat' dir='ltr'>modo</span> <span class='ocrx_word' id='word_1_477' title='bbox 1465 1857 1583 1889; x_wconf 77' lang='lat' dir='ltr'>divisa.</span> <span class='ocrx_word' id='word_1_478' title='bbox 1629 1859 1747 1892; x_wconf 84' lang='lat' dir='ltr'>Verba</span> 
     </span>
     <span class='ocr_line' id='line_1_90' title="bbox 1039 1905 1743 1949; baseline 0.013 -15"><span class='ocrx_word' id='word_1_479' title='bbox 1039 1910 1118 1935; x_wconf 91' lang='lat' dir='ltr'>sunt</span> <span class='ocrx_word' id='word_1_480' title='bbox 1134 1905 1240 1944; x_wconf 89' lang='lat' dir='ltr'>ipsius</span> <span class='ocrx_word' id='word_1_481' title='bbox 1257 1915 1300 1937; x_wconf 85' lang='lat' dir='ltr'>ex</span> <span class='ocrx_word' id='word_1_482' title='bbox 1323 1907 1474 1939; x_wconf 87' lang='lat' dir='ltr'>oratione</span> <span class='ocrx_word' id='word_1_483' title='bbox 1493 1919 1592 1949; x_wconf 86' lang='lat' dir='ltr'>quam</span> <span class='ocrx_word' id='word_1_484' title='bbox 1618 1909 1660 1943; x_wconf 82' lang='lat' dir='ltr'>(le</span> <span class='ocrx_word' id='word_1_485' title='bbox 1676 1911 1743 1943; x_wconf 84' lang='lat' dir='ltr'>suis</span> 
     </span>
     <span class='ocr_line' id='line_1_91' title="bbox 1041 1955 1743 2002; baseline 0.011 -17"><span class='ocrx_word' id='word_1_486' title='bbox 1041 1955 1224 1987; x_wconf 84' lang='lat' dir='ltr'>virtutibus</span> <span class='ocrx_word' id='word_1_487' title='bbox 1263 1957 1400 1989; x_wconf 85' lang='lat' dir='ltr'>habuit:</span> <span class='ocrx_word' id='word_1_488' title='bbox 1452 1959 1550 1990; x_wconf 81' lang='lat' dir='ltr'>Aliud</span> <span class='ocrx_word' id='word_1_489' title='bbox 1588 1964 1634 1992; x_wconf 75' lang='lat' dir='ltr'>est</span> <span class='ocrx_word' id='word_1_490' title='bbox 1672 1971 1743 2002; x_wconf 84' lang='lat' dir='ltr'>pro-</span> 
     </span>
     <span class='ocr_line' id='line_1_92' title="bbox 1034 2010 1742 2048; baseline 0.01 -10"><span class='ocrx_word' id='word_1_491' title='bbox 1034 2018 1157 2048; x_wconf 77' lang='lat' dir='ltr'>perare,</span> <span class='ocrx_word' id='word_1_492' title='bbox 1189 2010 1275 2041; x_wconf 82' lang='lat' dir='ltr'>alind</span> <span class='ocrx_word' id='word_1_493' title='bbox 1306 2010 1472 2048; x_wconf 81' lang='lat' dir='ltr'>festinare.</span> <span class='ocrx_word' id='word_1_494' title='bbox 1545 2013 1607 2048; x_wconf 76' lang='lat' dir='ltr'>Qui</span> <span class='ocrx_word' id='word_1_495' title='bbox 1650 2024 1742 2045; x_wconf 80' lang='lat' dir='ltr'>unum</span> 
     </span>
     <span class='ocr_line' id='line_1_93' title="bbox 1036 2059 1743 2104; baseline 0.01 -15"><span class='ocrx_word' id='word_1_496' title='bbox 1036 2059 1109 2098; x_wconf 77' lang='lat' dir='ltr'>quid</span> <span class='ocrx_word' id='word_1_497' title='bbox 1145 2063 1265 2092; x_wconf 79' lang='lat' dir='ltr'>mature</span> <span class='ocrx_word' id='word_1_498' title='bbox 1299 2063 1462 2101; x_wconf 81' lang='lat' dir='ltr'>transigit,</span> <span class='ocrx_word' id='word_1_499' title='bbox 1506 2063 1534 2093; x_wconf 77' lang='lat' dir='ltr'>is</span> <span class='ocrx_word' id='word_1_500' title='bbox 1575 2068 1743 2104; x_wconf 77' lang='lat' dir='ltr'>properat.-</span> 
     </span>
     <span class='ocr_line' id='line_1_94' title="bbox 1034 2109 1740 2157; baseline 0.008 -17"><span class='ocrx_word' id='word_1_501' title='bbox 1034 2109 1088 2148; x_wconf 80' lang='lat' dir='ltr'>‹Jui</span> <span class='ocrx_word' id='word_1_502' title='bbox 1118 2112 1215 2141; x_wconf 84' lang='lat' dir='ltr'>multa</span> <span class='ocrx_word' id='word_1_503' title='bbox 1244 2111 1336 2142; x_wconf 82' lang='lat' dir='ltr'>simut</span> <span class='ocrx_word' id='word_1_504' title='bbox 1366 2112 1490 2153; x_wconf 78' lang='lat' dir='ltr'>incipit,</span> <span class='ocrx_word' id='word_1_505' title='bbox 1525 2123 1619 2154; x_wconf 79' lang='lat' dir='ltr'>neque</span> <span class='ocrx_word' id='word_1_506' title='bbox 1645 2115 1740 2157; x_wconf 78' lang='lat' dir='ltr'>perfi-</span> 
     </span>
     <span class='ocr_line' id='line_1_95' title="bbox 1033 2159 1742 2198; baseline 0.013 -10"><span class='ocrx_word' id='word_1_507' title='bbox 1033 2159 1090 2198; x_wconf 88' lang='lat' dir='ltr'>cit,</span> <span class='ocrx_word' id='word_1_508' title='bbox 1118 2160 1145 2190; x_wconf 73' lang='lat' dir='ltr'>is</span> <span class='ocrx_word' id='word_1_509' title='bbox 1159 2160 1307 2198; x_wconf 82' lang='lat' dir='ltr'>festinat.</span> <span class='ocrx_word' id='word_1_510' title='bbox 1362 2163 1448 2195; x_wconf 75' lang='lat' dir='ltr'>Qum</span> <span class='ocrx_word' id='word_1_511' title='bbox 1471 2164 1610 2195; x_wconf 79' lang='lat' dir='ltr'>Catonis</span> <span class='ocrx_word' id='word_1_512' title='bbox 1637 2166 1742 2197; x_wconf 81' lang='lat' dir='ltr'>verba</span> 
     </span>
     <span class='ocr_line' id='line_1_96' title="bbox 1032 2211 1739 2255; baseline 0.01 -14"><span class='ocrx_word' id='word_1_513' title='bbox 1032 2211 1159 2250; x_wconf 71' lang='lat' dir='ltr'>repetit</span> <span class='ocrx_word' id='word_1_514' title='bbox 1193 2212 1324 2243; x_wconf 84' lang='lat' dir='ltr'>Nonius</span> <span class='ocrx_word' id='word_1_515' title='bbox 1363 2212 1547 2245; x_wconf 83' lang='lat' dir='ltr'>Marcellus</span> <span class='ocrx_word' id='word_1_516' title='bbox 1599 2225 1631 2255; x_wconf 92' lang='lat' dir='ltr'>p.</span> <span class='ocrx_word' id='word_1_517' title='bbox 1663 2219 1739 2248; x_wconf 75' lang='lat'><strong>468.</strong></span> 
     </span>
     <span class='ocr_line' id='line_1_97' title="bbox 1032 2260 1738 2298; baseline 0.008 -7"><span class='ocrx_word' id='word_1_518' title='bbox 1032 2260 1116 2292; x_wconf 89' lang='lat' dir='ltr'>edit.</span> <span class='ocrx_word' id='word_1_519' title='bbox 1160 2262 1311 2294; x_wconf 89' lang='lat' dir='ltr'>Plantin.</span> <span class='ocrx_word' id='word_1_520' title='bbox 1344 2263 1423 2294; x_wconf 88' lang='lat' dir='ltr'>dein</span> <span class='ocrx_word' id='word_1_521' title='bbox 1452 2264 1738 2298; x_wconf 80' lang='lat' dir='ltr'>addit:‘Verum</span> 
     </span>
     <span class='ocr_line' id='line_1_98' title="bbox 1031 2314 1736 2355; baseline 0.007 -11"><span class='ocrx_word' id='word_1_522' title='bbox 1031 2318 1254 2355; x_wconf 82' lang='lat' dir='ltr'>utrorumque</span> <span class='ocrx_word' id='word_1_523' title='bbox 1273 2314 1452 2346; x_wconf 83' lang='lat' dir='ltr'>verborum</span> <span class='ocrx_word' id='word_1_524' title='bbox 1480 2315 1566 2347; x_wconf 82' lang='lat' dir='ltr'>ratio</span> <span class='ocrx_word' id='word_1_525' title='bbox 1588 2317 1648 2347; x_wconf 87' lang='lat' dir='ltr'>sub</span> <span class='ocrx_word' id='word_1_526' title='bbox 1672 2317 1736 2349; x_wconf 88' lang='lat' dir='ltr'>hac</span> 
     </span>
     <span class='ocr_line' id='line_1_99' title="bbox 1032 2364 1737 2408; baseline 0.007 -14"><span class='ocrx_word' id='word_1_527' title='bbox 1032 2364 1281 2403; x_wconf 78' lang='lat' dir='ltr'>significatione</span> <span class='ocrx_word' id='word_1_528' title='bbox 1314 2366 1469 2405; x_wconf 80' lang='lat' dir='ltr'>proxima</span> <span class='ocrx_word' id='word_1_529' title='bbox 1499 2370 1551 2397; x_wconf 85' lang='lat' dir='ltr'>est</span> <span class='ocrx_word' id='word_1_530' title='bbox 1588 2368 1737 2408; x_wconf 88' lang='lat' dir='ltr'>veritati,</span> 
     </span>
     <span class='ocr_line' id='line_1_100' title="bbox 1032 2415 1736 2456; baseline 0.007 -12"><span class='ocrx_word' id='word_1_531' title='bbox 1032 2419 1068 2444; x_wconf 83' lang='lat' dir='ltr'>ut</span> <span class='ocrx_word' id='word_1_532' title='bbox 1082 2415 1126 2446; x_wconf 85' lang='lat' dir='ltr'>sit</span> <span class='ocrx_word' id='word_1_533' title='bbox 1151 2425 1243 2454; x_wconf 81' lang='lat' dir='ltr'>saepe</span> <span class='ocrx_word' id='word_1_534' title='bbox 1265 2416 1367 2446; x_wconf 86' lang='lat' dir='ltr'>animi</span> <span class='ocrx_word' id='word_1_535' title='bbox 1395 2425 1561 2456; x_wconf 81' lang='lat' dir='ltr'>properare</span> <span class='ocrx_word' id='word_1_536' title='bbox 1587 2418 1736 2449; x_wconf 82' lang='lat' dir='ltr'>studiose</span> 
     </span>
     <span class='ocr_line' id='line_1_101' title="bbox 1030 2464 1735 2506; baseline 0.006 -11"><span class='ocrx_word' id='word_1_537' title='bbox 1030 2464 1072 2495; x_wconf 86' lang='lat' dir='ltr'>ad</span> <span class='ocrx_word' id='word_1_538' title='bbox 1090 2474 1142 2496; x_wconf 88' lang='lat' dir='ltr'>res</span> <span class='ocrx_word' id='word_1_539' title='bbox 1157 2465 1284 2506; x_wconf 81' lang='lat' dir='ltr'>aliquas</span> <span class='ocrx_word' id='word_1_540' title='bbox 1308 2466 1558 2505; x_wconf 80' lang='lat' dir='ltr'>contendentis,</span> <span class='ocrx_word' id='word_1_541' title='bbox 1579 2467 1735 2504; x_wconf 81' lang='lat' dir='ltr'>festinare</span> 
     </span>
     <span class='ocr_line' id='line_1_102' title="bbox 1029 2516 1735 2558; baseline 0.008 -14"><span class='ocrx_word' id='word_1_542' title='bbox 1029 2524 1173 2555; x_wconf 85' lang='lat' dir='ltr'>corpore</span> <span class='ocrx_word' id='word_1_543' title='bbox 1204 2516 1467 2547; x_wconf 82' lang='lat' dir='ltr'>necessitatibus</span> <span class='ocrx_word' id='word_1_544' title='bbox 1501 2517 1735 2558; x_wconf 67' lang='lat' dir='ltr'>obsequendi!</span> 
     </span>
     <span class='ocr_line' id='line_1_103' title="bbox 1028 2566 1732 2608; baseline 0.007 -13"><span class='ocrx_word' id='word_1_545' title='bbox 1028 2566 1102 2605; x_wconf 84' lang='lat' dir='ltr'>Ego</span> <span class='ocrx_word' id='word_1_546' title='bbox 1126 2572 1238 2596; x_wconf 79' lang='lat' dir='ltr'>autem</span> <span class='ocrx_word' id='word_1_547' title='bbox 1263 2566 1294 2597; x_wconf 87' lang='lat' dir='ltr'>id</span> <span class='ocrx_word' id='word_1_548' title='bbox 1324 2576 1385 2607; x_wconf 90' lang='lat' dir='ltr'>pro</span> <span class='ocrx_word' id='word_1_549' title='bbox 1408 2572 1503 2598; x_wconf 86' lang='lat' dir='ltr'>certo</span> <span class='ocrx_word' id='word_1_550' title='bbox 1530 2567 1651 2608; x_wconf 87' lang='lat' dir='ltr'>habeo,</span> <span class='ocrx_word' id='word_1_551' title='bbox 1675 2569 1732 2601; x_wconf 80' lang='lat' dir='ltr'>bas</span> 
     </span>
     <span class='ocr_line' id='line_1_104' title="bbox 1029 2615 1734 2650; baseline 0.006 -4"><span class='ocrx_word' id='word_1_552' title='bbox 1029 2615 1337 2647; x_wconf 82' lang='lat' dir='ltr'>Grammaticorum</span> <span class='ocrx_word' id='word_1_553' title='bbox 1365 2617 1602 2649; x_wconf 83' lang='lat' dir='ltr'>distinctiones</span> <span class='ocrx_word' id='word_1_554' title='bbox 1629 2618 1734 2650; x_wconf 90' lang='lat' dir='ltr'>bono-</span> 
     </span>
     <span class='ocr_line' id='line_1_105' title="bbox 1027 2668 1728 2708; baseline 0.004 -12"><span class='ocrx_word' id='word_1_555' title='bbox 1027 2676 1099 2697; x_wconf 83' lang='lat' dir='ltr'>rum</span> <span class='ocrx_word' id='word_1_556' title='bbox 1117 2671 1295 2698; x_wconf 85' lang='lat' dir='ltr'>auctorum</span> <span class='ocrx_word' id='word_1_557' title='bbox 1313 2677 1375 2698; x_wconf 89' lang='lat' dir='ltr'>usu</span> <span class='ocrx_word' id='word_1_558' title='bbox 1399 2677 1465 2699; x_wconf 91' lang='lat' dir='ltr'>non</span> <span class='ocrx_word' id='word_1_559' title='bbox 1491 2668 1728 2708; x_wconf 85' lang='lat' dir='ltr'>comprobari;</span> 
     </span>
     <span class='ocr_line' id='line_1_106' title="bbox 1027 2717 1729 2759; baseline 0.007 -12"><span class='ocrx_word' id='word_1_560' title='bbox 1027 2726 1091 2748; x_wconf 89' lang='lat' dir='ltr'>nec</span> <span class='ocrx_word' id='word_1_561' title='bbox 1117 2721 1229 2748; x_wconf 82' lang='lat' dir='ltr'>tamen</span> <span class='ocrx_word' id='word_1_562' title='bbox 1260 2717 1431 2759; x_wconf 85' lang='lat' dir='ltr'>vulgatam</span> <span class='ocrx_word' id='word_1_563' title='bbox 1457 2719 1638 2751; x_wconf 87' lang='lat' dir='ltr'>lectionem</span> <span class='ocrx_word' id='word_1_564' title='bbox 1658 2728 1729 2753; x_wconf 77' lang='lat' dir='ltr'>mu-</span> 
     </span>
    </p>
   </div>
   <div class='ocr_carea' id='block_1_9' title="bbox 1215 1652 1801 1696">
    <p class='ocr_par' dir='ltr' id='par_1_11' title="bbox 1215 1652 1801 1696">
     <span class='ocr_line' id='line_1_107' title="bbox 1215 1652 1801 1696; baseline 0.012 -13"><span class='ocrx_word' id='word_1_565' title='bbox 1215 1652 1256 1684; x_wconf 81' lang='lat' dir='ltr'>A.</span> <span class='ocrx_word' id='word_1_566' title='bbox 1284 1653 1414 1685; x_wconf 89' lang='lat' dir='ltr'>Gellius</span> <span class='ocrx_word' id='word_1_567' title='bbox 1444 1655 1547 1686; x_wconf 76' lang='lat' dir='ltr'>Noct.</span> <span class='ocrx_word' id='word_1_568' title='bbox 1573 1655 1648 1688; x_wconf 81' lang='lat' dir='ltr'>Att.</span> <span class='ocrx_word' id='word_1_569' title='bbox 1672 1666 1750 1690; x_wconf 70' lang='grc' dir='ltr'>ΧΠ.</span> <span class='ocrx_word' id='word_1_570' title='bbox 1798 1694 1801 1696; x_wconf 60' lang='grc'>,</span> 
     </span>
    </p>
   </div>
  </div>
 </body>
</html>
