1850 3109
562 197 624 231 na
656 199 770 230 vti-A
803 197 935 230 mm
968 198 1200 232 οεδιπυς.
1498 194 1609 238 1841

158 297 382 349 inexpiabili
401 297 492 335 odio
511 310 707 343 accensus,
728 311 748 336 a
769 298 957 349 Pompejo
975 298 1149 349 captivos
1169 299 1243 337 sibi
1264 299 1366 338 dono
1383 301 1464 339 dari
1484 303 1608 352 petiit,

157 362 262 413 quod
284 375 370 400 cuni
389 361 642 411 impetrasset,
664 362 874 411 productos
894 375 1024 400 omues
1054 362 1091 400 in
1113 362 1278 400 medium
1299 369 1335 400 et
1356 367 1609 404 contumelio·

157 425 314 462 sissimis
343 425 465 462 verbis
495 425 715 475 increpitos,
737 439 800 463 seu
822 425 1127 464 ⁴²iucrudelitate
1148 425 1271 464 iusitae
1289 426 1519 472 deserviens,
1541 442 1607 466 seu

155 489 298 526 scelere
317 489 468 526 immani
489 488 601 526 fidem
623 488 833 538 transfugio
854 501 922 525 suo
943 502 1129 539 quaerens,
1150 489 1185 526 iu
1207 496 1417 539 conspectu
1437 490 1606 528 omnium

155 552 372 591 interfecit:
395 553 506 603 [¹202]
523 553 596 590 hoc
615 558 752 590 eventu
773 557 922 589 tantum
944 552 1026 600 spei
1049 552 1294 602 Pompejanis
1314 559 1542 598 accreverat,
1564 561 1606 591 ut

152 628 229 653 non
249 617 297 654 de
318 617 418 654 bello
439 617 603 666 amplius
624 615 689 653 sed
711 615 758 652 de
780 615 943 652 victoria
962 615 1189 665 cogitarent,
1223 624 1261 653 et
1282 618 1400 654 multa
1420 617 1522 654 varia
1541 617 1608 655 de·

153 687 366 725 creverant,
386 687 424 717 ct
444 681 553 730 quasi
574 680 625 717 nil
638 679 722 728 jam
744 679 912 717 incidere
933 685 1061 729 posset
1090 678 1253 724 adversi,
1276 680 1414 717 famam
1436 681 1605 719 victoriae

151 755 222 793 per
241 750 424 781 terrarum
447 744 578 781 orbem
601 744 740 781 nuntiis
761 756 805 780 ac
826 743 958 781 litteris
979 743 1232 793 divulgarent.

205 808 337 845 Caesar
364 806 550 844 concione
583 809 775 844 advocata
808 806 945 844 milites
976 806 1195 844 consolatus
1219 813 1300 844 est:
1332 807 1505 846 hortatus
1528 814 1538 830 ‘
1560 822 1606 847 ne

150 869 354 908 deficerent
378 872 532 908 animis:
563 871 702 909 debere
730 884 795 908 eos
829 884 958 916 unum,
980 880 1017 908 et
1049 870 1215 920 idipsum
1247 883 1322 908 non
1350 871 1459 909 nimis
1489 886 1604 923 grave

151 935 326 983 proelium
348 935 555 972 infaustum
577 935 704 972 multis
720 935 893 973 felicibus
922 947 1181 984 compensare,
1204 942 1241 972 et
1262 934 1426 972 fortunae
1444 936 1606 987 gratiam

152 998 305 1043 habere,
337 999 440 1048 quod
469 1000 646 1044 Romam,
678 1000 781 1049 quod
818 999 981 1044 ltaliam,
1009 998 1115 1049 quod
1147 998 1374 1048 Hispaniam
1406 1006 1606 1051 utramque

149 1063 230 1101 sine
251 1063 433 1113 sanguine
455 1064 562 1113 quasi
589 1063 774 1100 divinitus
802 1063 1058 1113 recepissent:
1095 1075 1169 1100 non
1201 1075 1313 1112 posse
1339 1065 1545 1113 praesertim
1567 1065 1605 1102 in

150 1127 250 1165 bello
278 1139 462 1177 prospera
491 1127 616 1163 omnia
644 1127 867 1176 provenire:
899 1140 1026 1164 verum
1060 1127 1183 1163 tristia
1217 1126 1313 1164 laet-is
1344 1129 1604 1177 temperanda,

147 1190 425 1241 adversamque
454 1190 646 1228 fortunam
679 1190 827 1228 virtutis
848 1203 923 1241 ope
955 1189 1199 1227 leniendam!
1256 1191 1303 1228 Et
1335 1191 1417 1228 haec
1448 1192 1605 1242 quidem

148 1255 198 1294 ad
215 1254 437 1293 exercitum.
473 1254 672 1298 Quosdam
693 1268 781 1292 vero
802 1255 1000 1305 signiferos
1018 1267 1179 1305 quorum
1194 1254 1306 1303 culpa
1323 1254 1453 1292 clades
1468 1267 1606 1306 accep·

149 1326 187 1358 ta
208 1324 288 1356 erat
306 1325 458 1356 notatos
477 1318 629 1355 infamia
651 1332 672 1356 e
691 1319 811 1367 gradu
829 1319 973 1356 militiae
995 1331 1073 1356 suae
1093 1317 1223 1355 movit.
1281 1318 1503 1356 Exercitum
1524 1319 1606 1357 reli·

148 1397 267 1434 quum
289 1389 417 1421 tantus
438 1383 565 1433 pudor
582 1389 619 1419 et
637 1389 764 1420 tantus
786 1382 897 1420 dolor
911 1383 1110 1426 invaserat,
1127 1388 1356 1432 tantumque
1373 1383 1604 1422 desiderium

147 1447 366 1498 ignominiae
396 1446 611 1491 abolendae,
642 1453 683 1484 ut
717 1459 791 1484 non
820 1454 1024 1496 expectato
1057 1445 1282 1496 ⁴³superiori
1315 1447 1476 1496 imperio
1505 1448 1605 1485 ultro

147 1512 311 1563 quisque
331 1524 402 1561 pro
423 1510 616 1561 supplicio
637 1510 879 1560 gravissimos
903 1510 974 1547 sibi
995 1511 1146 1547 labones
1167 1516 1389 1554 assumeret,
1416 1510 1605 1548 omnium—

147 1589 220 1626 que
238 1575 352 1612 animi
373 1575 549 1612 arderent
572 1574 790 1611 incredibili
813 1573 988 1624 quadarn
1010 1573 1224 1623 cupiditate
1256 1573 1469 1622 pugnandi,
1504 1574 1603 1613 viam

145 1639 245 1678 illam
271 1639 531 1689 expurgandae
565 1638 729 1675 infamiae
751 1638 903 1675 unicam
931 1636 1344 1680 extimantes—Quin
1368 1644 1403 1673 et
1425 1637 1538 1688 legati
1565 1647 1604 1676 et

146 1705 210 1754 qui
230 1703 276 1741 ad
297 1703 496 1741 consilium
518 1702 769 1745 vocabantur,
789 1701 960 1739 oratione
988 1701 1228 1751 imperatoris
1258 1708 1296 1738 et
1325 1700 1474 1751 pudore
1495 1702 1603 1747 tacti,

145 1767 426 1819 persistendum
448 1765 776 1817 pugnandumque
797 1775 1010 1810 censerent,
1024 1772 1061 1803 et
1081 1771 1281 1814 acceptam
1303 1764 1436 1814 proelio
1452 1764 1603 1803 cladem

144 1832 282 1883 proelio
310 1832 484 1869 hostibus
512 1829 808 1868 refundendum.
867 1830 977 1867 Solus
997 1830 1128 1868 Caesar
1153 1828 1342 1865 contraria
1361 1835 1441 1865 erat
1462 1829 1498 1865 in
1519 1842 1605 1866 sen·

145 1895 283 1933 tentia:
317 1909 402 1932 nam
425 1908 551 1945 neque
571 1894 722 1932 “victis
742 1901 819 1932 tam
840 1893 918 1931 cito
938 1894 974 1930 in
996 1893 1118 1930 aciem
1139 1892 1171 1915 ⁴⁵
1185 1905 1403 1930 reversuros
1425 1899 1484 1929 sat
1509 1891 1603 1930 fide-

148 1961 241 2004 bat;
272 1965 310 1997 et
342 1958 562 2009 reparandis
582 1959 716 1996 animis
747 1958 872 2008 spatio
893 1970 993 2008 opus
1023 1971 1124 1995 esse:
1156 1969 1281 2006 neque
1313 1962 1499 2006 praeterea
1524 1961 1603 1994 iam

146 2024 293 2062 hostem
327 2036 439 2073 quam
474 2022 650 2060 frumenti
688 2021 856 2071 inopiam
890 2020 1135 2059 metuendam
1168 2033 1214 2057 eo
1243 2019 1323 2056 «loc-i
1360 2019 1602 2057 manentibus

138 2087 360 2137 judicabat.
417 2086 526 2123 Illico
552 2099 642 2135 ergo
672 2085 865 2122 sociorum
885 2090 1000 2134 atque
1021 2083 1290 2134 aegrotantium
1318 2095 1410 2120 cura
1431 2096 1603 2133 congrua

147 2157 339 2200 suscepta,
359 2156 555 2198 noctuque
575 2149 853 2199 impedimentis
875 2148 1054 2185 omnibus
1085 2147 1304 2197 praemissis,
1329 2147 1601 2196 Appolloniam

147 2214 345 2265 profectus
378 2220 447 2257 est,
478 2213 591 2262 [203]
618 2212 885 2262 quadrimestri
921 2211 1123 2249 obsidione
1153 2211 1350 2248 derelicta.
1426 2211 1527 2248 Hinc
1565 2211 1602 2249 in

145 2278 388 2315 Thessaliam
420 2277 507 2314 fatis
540 2276 821 2327 impellentibus
855 2275 1124 2325 commigravit
1152 2275 1294 2312 bellum
1331 2288 1377 2312 eo
1410 2276 1602 2313 Caesarem

144 2354 395 2391 praegressum
423 2341 555 2390 paucis
586 2348 674 2390 post
712 2339 851 2376 diebus
892 2339 1103 2389 Pompejus
1136 2338 1364 2388 assequitur,
1395 2338 1602 2388 statimque

145 2405 183 2442 in
203 2402 467 2442 ⁴3concionem
487 2405 564 2442 suis
592 2417 662 2454 pro
682 2417 722 2441 re
751 2404 848 2442 bene
877 2410 983 2454 gesta
1012 2404 1150 2453 gratias
1185 2403 1289 2453 agit:
1319 2416 1384 2440 eos
1417 2402 1483 2453 qui
1511 2415 1600 2440 cnm

147 2468 324 2518 Scipione
345 2474 539 2513 venerant,
572 2482 644 2506 non
665 2475 740 2505 tam
764 2468 810 2504 ad
835 2468 978 2506 bellum
1001 2481 1117 2517 quam
1147 2467 1196 2506 ad
1231 2467 1317 2505 belli
1338 2467 1497 2518 praemia
1518 2467 1602 2503 hor-

144 2539 268 2570 tatur:
299 2532 373 2582 ipsi
394 2539 519 2569 autem
540 2545 671 2570 socero
690 2540 727 2570 et
748 2532 946 2570 classicum
968 2538 1005 2569 et
1035 2531 1253 2582 praetorium
1273 2531 1459 2576 attribuit,
1478 2529 1599 2567 47οι1ι-

187 2695 229 2722 42
253 2692 364 2731 Forte,
385 2690 662 2722 crudelitatir-lss
687 2692 790 2732 Lege,
809 2693 1073 2733 superiora—44
1099 2691 1406 2732 Legenda—⁴5
1429 2689 1532 2729 Lege,
1554 2699 1600 2721 re-

143 2745 376 2776 ursaria—46
399 2745 502 2786 Lege,
524 2746 758 2776 condona-47
781 2746 1069 2786 Forte‚vmrtisqne
1082 2755 1160 2776 eunt.

228 2808 344 2849 Dalph.
362 2811 390 2838 et
410 2808 482 2839 l'ar.
502 2809 586 2840 Clas.
871 2810 958 2841 Cres.
1439 2809 1459 2837 ὖ
1483 2806 1511 2836 Α
