1850 3109
370 211 464 241 IAB.
499 211 570 240 ιιι.
600 211 707 240 CAP.
738 199 807 240 21.

107 305 236 344 horum,
267 316 342 347 quae
374 305 525 345 proxime
551 304 705 340 diximus,
738 311 804 333 me-

108 356 192 386 mori
220 355 319 386 i'acile
349 360 402 385 est
429 360 539 385 tacere
567 357 599 383 ue
626 354 748 383 semisse
774 355 805 382 in

107 405 174 436 dies
197 407 262 435 sine
283 406 382 435 usuris
397 406 524 434 credita>
539 404 674 443 pecunioe
689 404 806 432 sulcan-

110 458 184 493 tur,·
207 456 268 487 hoc
284 463 347 492 est,
365 463 399 484 nt
416 455 554 485 dimidio
571 454 693 484 crediti
712 459 806 483 resti-

110 510 185 536 tuto
197 506 265 536 sine
280 507 383 535 usuri*
397 506 549 545 βίῃφι-ω
563 505 682 534 solntae
696 509 806 540 erant,

110 555 192 586 sorti
207 555 398 594 impuram)
418 555 653 584 satismcerent
678 553 807 583 ‹lebito-

110 613 186 641 res3
210 613 317 643 eoque
332 614 396 634 non
415 604 588 644 pruzsenti,
611 603 668 634 sed
687 603 717 633 in
733 603 809 639 dies,

110 653 142 684 id
160 659 223 692 est,
237 655 466 694 pensionibus,
482 664 556 694 quac
574 654 809 684 convenissent

107 702 185 741 illis,
217 712 355 744 quorum
385 713 439 733 res
456 704 640 742 agebatur3
671 703 722 732 vel
753 712 809 741 po-

111 753 177 783 tius
206 763 329 791 anima,
369 754 468 792 biina,
507 754 604 784 trima
643 753 709 789 dle,
740 754 809 782 sive

112 803 254 833 triennio
273 804 374 843 anquis
395 803 629 843 pensionibus:
655 803 809 843 quoniam

111 852 200 883 enim
222 853 337 883 inultis
361 854 392 882 in
419 853 650 883 contractibus
673 853 811 882 uteban-

111 907 167 933 tur
191 902 249 932 illa
277 904 402 943 triplici
427 903 492 940 (lie,
514 912 573 933 seu
597 903 762 933 solutioni*
779 903 811 932 in

112 957 182 983 tres
199 954 390 993 pensione-,
406 954 555 984 breviter
577 954 664 984 dixit
690 955 721 983 iu
738 954 814 993 dies,

112 1012 170 1034 cos
183 1004 325 1040 scilicet,
341 1014 423 1044 quas
438 1013 534 1034 nenio
553 1005 727 1044 ignorabat
742 1005 813 1043 plu-

115 1053 232 1084 rimum
248 1054 413 1084 celebrari
435 1060 467 1084 et
485 1054 648 1084 destinari
671 1054 702 1083 in
728 1055 813 1083 solu-

114 1102 220 1141 tione,
236 1113 309 1144 quae
334 1104 485 1142 partibus
503 1103 573 1132 sive
599 1103 814 1142 pensionibus

114 1150 223 1182 fieret.
252 1152 338 1182 Haec
352 1152 402 1182 vir
418 1161 565 1181 suminus
582 1153 616 1183 J.
633 1153 668 1183 F.
687 1153 815 1183 Grono-

115 1202 186 1232 vius
211 1202 253 1233 de
283 1202 365 1234 Pec.
389 1203 466 1233 vet.
486 1211 533 1233 ιν.
550 1206 581 1233 5.
606 1206 724 1242 p.635.
743 1212 813 1243 seq.

104 1246 157 1283 'ex
173 1252 293 1293 quibus
317 1257 412 1293 patet
429 1251 553 1283 frustra
570 1262 641 1283 esse
658 1253 736 1284 δας.
754 1254 816 1284 Cu-

109 1302 249 1343 jacium‚
265 1303 321 1343 qui
345 1304 478 1343 reponit
494 1304 637 1342 sexagies
650 1303 732 1333 senis
752 1303 815 1334 ‹lie-

116 1353 183 1392 bus,
213 1354 246 1384 id
279 1358 342 1393 est,
373 1358 409 1384 ut
437 1354 509 1394 ipse
537 1355 699 1394 explicat,
725 1365 817 1393 anno,

115 1413 205 1444 quem
222 1404 327 1434 Coesar
346 1404 512 1434 instituere
527 1405 596 1442 jam
619 1404 721 1434 animo
748 1415 817 1434 con-

115 1458 255 1495 σφω-«ιω
278 1463 376 1485 nemo
403 1455 492 1485 enim
526 1464 671 1496 unquam
700 1455 747 1485 ita
772 1456 817 1486 lo-

116 1510 213 1537 cutus
245 1510 307 1535 est.
354 1505 463 1536 Nauci
492 1507 597 1536 etiam
628 1511 680 1536 est
707 1507 817 1536 Vossii

118 1555 309 1586 emendatio
326 1559 359 1586 ut
381 1565 437 1586 sex
463 1556 610 1586 mensium
635 1557 707 1592 αα,-
730 1566 819 1595 nam,

117 1606 179 1638 hac
205 1612 358 1646 recepta,
380 1606 447 1637 dici
464 1616 528 1637 non
551 1613 676 1647 potest,
696 1606 819 1637 Rufum

117 1656 289 1687 debitorum
310 1666 447 1686 caussam
468 1657 642 1696 suscepisse,
663 1666 763 1697 quum
780 1657 819 1686 iis

120 1707 233 1747 potior
263 1705 367 1737 fuerit
399 1707 544 1737 Caesaris
575 1707 673 1736 ratio.
710 1707 820 1736 Daris.

120 1757 232 1788 Locus
249 1761 429 1796 corruptus
447 1762 481 1786 et
497 1756 596 1795 plane
613 1756 821 1795 desperatus.

120 1808 258 1839 Vossius
291 1816 334 1838 ex
364 1807 564 1847 conjectura
595 1808 765 1845 emendat,
789 1810 822 1836 ut

119 1867 175 1889 sex
189 1859 316 1898 (potius
331 1860 451 1897 senum)
474 1858 621 1887 meusium
643 1858 705 1886 die.
731 1857 764 1888 J.
784 1857 821 1886 F.

123 1909 324 1948 Gronovius,
338 1912 373 1938 ut
388 1909 511 1939 semisse
524 1909 556 1938 in
569 1908 647 1946 dies,
659 1910 711 1946 δῖε.
737 1908 822 1939 Qua!

122 1958 256 2000 quidem
281 1959 479 1998 conjectura
503 1958 615 1998 paullo
638 1957 756 1988 melior
777 1957 823 1986 vi-

123 2009 234 2040 detur.
258 2009 324 2039 Sed
341 2009 422 2039 nibil
438 2009 614 2039 incertius.
640 2009 747 2039 Clark.
783 2007 824 2037 Se

122 2059 253 2090 exissem
267 2061 296 2090 d.
314 2064 366 2089 est
380 2067 514 2099 quoque
526 2058 559 2088 in
576 2058 721 2088 Dorvill.
739 2057 825 2088 Cod.

122 2109 236 2140 sexties
263 2109 371 2139 semid.
400 2108 508 2148 Boug.
535 2117 590 2138 sex
615 2107 825 2148 pensionibus,

124 2159 215 2200 quod
244 2159 352 2189 voluit
378 2159 512 2189 Manut.
544 2158 652 2189 edidit
683 2158 724 2189 R.
752 2159 826 2188 Ste-

126 2209 280 2250 phanus:
318 2208 384 2239 seni
416 2209 483 2238 dies
512 2208 635 2238 absunt
665 2208 706 2238 ab
737 2207 824 2238 Edd.

127 2259 270 2290 Mediol.
293 2265 327 2289 et
352 2259 435 2289 Ven.
465 2258 564 2288 sea-ies
589 2258 654 2288 seni
682 2268 702 2288 a
729 2257 825 2288 Leid.

126 2319 194 2340 sec.
230 2309 299 2340 Sed
327 2314 457 2340 rectum
485 2308 620 2338 videtur
645 2308 766 2338 semisse
794 2307 828 2337 z'n

128 2360 216 2396 ‹lies5
252 2360 341 2400 quod
370 2364 405 2389 et
430 2359 568 2399 Lipsius
591 2357 666 2388 libri
690 2358 740 2388 sui
761 2367 829 2388 orae

129 2409 368 2450 adscripserat.

171 2469 249 2492 xxi.
272 2463 292 2491 4
322 2459 479 2499 Alteram]
502 2460 623 2490 Petav.
652 2459 749 2490 Leid.
781 2468 830 2498 pr.

131 2511 257 2542 Lovan.
286 2511 382 2541 Voss.
411 2515 448 2541 et
485 2510 573 2540 Edd.
603 2509 830 2549 Scaligerana‚

126 2560 222 2602 ,quod
259 2560 375 2599 sciam,
403 2560 532 2600 priores
566 2559 693 2590 liabent
723 2559 828 2590 aliam.

134 2610 216 2641 Non
230 2611 327 2641 male.
360 2610 552 2651 Aliquoties
569 2610 655 2640 enim
671 2610 751 2640 alius
769 2618 831 2650 pro

127 2661 231 2697 ,attero
255 2661 404 2701 ponitur,
430 2666 468 2691 ut
489 2661 561 2701 jam
584 2670 603 2690 e
627 2660 758 2690 Lesicis
773 2668 831 2690 no-

137 2713 220 2743 tum.
241 2709 330 2742 Vide
355 2715 390 2741 et
413 2710 453 2742 B.
470 2710 514 2740 G.
536 2719 559 2740 1.
579 2713 608 2741 l.
637 2710 688 2740 Cl.
713 2710 831 2740 Burm.

137 2759 180 2791 ad
212 2753 346 2792 Phaedr'.
377 2761 416 2793 F.
438 2769 488 2791 lv.
519 2763 551 2792 4.
589 2765 625 2797 et
645 2760 768 2802 Scopp.
788 2759 831 2791 ad

841 210 903 238 DE
937 210 1091 239 RELLO
1125 211 1294 240 civim.
1445 200 1557 242 1467

860 304 896 333 F.
916 306 966 333 19.
984 304 1146 342 aliosque.
1192 303 1321 342 Saepius
1344 307 1454 334 tumen
1472 305 1557 335 solet

858 359 970 383 nostvr
992 363 1069 383 unus
1099 359 1133 383 et
1162 354 1243 382 ulter
1266 353 1400 383 dicere:
1431 354 1488 384 ubi
1515 354 1557 385 de

857 402 987 432 duobus
1017 403 1098 442 agit.
1146 401 1274 433 confer
1301 408 1416 433 notata
1443 403 1485 433 ad
1508 412 1558 434 Π.

857 455 888 482 9.
906 454 913 467 ‘
933 452 1061 481 duabu<
1089 452 1131 482 de
1159 454 1300 491 caussis,
1320 463 1459 493 quarum
1485 460 1559 484 erat

859 512 935 541 una,
952 509 1014 533 occ.
1033 502 1162 532 altera?

900 556 917 583 7
944 552 1148 592 Deturbaiit]
1170 554 1226 583 Sic
1244 554 1326 584 Mss.
1349 554 1502 584 meliores
1525 558 1561 584 et

859 603 1004 643 plurimi.
1031 602 1097 633 Adi
1113 603 1154 632 ad
1171 612 1232 633 vii.
1249 607 1298 634 81.
1316 605 1324 620 ‘
1341 604 1382 634 de
1401 605 1489 634 vallo
1507 603 1562 634 de-

859 652 1020 683 turbare?
1056 653 1183 682 Lavan.
1209 659 1322 683 tamen
1347 653 1399 684 huc
1428 663 1560 694 quoqne

855 702 994 741 μνοίαν-Ι).
1021 707 1055 732 et
1089 703 1197 732 l’alat.
1222 712 1294 732 cnm
1325 704 1466 735 noi-vin.
1492 714 1561 743 per-

859 752 1008 790 turbavit,
1025 752 1113 792 quod
1131 754 1256 791 plat-uit
1275 754 1328 784 Ill.
1349 754 1503 785 Heinsio.

904 805 942 832 13
976 803 1078 841 Atque
1105 812 1138 832 eo
1169 806 1301 841 evocato,
1327 805 1378 842 ⁸5⁶·
1406 804 1465 834 sibi
1494 813 1562 834 con-

851 852 976 891 junxit]
1004 853 1238 884 Hotoinannus
1261 856 1432 895 scripsisse
1450 856 1562 886 Caesa-

861 912 930 933 rem
948 903 1134 933 arbitratur
1149 914 1218 935 eam
1237 910 1403 944 evocatum,
1421 906 1482 937 nisi
1508 915 1562 936 vo-

862 962 934 983 cem
951 954 1028 992 quod
1046 954 1213 994 tollamus,
1236 961 1281 993 et,
1297 960 1333 985 ut
1351 956 1382 985 in
1401 965 1460 986 suo
1477 955 1564 986 libro

862 1009 926 1042 est,
955 1004 1103 1044 legamus
1126 1005 1298 1045 Reliquias,
1322 1017 1397 1046 quas
1423 1006 1563 1036 habebat.

865 1054 952 1088 Quas
967 1054 1114 1085 annuitis
1143 1055 1223 1085 Mss.
1249 1055 1341 1095 addi,
1366 1057 1482 1087 videre
1500 1056 1566 1086 lec·

865 1109 917 1134 tor
941 1109 1051 1143 potest
1071 1104 1103 1133 in
1122 1105 1221 1134 variis
1246 1106 1459 1137 lectionibus.
1499 1105 1565 1136 Sed

864 1155 1028 1184 intrusum
1046 1165 1065 1184 a
1080 1155 1237 1194 librariis,
1253 1157 1331 1195 qnia
1349 1157 1480 1196 reliquas
1496 1165 1567 1186 cre-

865 1204 990 1234 debant
1013 1204 1222 1243 jungendum
1257 1214 1330 1234 esse
1367 1206 1469 1235 verbo
1500 1216 1568 1236 con-

851 1253 978 1292 junxit,
994 1263 1035 1283 ex
1052 1253 1242 1293 ignorantia
1258 1254 1337 1294 styli
1354 1254 1495 1294 Juliani,
1512 1254 1568 1295 qui

865 1308 956 1334 amat
973 1303 1128 1334 absoluto
1148 1304 1296 1334 ablativo
1313 1304 1482 1344 subjicere
1498 1314 1570 1335 ver-

867 1353 957 1391 bum,
972 1353 1213 1384 subintellecto
1229 1364 1287 1384 suo
1301 1364 1391 1386 casu.
1416 1355 1462 1385 Ut
1476 1364 1568 1395 saepe

867 1404 1014 1437 ostendi.
1051 1404 1139 1434 Vide
1157 1405 1200 1434 ad
1217 1414 1281 1435 vn.
1298 1408 1328 1436 4.
1345 1407 1353 1422 ‘
1373 1406 1568 1437 convocatis

868 1455 1059 1492 clientibus,
1076 1454 1172 1485 t'acile
1187 1455 1363 1486 incendit!

912 1508 950 1536 15
979 1505 1141 1546 Turinum]
1159 1506 1242 1536 Cum
1254 1506 1367 1539 Ursin.
1381 1507 1483 1537 etiam
1492 1507 1571 1547 mei,

870 1557 992 1587 Petav.
1008 1557 1133 1597 Scalig.
1152 1557 1246 1587 Leid.
1263 1567 1314 1597 pr.
1330 1557 1571 1589 LovanNoss.

871 1612 906 1638 et
930 1607 999 1637 alii.
1049 1607 1230 1646 Thurinum,
1258 1613 1303 1638 et*
1321 1608 1457 1638 Thurino
1483 1608 1574 1649 dein,

873 1667 912 1688 ac
945 1656 1086 1687 Thurios.
1132 1657 1242 1687 Bene:
1270 1658 1383 1688 Graeci
1410 1658 1498 1688 enim
1517 1668 1574 1688 vo-

873 1711 951 1737 cant
974 1705 1116 1745 Θουρίους
1142 1707 1193 1736 vel
1226 1705 1370 1745 Θούριον;
1396 1712 1497 1747 atque
1527 1707 1575 1737 ita

874 1757 962 1797 apud
980 1757 1065 1787 alios
1079 1757 1263 1796 scriptores
1280 1758 1418 1787 Latinos
1436 1767 1497 1797 per
1517 1758 1574 1788 Th.

874 1807 1132 1843 circunit'ermr3
1173 1807 1274 1837 immo
1308 1807 1575 1847 adspirationem

868 1857 939 1897 jam
957 1856 1086 1887 addidit
1104 1857 1137 1887 iu
1154 1866 1212 1887 sua
1230 1857 1379 1887 editione
1401 1858 1577 1889 Cellarius.

919 1910 958 1936 18
977 1906 1113 1936 Familia
1133 1907 1176 1936 N.
1192 1906 1257 1936 risa
1270 1910 1361 1946 atque
1374 1908 1510 1946 proditio
1525 1917 1577 1948 op-

870 1956 940 1995 pidi
969 1955 1147 1995 adpareret]
1176 1956 1259 1987 Mss.
1285 1966 1398 1987 omnes
1423 1963 1457 1988 et
1487 1958 1576 1989 Edd.

876 2007 973 2037 Yett.
1005 2006 1137 2036 addunt
1163 2007 1318 2046 copulam
1358 2010 1388 2037 et
1417 2006 1449 2044 s.
1479 2017 1578 2048 quam

876 2057 1004 2087 idcirco
1031 2056 1192 2096 adposui:
1218 2056 1296 2087 dein
1315 2057 1464 2088 Faernus
1487 2059 1579 2098 lege-

878 2108 937 2138 bat
961 2108 1025 2137 risa
1048 2108 1085 2137 ae
1110 2108 1288 2146 proditione
1312 2117 1381 2147 opp.
1427 2108 1468 2138 In
1491 2108 1580 2141 Edd.

878 2157 1044 2188 nonnullis
1061 2161 1114 2187 est
1138 2157 1216 2196 visa,
1232 2167 1298 2197 quoe
1310 2158 1487 2197 proditione
1508 2168 1578 2199 opp.

877 2209 986 2247 adpar.
1003 2217 1045 2237 ex
1062 2217 1102 2238 eo
1117 2208 1206 2248 quod
1223 2208 1255 2238 in
1270 2209 1352 2240 Mss.
1376 2209 1526 2248 optimis,
1543 2214 1582 2240 nt

878 2258 1002 2289 Petav.
1028 2258 1124 2289 Leid.
1154 2268 1204 2298 pr.
1228 2268 1296 2290 sec.
1323 2259 1422 2290 Voss.
1449 2264 1484 2291 et
1508 2260 1581 2291 aliis

880 2317 943 2338 nec
959 2317 1025 2338 non
1052 2308 1139 2338 Edd.
1167 2308 1296 2348 primis,
1311 2319 1350 2339 ac
1367 2310 1515 2350 Gryphii
1539 2311 1582 2341 sit

879 2358 1002 2397 visaque
1026 2358 1213 2398 proditione.
1259 2358 1300 2389 In
1323 2359 1411 2390 Scal.
1443 2364 1495 2390 est
1516 2360 1585 2391 visa

880 2410 911 2437 et
944 2408 1129 2447 proditione.
1173 2407 1216 2438 In
1249 2409 1375 2439 Lovan.
1409 2409 1585 2449 proditione

880 2458 951 2488 cici.
996 2457 1039 2487 In
1066 2458 1142 2488 Pal.
1169 2458 1280 2498 Bong.
1297 2459 1405 2489 Dorv.
1423 2460 1584 2490 Beroald.

882 2518 958 2539 cum
997 2508 1187 2549 Glandorp.
1226 2510 1273 2539 ris
1310 2513 1403 2549 atque
1436 2511 1585 2550 proditio.

881 2560 1002 2590 Placet
1025 2559 1147 2590 Faerni
1173 2560 1383 2600 conjectura,
1398 2566 1437 2591 ut
1455 2560 1584 2597 familia

881 2610 947 2641 risa
962 2610 1005 2641 sit
1023 2610 1207 2641 ablativus:
1230 2611 1284 2641 vel
1302 2611 1413 2650 potius
1439 2610 1481 2640 ad
1499 2611 1585 2642 Mss.

882 2661 1028 2700 vestigia
1054 2661 1192 2701 propius
1220 2661 1332 2692 scribe
1359 2660 1588 2699 comprehensa,

883 2713 914 2741 et
935 2709 1065 2748 familia
1094 2711 1252 2750 Neapoli;
1284 2710 1387 2748 visque
1410 2709 1586 2748 proditiove

882 2761 986 2803 oppidi
1001 2762 1174 2802 adpareret.
1220 2761 1267 2790 L't
1290 2759 1371 2790 velit
1387 2764 1506 2790 auctor
1523 2760 1584 2792 Ca‘
