1850 3109
250 174 363 216 1704
647 187 683 216 J.
717 186 854 216 CELSI
890 187 1240 217 comrssu'rARu

245 282 328 330 ejus
347 295 464 331 opera
485 296 607 333 nuper
624 292 825 335 acceptam
846 300 941 330 esse,
959 286 1062 335 quod
1086 286 1166 335 ipse
1183 286 1248 335 qui
1268 285 1481 335 praefuisset
1496 285 1693 323 Eduorum

245 346 446 396 equitatui,
467 348 641 385 simulato
676 356 778 385 metu
800 351 943 398 primus
979 349 1124 397 fugiens
1144 355 1303 386 caeteros
1325 349 1451 397 fugere
1487 349 1694 386 docuisset.

247 409 283 446 Is
313 417 389 447 crat
422 413 634 448 Dumnorix
664 412 793 459 junior
828 412 942 448 frater
977 412 1170 455 Divitiae-i,
1193 413 1256 460 qui
1286 420 1377 449 tunc
1409 412 1513 461 apud
1554 411 1697 455 Eduos,

247 472 393 522 collega
422 474 546 517 Lisco,
571 486 727 510 summm
748 486 867 510 rerum
891 481 1065 522 praeerat.
1124 475 1293 522 ⁸²anus
1316 488 1360 511 ne
1393 489 1481 525 erga
1503 477 1699 512 Romanos

246 547 291 571 ac
328 536 516 572 Caesarem
555 536 829 584 spectatissima
870 536 965 572 tides
1003 544 1097 573 erat.
1171 542 1227 573 Ac
1275 539 1485 575 Dumnorix
1532 538 1696 574 multum

246 610 267 633 a
307 597 421 635 fratre
459 598 630 634 diversus
667 599 822 635 occulto
856 600 1116 635 Romanorum
1151 600 1240 636 odio
1277 608 1392 650 atque
1433 600 1696 638 Helvetiorum

246 660 373 697 studio
390 662 594 698 aestuabat.
652 662 751 699 Nam
772 669 808 699 et
831 663 978 699 illorum
1002 663 1048 699 de
1069 670 1179 712 gente
1201 664 1435 700 nobilissimo
1456 670 1578 700 ortam
1611 662 1702 699 loco

245 724 450 773 conjugem
470 725 652 769 habehat,
669 726 802 763 adhaec
826 740 979 774 magnas
1000 728 1185 764 amicitias
1205 735 1242 764 et
1261 727 1507 765 finitimarum
1529 726 1699 777 gentium

245 787 427 832 favorem,
451 789 554 824 domi
587 802 741 838 quoque
775 790 823 826 de
857 790 1106 837 vectigalibus
1140 791 1318 840 publicis,
1342 792 1377 828 in
1410 791 1548 840 quibus
1575 804 1613 827 se
1646 789 1701 825 illi

245 849 428 887 licitando
460 864 656 901 opponere
688 853 811 889 nullus·
843 853 1015 897 auderet,
1042 854 1088 889 ad
1124 854 1323 891 immensas
1360 855 1509 892 dixitias
1538 866 1699 903 pronum

246 913 339 952 iter:
373 915 428 952 his
449 929 604 966 quoque
627 917 806 953 omnihus
838 930 944 965 spem
971 929 1045 952 non
1065 916 1112 952 ad
1135 917 1252 953 altum
1275 917 1403 960 modo,
1426 917 1489 954 sed
1525 917 1569 953 ad
1602 929 1704 952 sum-

246 990 347 1014 mum
369 979 531 1027 gradum
564 980 747 1029 regnique
778 980 967 1027 fastigium
995 978 1168 1016 ostendi:
1201 993 1288 1028 qua}
1307 986 1447 1016 cuncta
1469 979 1539 1015 sibi
1567 978 1703 1016 frivola

246 1048 362 1089 atque
382 1042 457 1079 alio
486 1056 662 1080 recasura
684 1045 860 1080 Romano
882 1043 951 1079 suh
973 1043 1135 1092 imperio
1157 1043 1408 1092 proxidehat:
1442 1057 1557 1093 super
1576 1042 1704 1079 omnia

248 1105 508 1143 Romanorum
523 1107 678 1154 judicio
701 1121 739 1143 se
759 1108 863 1144 fratri
885 1108 1150 1156 posthabitum
1174 1108 1443 1156 indignabatur
1463 1121 1507 1144 ac
1529 1106 1702 1143 dolebat.

248 1169 296 1206 Et
335 1170 594 1207 Romanorum
634 1171 874 1219 Caesarisque
908 1171 1150 1219 praesentiam
1177 1170 1312 1207 oderat
1343 1177 1460 1218 atque
1492 1170 1703 1219 potentiam

248 1232 493 1270 vehementer
531 1234 721 1271 horrebat.
779 1235 931 1277 Quibus
962 1235 1076 1270 rebus
1110 1235 1241 1271 Caesar
1269 1234 1432 1283 cognitis
1457 1233 1567 1281 justa
1601 1246 1707 1270 com-

248 1303 376 1332 motus
405 1296 603 1333 iracundia
623 1298 744 1346 primo
770 1298 924 1346 quidem
953 1296 999 1333 de
1020 1296 1138 1346 ipsius
1173 1297 1362 1346 supplicio
1389 1297 1585 1346 cogitavit.
1643 1297 1706 1334 Ad

250 1358 323 1395 hoc
345 1358 444 1395 enini
465 1360 612 1409 singula
642 1361 807 1398 animum
839 1361 1090 1406 inclinabant,
1110 1367 1147 1398 et
1178 1361 1273 1397 nihil
1308 1361 1342 1397 in
1373 1361 1483 1398 rebus
1515 1367 1595 1398 erat
1627 1374 1706 1397 am-

249 1422 378 1472 bigui:
403 1436 521 1460 unum
555 1425 733 1461 omnibus
767 1425 823 1461 his
861 1425 1041 1462 obstabat
1069 1438 1174 1462 amor
1208 1425 1357 1461 fratris:
1391 1425 1477 1461 hinc
1496 1426 1708 1462 S³recenter

250 1485 415 1532 distulit,
437 1500 485 1524 ne
507 1487 632 1525 minus
663 1488 765 1537 apud
789 1502 875 1525 eum
896 1488 1087 1525 videretur
1106 1488 1270 1538 ¹majoris
1290 1487 1416 1524 fratris
1449 1487 1559 1533 fides,
1593 1501 1705 1538 quam

248 1549 408 1587 minoris
428 1550 587 1600 pertidia
610 1552 788 1589 valuisse.
845 1552 1038 1588 Divitiaco
1068 1551 1181 1600 igitur
1201 1558 1364 1588 evocato
1385 1557 1505 1588 tetam
1531 1551 1708 1588 fraternae

250 1614 433 1663 nequitia¹
454 1615 588 1664 pandit
605 1615 815 1659 historiam,
830 1616 925 1665 petit
947 1622 988 1652 ut
1009 1616 1065 1652 vel
1083 1615 1162 1664 ipse
1184 1615 1220 1651 in
1240 1627 1328 1651 eum
1344 1614 1635 1658 animadvertat,
1648 1614 1707 1652 vel

251 1677 282 1714 si
303 1677 425 1726 pietas
454 1679 642 1727 justitian}
665 1686 888 1724 remoratur,
911 1691 978 1728 per
998 1678 1184 1728 populum
1205 1677 1458 1715 animadverti
1478 1678 1580 1715 velit.
1638 1678 1708 1715 Ille

250 1739 428 1791 lacrymis
468 1754 640 1786 manans,
668 1755 792 1791 neque
821 1755 1009 1779 excusans
1036 1741 1163 1778 fratris
1195 1741 1395 1786 insaniam,
1418 1740 1484 1778 sed
1519 1754 1707 1778 accusans

250 1804 387 1841 nonin
418 1804 511 1842 alios
535 1812 696 1851 tautum,
719 1806 785 1843 sed
816 1807 851 1843 iu
885 1819 940 1843 se.
998 1808 1124 1850 Quem
1156 1819 1245 1843 cum
1273 1812 1408 1843 natura
1436 1805 1710 1855 conjunctissi-

251 1881 354 1904 mum
382 1868 553 1914 fecisset,
576 1868 763 1907 beneficia
794 1882 879 1907 vere
898 1869 1201 1917 conjunctiorem
1233 1869 1359 1906 facere
1387 1868 1625 1913 debuissent,
1641 1868 1708 1918 qui

252 1931 324 1968 sub
343 1944 380 1968 se
411 1944 485 1968 non
518 1940 558 1969 ut
587 1933 716 1979 frater,
750 1934 815 1970 sed
847 1941 888 1970 ut
919 1932 1018 1970 tilius
1038 1933 1335 1982 crevisset,[‘27]
1359 1938 1398 1970 et
1417 1932 1522 1969 omni
1550 1945 1620 1969 suo
1650 1933 1708 1969 in-

253 2001 450 2032 cremento
471 2008 545 2032 non
567 1997 734 2033 auctoris
762 1997 800 2033 in
821 1996 1004 2034 damnum
1037 1997 1168 2040 niodo,
1201 1996 1267 2033 sed
1302 2009 1401 2046 pene
1431 1996 1467 2032 in
1499 1995 1709 2045 perniciem

252 2070 343 2095 usus
373 2065 489 2096 esset:
522 2073 591 2097 nec
613 2067 753 2109 praeter
772 2074 816 2098 ea
838 2060 1051 2110 quidquam
1072 2073 1213 2109 negans
1231 2061 1397 2097 omnium
1414 2072 1501 2108 quae
1520 2072 1541 2095 a
1557 2059 1710 2097 Caesarc

252 2119 483 2167 dicerentur,
510 2136 588 2172 quo
618 2123 817 2161 confessus
838 2124 984 2161 veniam
1006 2123 1155 2161 facilius
1172 2123 1382 2160 inveniret:
1420 2122 1489 2159 sed
1517 2128 1608 2159 nota
1637 2122 1710 2159 sibi

252 2183 385 2223 dicens
406 2187 533 2224 omnia
554 2200 671 2237 seque
692 2201 738 2225 ex
760 2187 816 2224 his
831 2187 1014 2232 dolorem,
1030 2191 1195 2236 quantus
1215 2186 1291 2222 ulla
1312 2186 1358 2222 de
1375 2199 1412 2222 re
1429 2186 1517 2235 capi
1539 2197 1706 2235 unquam

251 2256 395 2298 posset,
426 2256 465 2287 et
494 2264 632 2301 capere
669 2258 707 2288 et
735 2252 904 2301 cepisse:
936 2251 1089 2288 tandem
1120 2249 1364 2299 ⁸4siugulares
1395 2249 1636 2293 obsecrabat,
1668 2256 1710 2285 ut

251 2311 408 2349 fratrem
425 2313 498 2350 sibi
519 2315 839 2364 qualitercunque
860 2314 1034 2351 meritum
1056 2314 1304 2356 condonaret,
1325 2325 1370 2348 eo
1391 2312 1613 2360 praesertim,
1629 2325 1709 2363 quo

252 2375 409 2425 publice
425 2389 513 2425 erga
545 2390 583 2413 se
603 2378 760 2426 cognito
788 2377 948 2415 Caesaris
967 2377 1123 2421 affectu,
1145 2375 1270 2425 siquid
1306 2376 1343 2412 in
1371 2389 1457 2413 eum
1480 2382 1712 2414 statueretur

253 2440 442 2488 asperius,
460 2439 591 2476 ⁸⁵nulli
619 2440 654 2476 in
689 2440 857 2476 animum
880 2439 1021 2477 veniret
1052 2439 1125 2476 sine
1156 2439 1272 2488 ipsius
1303 2439 1544 2477 conscientia
1563 2439 1710 2477 factum

254 2513 360 2541 esse:
396 2514 484 2551 quae
514 2502 687 2551 suspicio
726 2503 897 2539 omnium
924 2502 1090 2551 populos
1121 2501 1336 2539 Galliarum
1366 2503 1439 2541 sibi
1466 2503 1711 2541 vehementer

299 2609 340 2639 82
363 2607 467 2648 Lege,
494 2607 733 2648 cadumum—83
757 2608 936 2639 Sententia
959 2608 1023 2638 loci
1050 2608 1201 2648 postulat
1222 2608 1418 2648 supplicium,
1445 2612 1504 2639 aut
1531 2608 1715 2648 vindictam,

256 2665 318 2692 aut
329 2660 398 2692 tale
415 2660 594 2702 quim—84
611 2662 716 2703 Lege,
727 2661 1029 2701 singularum—85
1042 2661 1188 2693 Videtur
1200 2661 1479 2703 legendummuHi
1501 2671 1559 2693 non
1588 2662 1622 2693 in
1645 2661 1712 2693 ani,

256 2723 334 2745 mum
351 2714 481 2756 veniret,
494 2714 559 2745 ,eine
573 2715 669 2756 ipsius
693 2715 877 2747 conscientia
890 2725 947 2747 vum
967 2715 1094 2755 sactum
1106 2725 1190 2749 esse:
1218 2715 1295 2748 vide
1311 2715 1398 2749 Caes.
1414 2724 1439 2748 1.
1456 2718 1507 2748 20⁶
