1850 3109
408 218 838 259 CAr.3l.Lin.nE
873 228 1027 257 narro
1061 229 1212 259 ALEX.

75 328 150 355 tunt
175 322 313 354 brachia
341 330 436 352 muro
463 320 588 352 Turriti
620 318 774 359 scopuli?

74 374 173 407 Quod
197 374 352 405 Donatus
380 373 426 403 ita
453 371 603 411 exponit,
627 372 636 387 ‘
655 375 773 401 cautes

74 430 149 454 snut
168 422 350 454 informant
366 420 600 452 brachiorum!
647 421 774 452 Rlielli-

73 483 148 505 ean.
175 474 259 504 Vide
278 470 578 503 Rr0=1k1111si111niu1
598 472 773 512 Propertii

74 525 169 565 Eleg.
188 533 241 554 ιιι.
260 526 312 554 20.
330 526 383 554 21.
411 528 446 553 et
471 523 503 554 J.
523 523 671 563 Lipsiuni
699 523 773 554 Pol.

73 575 95 606 Ι.
114 584 152 606 ιι.
170 575 249 605 diui.
268 577 299 604 2.
346 574 458 605 Dan-is.
525 572 624 603 Adde
651 573 774 604 Cellar.

71 629 107 656 et
123 628 239 655 notata
255 624 295 654 ad
327 624 444 654 Front.
463 633 516 655 111.
536 627 586 655 17.
603 627 634 654 5.
670 626 679 640 ‘
701 623 774 654 bra-

72 674 154 706 chiis
180 674 221 705 ab
247 675 355 705 latere
387 673 524 706 du‹·.tis.'
578 675 634 705 Sic
665 678 700 705 et
732 675 772 704 B.

71 724 179 757 Afric.
207 736 235 757 c.
264 729 316 757 38.
340 729 393 757 49.
419 729 470 758 51.
517 726 637 757 Davis.
664 726 705 756 ad
730 726 771 756 Β.

72 776 173 817 Hisp.
199 788 229 808 c.
250 780 300 808 13.
339 777 447 808 Porro
474 787 536 817 pro
564 777 772 814 conjunxerat

71 826 185 857 Codex
212 828 317 867 Boug.
344 826 445 857 habet
465 827 681 857 commiserat:
717 836 775 856 cu-

66 876 124 917 jus
157 877 250 907 verbi
281 877 455 917 vulgatum
487 876 621 908 videtur
644 877 775 908 Glossa.

73 926 273 958 Committere
301 937 364 967 pro
387 928 572 968 conjungere
588 927 726 968 propria
742 932 776 958 et

72 976 208 1017 elegans
227 981 279 1007 est
303 977 448 1015 locutio;
474 982 511 1007 ut
537 982 666 1015 notum,
691 987 776 1018 prae-

71 1027 188 1058 sertim
214 1027 304 1067 apud
335 1027 467 1067 poetas,
506 1027 566 1058 sed
607 1032 642 1059 et
683 1027 776 1059 alios.

72 1077 223 1108 Frontin.
242 1086 296 1108 ιιι.
315 1080 365 1108 13.
387 1079 451 1118 §6.
486 1079 494 1096 ‘
515 1079 618 1109 Utres
647 1078 777 1110 duabus

73 1128 195 1167 regulis
210 1128 299 1158 inter
321 1138 356 1159 se
379 1128 586 1159 distantibus
601 1129 776 1159 commise-

72 1177 150 1208 rat!
196 1177 317 1208 Paullo
345 1182 419 1218 post
442 1187 498 1218 quo
522 1178 555 1207 in
577 1179 655 1217 qnod
672 1178 776 1208 tacite

71 1236 185 1259 rursus
202 1228 234 1258 in
252 1238 310 1259 sua
326 1227 479 1259 editione
496 1229 640 1259 mutavit
659 1229 776 1260 Clark-

71 1278 142 1309 ins:
169 1283 270 1319 atque
287 1279 334 1310 ita
348 1277 459 1309 fateor
473 1288 545 1310 esse
560 1284 629 1310 tuin
647 1279 678 1309 in
697 1279 777 1310 alio-

72 1337 156 1367 rum,
180 1333 250 1359 tuin
267 1329 301 1359 in
319 1328 402 1359 Mss.
417 1329 515 1368 meis,
539 1329 593 1359 vel
611 1330 688 1369 quod
701 1329 776 1360 min.

73 1382 108 1410 et
139 1379 226 1410 Edd.
255 1379 351 1410 vett.
379 1383 508 1419 praeter
539 1378 652 1410 Aldiu.
677 1389 775 1420 quam

74 1429 206 1460 Manut.
239 1429 389 1460 l'lantiu.
417 1430 569 1470 Scaliger
599 1435 635 1461 et
665 1431 776 1461 ceteri

74 1480 207 1519 sequuti
232 1485 320 1510 suut.
365 1480 463 1511 Solus
492 1486 618 1519 tamon,
642 1482 699 1521 qui
729 1482 777 1512 in-

74 1534 145 1561 star
163 1530 310 1561 omnium
330 1534 395 1570 est,
417 1531 622 1562 Petaviauus
639 1533 778 1564 exhibet

73 1589 144 1620 qno,
167 1580 188 1611 i.
203 1590 232 1611 e.
251 1581 341 1620 quia,
357 1581 471 1621 quod3
498 1582 587 1612 unde
613 1582 646 1614 id
668 1583 778 1614 ubivis

73 1629 145 1662 fere
170 1631 390 1662 substitutum
417 1636 480 1663 est.
527 1632 594 1663 Adi
611 1634 652 1664 ad
676 1634 777 1666 B.G.

75 1691 100 1714 1.
117 1686 170 1714 51.
193 1684 203 1699 ‘
222 1683 299 1715 Quo
315 1683 423 1714 miuus
438 1683 598 1715 valebat!

120 1736 159 1764 17
181 1732 298 1763 Aditus
311 1733 588 1773 oppugnationibus
603 1735 716 1764 nostris
727 1736 779 1765 da-

75 1783 180 1825 batur]
196 1784 263 1814 Ms.
282 1784 421 1815 Norvic.
440 1789 663 1824 repraesentat
677 1785 781 1815 aditus

74 1834 327 1874 aexpuguationis:
360 1834 459 1865 editt.
498 1836 594 1866 Rom.
624 1840 660 1866 et
691 1836 779 1866 Ven.

75 1884 178 1915 «ditus
192 1885 440 1925 oppugnationis,
465 1889 502 1916 et
526 1885 574 1915 sic
600 1885 778 1925 legendum

76 1934 232 1967 arbitror.
278 1935 408 1966 Eodem
427 1936 526 1967 modo
544 1937 660 1967 Caesar
677 1937 715 1966 B.
733 1937 778 1967 G.

76 1995 110 2017 v.
125 1989 178 2017 41.
200 1986 385 2017 ‘sermonis
412 1987 563 2026 aditum‚’
587 1992 623 2018 et
640 1988 681 2018 B.
699 1987 737 2018 C.
754 1997 778 2019 1.

77 2038 130 2068 ⁷4.
155 2036 309 2068 ‘aditum
341 2038 653 2068 commendationis’
683 2038 779 2068 dicit.

77 2086 187 2118 Datis.
232 2088 485 2128 Oppngnationis
500 2090 613 2120 nostris
634 2089 779 2120 dabatur.

78 2137 198 2168 Edidit
213 2138 386 2177 Davisius,
401 2139 505 2171 aditus
516 2140 780 2181 oppugnationi-

79 2188 142 2219 bus
168 2189 283 2219 nostris
309 2189 460 2220 dabatur:
494 2195 634 2222 annotat
653 2195 780 2231 autem,

79 2247 120 2268 ex
139 2239 223 2269 Mss.
249 2243 285 2269 et
314 2239 424 2270 Editt.
438 2240 534 2271 Vett.
550 2241 617 2280 legi
643 2241 782 2279 debere,

78 2289 325 2329 oppugnationis.
374 2289 411 2319 In
440 2289 598 2321 Editione
626 2290 780 2321 nimirum

79 2338 335 2379 Jungermanni,
373 2349 488 2371 errore
533 2341 781 2381 typographico

81 2388 279 2430 impressum
296 2389 373 2430 fuit,
387 2390 680 2431 oppugnationibus:
703 2392 782 2421 Sca-

80 2437 167 2480 liger
194 2445 319 2479 antem,
334 2450 432 2482 quem
461 2445 597 2472 secutus
621 2446 675 2472 est
698 2442 781 2473 Jun-

82 2500 293 2531 germannus,
325 2492 490 2529 ediderat,
521 2492 782 2533 oppugnationis;

83 2541 173 2581 quod
198 2547 234 2573 et
261 2542 294 2572 iu
321 2543 407 2582 aliis,
441 2547 508 2573 tam
533 2551 652 2573 recens
681 2553 780 2584 quam

84 2591 162 2621 olim
178 2591 290 2629 editis,
304 2593 453 2632 reperire
470 2597 534 2624 est.
560 2594 666 2624 Clark.

127 2642 169 2670 22
191 2640 398 2683 Prqficiebunt
411 2642 526 2684 hostes]
568 2642 700 2674 Ultima
717 2653 782 2674 vox

87 2687 184 2720 deest
216 2690 250 2721 in
281 2692 400 2723 Petav.
431 2693 556 2734 Scalig.
596 2694 690 2725 Luid.
731 2704 782 2733 pr.

85 2739 187 2769 Voss.
203 2740 312 2781 Βοῦς.
327 2751 366 2773 ac
389 2743 472 2774 Lov.
495 2744 552 2785 qui
566 2743 669 2775 habet
693 2745 786 2785 prrfi-

85 2787 198 2821 cleb«.
241 2791 293 2822 Ex
316 2800 383 2831 qna
406 2792 578 2833 scriptura
602 2798 710 2834 patet,
725 2803 786 2824 cur

1414 218 1527 260 1549

824 319 924 351 hostes
948 321 1152 352 inculearint
1169 321 1311 360 librarii,
1337 322 1415 361 quia
1433 328 1528 362 puta-

826 377 903 403 runt
922 372 1057 402 vocibus
1080 372 1243 402 multitudo
1263 371 1444 409 ‹Itffenclebut
1462 383 1527 403 non

825 422 1008 452 convenire
1041 423 1205 462 pluralem
1237 432 1422 453 numerum.
1481 422 1527 453 At

827 473 904 503 vide
933 477 969 503 tu
997 472 1088 503 dit-ta
1114 473 1154 503 :td
1186 482 1231 504 ιι.
1262 477 1310 505 ll.
1349 473 1525 514 ‘Quinque

827 523 974 563 partitum
995 533 1102 563 neque
1116 523 1216 554 aliter
1230 524 1254 554 si
1272 522 1424 554 saciant)
1442 523 1528 554 Vide

825 573 926 603 etiam
954 574 1068 603 statim
1095 584 1124 603 (⁸.
1144 577 1195 604 32.
1215 578 1249 604 et
1267 574 1306 603 B.
1324 573 1432 604 Afric.
1449 583 1479 604 c.
1497 575 1529 603 6.

825 623 961 662 ‘erupit
995 623 1189 661 multitudo,
1220 627 1254 653 et
1286 627 1400 653 castra
1431 633 1530 653 occu-

825 678 927 715 pant:
967 680 1002 705 et
1034 675 1162 715 insequi
1193 674 1395 715 cmperuntl
1426 675 1528 705 Ovid.

826 726 910 756 Met.
930 735 961 756 V.
977 728 1049 756 307.
1069 726 1191 756 ‘turba
1208 727 1312 763 venit,
1328 730 1362 755 et
1379 725 1531 755 commit-

825 776 926 806 tunt.'
975 776 1135 807 Ceterum
1164 776 1195 805 in
1224 775 1341 805 iisdem
1362 775 1446 805 Mss.
1464 784 1530 805 non

825 832 1002 866 comparet
1029 826 1149 856 vocula
1175 828 1298 861 ‹cuiem;
1321 835 1396 866 quae
1426 825 1529 855 etiam

825 886 891 907 non
918 877 1060 907 multum
1089 876 1171 908 fat-it
1199 876 1240 906 ad
1265 885 1381 906 sensus
1397 875 1532 907 clarita-

827 931 907 957 tem.

869 979 909 1008 23
935 977 973 1007 In
991 977 1114 1016 regione
1122 976 1268 1017 fluminis
1285 975 1370 1016 Nili]
1409 975 1450 1006 In
1468 976 1531 1006 Lo—

826 1036 904 1057 van.
921 1037 960 1057 ac
979 1027 1088 1058 Palat.
1107 1031 1266 1058 exaratur
1288 1026 1340 1067 qui
1362 1026 1531 1065 regionem.

827 1077 894 1108 Sed
922 1077 1043 1108 Petav.
1072 1076 1192 1117 Scalig.
1219 1077 1327 1116 Bong.
1352 1075 1447 1107 Leid.
1478 1085 1531 1116 pr.

827 1127 926 1158 Voss.
948 1127 1075 1158 liabent
1101 1127 1152 1167 qui
1175 1127 1315 1166 regione,
1334 1127 1352 1158 i.
1370 1137 1399 1158 e.
1416 1131 1532 1166 parte3

828 1174 914 1205 bene
930 1177 1076 1206 omnino.
1124 1177 1178 1207 Sic
1200 1177 1270 1206 sine
1288 1176 1534 1216 praepositione

827 1230 943 1256 amant
971 1225 1086 1256 dicere
1111 1226 1248 1265 regione.
1292 1225 1381 1255 Vide
1412 1225 1533 1256 Barth.

828 1276 870 1307 ad
887 1277 1063 1309 claudian.
1083 1278 1115 1308 in
1132 1277 1244 1308 Rufin.
1260 1287 1309 1308 vs.
1326 1280 1400 1309 241.
1416 1278 1533 1308 neum.

828 1327 870 1358 ad
897 1328 991 1359 Suet.
1017 1328 1089 1360 Jul.
1107 1337 1135 1358 c.
1154 1331 1206 1359 39.
1230 1328 1239 1344 ‘
1253 1327 1533 1368 regionesMar-tii

827 1379 968 1419 campi;'
1007 1384 1042 1410 et
1073 1379 1182 1410 Drak.
1211 1379 1253 1410 ad
1285 1379 1363 1410 Liv.
1392 1388 1447 1410 ιιι.
1479 1381 1532 1409 66.

826 1430 835 1446 ‘
859 1430 1011 1471 Regione
1050 1435 1159 1471 portae.
1196 1430 1383 1471 Esquilinae
1422 1438 1535 1460 acces-

829 1480 926 1512 sere?
987 1480 1124 1521 Apulei.
1159 1481 1244 1511 Met.
1277 1481 1299 1510 l.
1329 1489 1385 1510 ιιι.
1416 1489 1448 1520 p.
1479 1482 1533 1510 49.

827 1532 836 1547 ‘
848 1540 982 1562 manuni
998 1531 1134 1571 regione
1146 1530 1260 1561 lateris
1279 1528 1485 1568 tendentes,’
1498 1533 1535 1559 nt

829 1582 1009 1623 legendum
1025 1587 1088 1613 est.
1113 1582 1236 1612 Melius
1253 1586 1342 1612 esset
1355 1581 1419 1611 hoc
1433 1589 1534 1611 sensu

828 1643 847 1664 α
874 1643 953 1673 regu,
980 1643 1079 1674 quam
1106 1634 1139 1663 in
1165 1643 1232 1671 reg.
1286 1633 1385 1663 Recta
1411 1632 1536 1671 regione

830 1692 893 1723 pro
910 1690 1004 1714 recto
1020 1684 1171 1721 tramite,
1190 1687 1286 1713 recto
1299 1683 1419 1720 ductu,
1443 1691 1535 1722 saepe

830 1733 990 1764 occurrit.
1035 1733 1123 1764 Vide
1147 1733 1262 1764 Ursin.
1290 1737 1325 1764 et
1352 1732 1465 1764 Ciacc.
1491 1732 1534 1762 ad

830 1793 879 1815 νι.
901 1787 954 1814 25.

874 1843 979 1866 xxxr.
1008 1838 1027 1865 8
1053 1834 1270 1874 Carsulenmn]
1315 1833 1371 1865 Sic
1398 1833 1535 1875 quidem

831 1884 954 1923 Aldus,
993 1885 1126 1916 Manut.
1158 1885 1310 1916 Plantin.
1337 1885 1462 1925 Scalig.
1501 1889 1538 1915 et

832 1945 927 1976 seqq.
944 1935 1144 1966 ediderunt:
1171 1940 1205 1966 at
1222 1945 1302 1966 vero
1327 1935 1457 1976 priores
1479 1935 1537 1966 ha-

830 1987 924 2025 beut,
941 1993 975 2019 et
992 1987 1047 2018 alii
1067 1986 1278 2027 Carfidenum,
1302 1987 1391 2028 quod
1416 1985 1538 2018 confir-

831 2043 958 2069 matum
989 2048 1009 2068 a
1038 2039 1123 2069 Mss.
1152 2038 1236 2068 meis
1263 2038 1416 2069 omnibus
1450 2037 1537 2068 adeo

832 2090 984 2121 restitui:
1012 2089 1059 2121 sic
1078 2090 1168 2120 enim
1192 2089 1273 2120 alibi
1289 2089 1341 2120 liic
1359 2090 1458 2120 homo
1481 2098 1538 2119 vo-

832 2144 938 2171 catur.
985 2140 1130 2171 Consule
1148 2139 1272 2171 Gland.

875 2193 916 2221 12
940 2190 977 2220 In
995 2199 1096 2221 omnes
1115 2193 1222 2230 partes
1245 2190 1420 2220 discurrere
1442 2199 1537 2229 σωρε-

831 2242 921 2282 runt]
956 2242 1112 2281 Reporm,
1129 2241 1161 2271 in
1176 2251 1278 2271 omnes
1292 2244 1397 2280 partes
1412 2244 1539 2270 castro-

833 2301 907 2322 rum
937 2292 1109 2321 discurrere
1138 2295 1308 2331 coeperunt,
1332 2300 1400 2320 non
1430 2290 1537 2320 solum

834 2350 876 2371 ex
898 2341 998 2372 editt.
1024 2341 1119 2372 Rom.
1138 2341 1224 2372 Ven.
1245 2340 1404 2372 Beroald.
1420 2349 1537 2370 verum

834 2391 936 2422 etiam
950 2401 992 2421 ex
1007 2391 1242 2432 Mannscripto
1254 2391 1359 2422 Norv.
1375 2390 1537 2431 aliisque:

836 2441 970 2472 Hirtius
997 2443 1100 2480 enim,
1116 2450 1181 2471 non
1208 2441 1317 2472 minus
1345 2451 1384 2472 ac
1412 2441 1539 2480 Caesar,

836 2492 1094 2532 perspicuitatis
1125 2497 1178 2522 est
1211 2492 1391 2523 studiosus.
1426 2491 1538 2522 Daris.

835 2542 930 2573 Bene
947 2551 1020 2572 eam
1038 2551 1154 2572 vocem
1174 2542 1246 2583 jam
1269 2541 1422 2572 restituit
1445 2540 1539 2571 clar-

835 2593 911 2623 kius
933 2603 941 2623 ε
982 2593 1109 2633 quippe
1147 2597 1336 2633 agnoscunt
1373 2592 1455 2622 Mss.
1495 2590 1536 2620 ad

836 2653 936 2673 unum
954 2653 1084 2682 omneS‚
1101 2648 1136 2674 et
1151 2643 1238 2674 Edd.
1258 2643 1386 2682 primae.
1417 2640 1539 2671 Paullo

837 2698 914 2733 post
925 2694 956 2724 in
968 2694 1077 2724 castris
1093 2694 1213 2724 aberat
1229 2693 1270 2723 ab
1287 2693 1405 2722 iisdem
1421 2690 1538 2729 editis,

836 2752 958 2782 nempe
975 2743 1067 2781 Aldi,
1093 2743 1233 2773 Vascos.
1259 2741 1390 2781 Gryph.
1416 2739 1538 2780 Steph.

838 2792 988 2823 Plautio.
1015 2791 1116 2823 immo
1140 2791 1243 2822 etiam
1267 2799 1288 2820 a
1310 2789 1426 2830 primis
1448 2788 1538 2823 Edd.
