1850 3109
274 189 386 230 14:28

271 294 436 332 noconius,
452 292 540 324 unde,
556 293 712 325 mendum
726 304 798 326 esse
814 295 876 326 hoe
891 295 966 326 loco

270 349 380 385 putat.
427 344 491 375 Sed
510 350 643 375 constat
669 355 800 383 sensns,
824 347 850 376 si
873 351 966 376 reete

271 394 473 436 perpendas.
530 395 589 426 Ait
630 396 743 426 Caesar
782 396 814 426 in
849 397 968 427 eastris

271 447 360 477 Attii
375 447 452 476 Vari
471 445 571 476 fuisse
589 446 809 478 Quinctilium
829 446 966 485 Varum,

271 506 370 536 quem
392 496 462 535 ipse
480 494 617 525 Corfinii
635 495 819 526 dimiserat.
867 496 967 527 Hunc

272 547 398 576 Varum
416 546 448 575 in
466 544 618 576 Africam
636 545 848 585 profectum:
874 552 907 578 at
925 547 968 577 le-

272 598 385 633 :iones
403 594 630 626 Corfinienses
647 596 680 626 in
698 596 848 627 Africam
872 606 891 627 a
906 598 969 628 Cu-

272 648 365 677 rione.
383 646 595 678 transductus
609 646 734 685 t'uisse3
759 648 905 689 indeque
918 658 969 679 oc-

270 699 441 728 easionem
469 696 654 729 Quinctilio
686 708 742 729 eas
764 698 967 739 appellandi.

272 747 397 778 Omnia
421 747 514 778 clara
540 753 652 786 erunt,
681 749 706 779 si
738 750 970 790 interpungas,

274 798 303 826 in
328 797 470 835 Africum
498 802 642 829 venerut:
680 799 871 839 legionesque
906 810 969 838 eus,

271 852 323 881 M:
359 849 565 880 l'etavianus
583 859 662 880 vero
675 850 783 881 codex
795 850 969 881 manifeste

273 904 471 939 corruptus:
497 899 623 940 quippe
650 900 683 930 in
716 910 755 931 eo
781 906 851 931 est:
877 902 971 939 legio-

273 959 382 989 nesque
419 959 469 980 cns
505 951 712 980 tru‹!u.rc›·at:
747 960 821 990 quos
865 952 969 981 surio.

278 999 406 1029 tv'ossz'us.
453 1000 561 1029 Deest
585 1008 651 1029 vox
674 1000 770 1029 surio
790 1000 822 1029 in
839 1000 973 1039 quibus—

272 1048 348 1078 dam
367 1047 472 1079 Codd.
490 1048 549 1078 sed
567 1049 701 1079 omnino
717 1049 894 1079 retinenda
909 1053 971 1088 est,

273 1102 310 1128 nt
327 1102 420 1129 recte
435 1098 520 1129 vidit
537 1099 581 1129 D.
595 1099 744 1130 Vossius.
791 1099 867 1130 Hoc
884 1099 972 1129 enim

272 1148 356 1178 ‹lieit
372 1149 504 1179 Caesar:
531 1148 654 1179 milites
682 1149 857 1189 utriusque
881 1158 972 1178 exer-

271 1200 373 1238 eitus,
395 1199 472 1229 inde
490 1200 578 1229 inter
595 1209 630 1229 se,
643 1199 855 1239 colloquendi
880 1209 973 1229 caus-

272 1258 342 1279 sam
360 1254 488 1287 nactos,
511 1249 612 1289 quod,
639 1259 657 1279 a
681 1249 837 1289 Pompeii
869 1248 973 1288 parti-

274 1298 337 1329 bus
373 1298 520 1338 legiones
566 1297 713 1328 Corfinio
747 1298 780 1328 in
822 1297 972 1328 Africam

275 1348 512 1379 transduxerat
529 1348 564 1378 S.
582 1349 623 1380 Q.
641 1348 763 1386 Varus,
787 1358 807 1378 a
830 1347 973 1378 Caesaris

275 1402 387 1428 antem
402 1397 557 1438 partibus
570 1398 716 1438 legiones
731 1396 879 1429 Corfinio
892 1399 972 1428 item

275 1453 433 1488 receptas
448 1447 685 1479 transduxerat
702 1450 815 1479 Curio:
838 1448 922 1479 adeo
937 1453 973 1479 ut

274 1499 402 1530 milites
416 1499 587 1540 utriusque
605 1499 778 1530 exercitus
798 1500 869 1539 jum
894 1499 972 1530 olim

277 1550 366 1580 inter
393 1560 427 1580 se
457 1550 527 1580 noti
552 1554 678 1580 essent.
712 1551 822 1581 Clark.
879 1551 975 1580 Curio

276 1600 409 1631 exsulat
435 1600 537 1631 etiam
566 1611 585 1630 a
606 1602 701 1631 Carr.
727 1602 845 1632 Brant.
878 1601 973 1631 Leid.

275 1660 343 1681 see.
360 1651 457 1681 Voss.
474 1655 510 1681 et
525 1651 669 1681 Dorvill.
687 1656 722 1682 ut
740 1656 775 1682 et
793 1651 877 1682 Edd.
894 1652 975 1681 Vas-

277 1712 347 1733 eos.
380 1702 496 1741 Steph.
524 1702 675 1742 aliisque.
734 1702 773 1731 In
802 1701 897 1731 Leid.
923 1710 974 1740 pr.

277 1755 548 1791 transponuntur
561 1761 692 1791 quoque
705 1761 779 1790 quas
794 1752 887 1781 Curio
904 1760 976 1791 pes-

277 1800 372 1831 sime.
416 1800 483 1831 Sed
512 1805 547 1831 et
570 1806 662 1831 errat
685 1802 736 1832 (ΣΙ.
753 1801 918 1831 Clarkius.
939 1800 973 1831 S.

278 1852 321 1883 Q.
342 1850 452 1881 Varus
474 1860 540 1881 non
568 1850 763 1881 transduxit
788 1850 872 1881 ullas
897 1851 977 1890 legi-

277 1909 359 1930 ones
390 1900 422 1929 in
450 1899 613 1930 Africam.
658 1900 726 1929 Sed
751 1900 854 1931 Curio
870 1905 977 1930 trans·

278 1951 377 1982 duxit
393 1961 448 1982 eas
460 1952 610 1991 legiones
626 1952 658 1981 in
675 1951 837 1991 Africam,
855 1953 887 1982 iu
904 1953 975 1993 qui-

280 2001 343 2031 bus
355 2001 417 2031 sub
431 2002 582 2032 Domitio
590 2001 728 2032 Corfinii
739 2001 978 2034 fueratQuuxs-

281 2057 335 2082 tor
346 2052 380 2083 S.
394 2052 600 2084 Quinctilius
616 2052 746 2083 Varus:
764 2052 840 2083 hinc
862 2052 978 2092 adpel-

279 2102 413 2133 lationis
440 2111 589 2133 caussam
615 2102 733 2133 babuit
762 2102 978 2135 Quinctilius.

279 2151 346 2182 Adi
378 2161 401 2182 ι.
424 2154 475 2183 22.
500 2156 536 2182 et
562 2162 591 2183 c.
619 2156 672 2183 25.
700 2155 735 2183 et
761 2152 856 2192 hujus
880 2162 908 2183 c.
925 2156 978 2183 23.

280 2202 354 2234 Has
372 2202 459 2233 enim
477 2203 625 2243 legiones
639 2203 774 2234 Curioni
792 2202 934 2233 traditas
952 2202 978 2232 is

281 2252 425 2293 primum
442 2253 473 2283 in
490 2253 652 2293 Siciliam,
676 2258 711 2284 et
738 2253 817 2284 inde
842 2253 874 2283 in
891 2252 981 2283 Afri-

281 2313 352 2334 cam
371 2303 574 2334 transduxit.

324 2356 344 2382 8
367 2353 574 2392 Socramenti,
597 2355 674 2393 quod
693 2354 775 2394 opud
795 2353 982 2393 Domitium,

281 2407 372 2443 utque
387 2406 467 2443 opud
483 2414 513 2434 se
531 2406 722 2439 Quaestorem
745 2403 915 2443 dixissent]
945 2404 980 2434 Si

282 2454 356 2494 soli,
378 2459 415 2484 ut
429 2464 469 2484 ex
487 2455 632 2494 Polybio
649 2455 819 2492 discimus,
842 2453 981 2484 Tribuni

281 2503 424 2534 militum
438 2509 687 2534 sacramentnm
703 2503 908 2543 exigebant;
933 2503 981 2533 di-

283 2563 362 2585 cere
387 2558 522 2594 oportet
547 2553 671 2583 fuctmn
703 2554 784 2583 illud
813 2553 982 2594 praeseuti-

284 2604 345 2635 bus
360 2609 418 2635 aut
434 2604 638 2642 consulibus,
653 2608 710 2633 aut
727 2603 906 2643 praetoriiS,
923 2608 982 2633 aut

283 2653 430 2695 denique
446 2653 691 2694 quaestoribus:
717 2652 867 2683 namhoc
881 2652 981 2682 mani-

283 2704 371 2736 feste
398 2704 545 2735 indicare
576 2705 647 2735 haee
677 2704 782 2734 verba
814 2703 981 2734 videntur.

286 2756 362 2786 Nisi
379 2755 528 2787 dicamus
544 2755 644 2786 alium
665 2755 772 2786 turbis
795 2754 860 2785 illis
877 2759 912 2784 et
931 2753 981 2785 di-

727 200 867 231 NOTAE
907 201 1170 232 VARIORUM
1211 200 1261 231 IN

1018 304 1150 327 versum
1176 305 1195 326 a
1224 295 1335 335 prisco
1359 302 1485 325 morem
1517 291 1712 332 induetum3

1019 347 1105 387 qnod
1122 355 1185 376 non
1203 346 1358 377 arbitror.
1404 346 1531 376 Forsan
1548 349 1583 374 et
1598 352 1640 374 ex
1665 343 1716 375 his

1019 396 1130 426 verbis
1158 396 1297 434 colligas
1325 395 1367 426 ab
1397 396 1469 435 ipso
1494 394 1657 434 Domitio,
1679 399 1717 426 et

1018 446 1110 476 Varo
1127 446 1274 484 legiones
1297 450 1543 476 sacramentnm
1565 444 1717 476 adactas.

1020 495 1106 525 Sane
1121 505 1238 535 parum
1256 495 1365 532 abest,
1387 495 1467 536 quin
1482 496 1544 526 hoc
1560 495 1716 526 sentiam.

1025 546 1159 576 Vossius.
1205 546 1282 576 Non
1299 545 1456 576 dixerant
1472 550 1717 577 sacramentnm

1021 596 1051 626 in
1071 595 1174 625 verba
1190 595 1289 625 solius
1303 595 1461 634 Domitii,
1476 595 1536 627 sed
1552 595 1720 636 Pompeii,

1020 656 1136 677 verum
1168 645 1256 686 apud
1288 645 1479 677 Domitium
1513 650 1549 677 et
1579 646 1719 678 Varum.

1019 697 1073 727 Sic
1091 706 1119 727 e.
1140 700 1188 727 18.
1213 699 1221 713 ‘
1239 696 1347 726 Varro
1364 705 1495 726 omnem
1510 696 1718 735 provinciam

1021 747 1052 777 in
1069 757 1127 777 sua
1145 752 1178 777 et
1195 746 1348 786 Pompeii
1367 745 1719 787 verbajusjurandum

1020 797 1158 835 adegit?

1062 850 1082 877 0
1107 847 1291 877 Msnwriom
1305 846 1502 887 deponerent]
1525 846 1580 877 Ita
1595 846 1721 887 legitur

1020 897 1052 927 iu
1082 897 1234 927 omnibus
1261 897 1519 936 exemplaribus,
1557 901 1591 928 et
1625 902 1720 929 recte

1021 947 1167 986 quidem.
1192 947 1246 977 Sic
1260 957 1361 986 supra
1374 947 1414 976 Β.
1430 947 1473 978 G.
1492 956 1514 977 ι.
1530 949 1580 978 1⁴.
1598 947 1606 963 ‘
1621 946 1722 979 Quod

1021 995 1159 1035 AEduos,
1183 997 1271 1036 quod
1296 996 1490 1034 Ambarros,
1515 996 1602 1036 quod
1628 995 1722 1027 Allo-

1023 1047 1142 1085 broges
1168 1051 1361 1086 vexassent,
1392 1047 1587 1078 memoriam
1619 1046 1722 1087 depo-

1022 1106 1102 1128 nere
1133 1096 1270 1136 posset,’
1310 1097 1366 1127 ubi
1395 1096 1522 1127 frustra.
1546 1101 1599 1128 est
1621 1097 1721 1128 Joan.

1024 1147 1193 1186 Brantins,
1216 1146 1272 1187 qui
1288 1147 1435 1178 memoria
1451 1148 1600 1187 deponere
1623 1147 1724 1187 longe

1023 1198 1148 1228 rectius
1177 1202 1211 1228 et
1242 1198 1413 1228 venustius
1440 1197 1506 1229 dici
1530 1196 1720 1229 contendit.

1023 1247 1132 1278 Doris.
1191 1247 1278 1278 Vide
1307 1257 1367 1278 nos
1393 1257 1432 1278 eo
1464 1248 1540 1278 loci.
1587 1246 1724 1287 Apulei.

1025 1299 1112 1329 Met.
1141 1300 1162 1330 1.
1190 1308 1221 1329 v.
1251 1309 1283 1338 p.
1312 1301 1386 1328 100.
1420 1298 1673 1329 ‘Monitionum
1689 1303 1726 1329 et

1025 1348 1280 1388 promissionum
1298 1347 1491 1378 memoriam
1509 1345 1654 1378 effudit!

1071 1402 1106 1429 12
1132 1399 1171 1429 111
1200 1397 1397 1437 contmnelia]
1450 1397 1504 1428 Sic
1534 1397 1604 1428 Ms.
1639 1398 1725 1438 Reg.

1025 1449 1114 1480 Edit.
1141 1449 1235 1478 Rom.
1259 1449 1291 1477 ιή
1316 1447 1541 1478 contumeliam.
1587 1447 1726 1478 Utrum-

1025 1509 1090 1541 que
1117 1503 1223 1529 recte.
1268 1497 1421 1537 Scaliger
1444 1501 1479 1527 et
1499 1497 1726 1528 Recentiores

1026 1549 1301 1589 praepositionein
1350 1546 1535 1578 omiserunt
1557 1558 1564 1577 2
1619 1546 1726 1578 minus

1027 1604 1130 1630 recte.
1178 1599 1285 1629 Clark.
1331 1598 1372 1628 Id
1410 1597 1563 1637 Scaliger
1599 1596 1681 1628 fecit
1707 1606 1727 1628 e

1028 1651 1094 1681 Ms.
1125 1649 1251 1687 Ursini,
1275 1658 1416 1689 quocum
1441 1646 1572 1678 faciunt
1602 1647 1726 1678 I’etav.

1026 1701 1150 1738 Scalig.
1179 1700 1274 1730 Leid.
1302 1709 1354 1739 pr.
1381 1699 1478 1729 Voss.
1509 1699 1530 1728 i.
1549 1708 1579 1729 e.
1602 1708 1657 1738 per
1673 1699 1726 1730 vel

1026 1761 1042 1782 e
1057 1749 1261 1782 contumelio.-
1286 1749 1333 1780 sic
1350 1750 1358 1766 ‘
1372 1748 1628 1779 consuetudine)
1643 1756 1726 1779 vm.

1029 1805 1078 1833 17.
1113 1803 1121 1817 ‘
1140 1800 1283 1831 silentio'
1307 1801 1346 1830 B.
1364 1800 1437 1831 Civ.
1456 1808 1510 1829 ιιι.
1530 1801 1581 1830 19.
1612 1799 1621 1815 ‘
1636 1798 1728 1830 Ami-

1027 1851 1120 1883 citia'
1149 1860 1202 1881 111.
1220 1855 1273 1881 55.
1295 1850 1303 1866 ‘
1319 1848 1452 1880 fiducia'
1479 1848 1582 1889 Apul.
1601 1850 1686 1879 Met.
1706 1850 1728 1881 Ι.

1027 1911 1067 1932 11.
1085 1911 1117 1941 p.
1133 1904 1185 1932 22.
1213 1900 1276 1931 Ed.
1302 1900 1395 1930 Prie.
1425 1903 1459 1930 et
1482 1899 1602 1929 similia
1626 1909 1728 1939 saepe.

1029 1953 1067 1982 In
1082 1951 1264 1982 contumelia
1280 1955 1329 1981 est
1349 1955 1477 1981 tantuin
1495 1950 1527 1979 in
1547 1949 1641 1980 Leid.
1659 1958 1726 1980 sec.

1028 2006 1062 2032 et
1082 2003 1190 2032 Palat.
1221 2001 1355 2041 Reliqui
1378 2000 1636 2031 iucoutnmeliam
1651 2009 1728 2030 cum

1028 2051 1116 2082 Edd.
1133 2052 1226 2082 Vett.
1251 2051 1312 2081 nisi
1339 2051 1427 2091 quod
1455 2052 1493 2081 ad
1517 2050 1730 2081 contumeliam

1028 2101 1151 2132 habeat
1165 2101 1291 2131 Lovan.
1310 2100 1358 2130 uti
1375 2110 1402 2130 c.
1416 2103 1466 2130 32.
1484 2100 1516 2130 in
1532 2099 1556 2130 f.

1074 2155 1112 2183 13
1137 2151 1250 2191 Addit]
1285 2152 1336 2182 Ex
1362 2151 1483 2181 Petav.
1509 2150 1584 2181 Pal.
1601 2151 1730 2182 Lovan.

1031 2202 1137 2233 Norv.
1154 2200 1312 2231 Beroald.
1326 2205 1361 2231 et
1371 2200 1484 2232 Ursin.
1497 2199 1729 2240 reponendum

1029 2251 1314 2291 addidit,utjubet
1330 2250 1442 2281 Latini
1454 2251 1620 2282 sermonis
1632 2250 1730 2281 ratio.

1030 2302 1143 2333 Doris.
1181 2311 1252 2332 cur.
1284 2310 1351 2331 sec.
1412 2299 1524 2331 Latini
1566 2299 1729 2330 sermonis

1031 2352 1118 2383 ratio
1141 2351 1240 2382 facile
1266 2350 1483 2390 permitteret
1503 2348 1541 2379 τὸ
1565 2349 1666 2388 addit,
1693 2354 1732 2379 ut

1031 2402 1101 2432 dixi
1118 2402 1158 2432 ad
1176 2403 1268 2432 (κ’-’6.
1312 2400 1380 2431 Sed
1399 2400 1492 2430 Msta
1516 2399 1618 2430 lectio
1643 2399 1731 2439 addi-

1030 2453 1078 2483 dit
1093 2451 1236 2492 flagitat.
1283 2450 1507 2481 Consentiunt
1526 2449 1614 2480 enim
1633 2448 1730 2480 Leid.

1032 2513 1083 2544 pr.
1102 2502 1225 2542 Seaiig.
1240 2501 1384 2532 Dorvill.
1401 2505 1436 2531 et
1454 2500 1539 2531 Edd.
1556 2499 1686 2540 primm.

1075 2560 1181 2583 xxix.
1221 2554 1235 2581 l
1276 2551 1335 2591 At]
1398 2551 1480 2580 Mss.
1525 2549 1664 2579 aliorum
1693 2552 1729 2579 et

1031 2602 1097 2633 mei
1120 2611 1235 2632 omnes
1252 2610 1327 2632 cum
1349 2599 1437 2630 Edd.
1454 2597 1606 2629 Vetustis
1619 2601 1730 2638 utque:

1033 2652 1122 2682 uude
1150 2652 1276 2682 Brutus
1293 2649 1380 2680 male
1398 2658 1508 2679 rursus
1532 2647 1615 2678 fecit
1635 2647 1732 2687 atqui,

1032 2706 1068 2732 et
1098 2700 1329 2736 nocentiores,
1350 2698 1442 2738 Lips.
1458 2698 1545 2729 Scal.
1569 2702 1605 2728 et
1627 2697 1732 2728 ceteri

1031 2755 1080 2783 at:
1109 2751 1191 2793 quia
1219 2754 1442 2791 praecesserat
1467 2748 1599 2781 scilicet
1626 2750 1730 2788 atque.
