1850 3109
264 190 374 231 1714
691 199 728 228 J.
761 198 898 228 cersi
933 198 1286 229 comfflxrARir

264 294 496 332 conficiam)
554 293 753 331 Adversus
773 293 855 330 luec
876 292 994 329 multa
1016 293 1143 330 Caesar
1176 291 1352 329 disseruit
1385 304 1455 329 cur
1487 292 1623 341 creptis
1654 293 1723 329 ab·

264 358 396 396 sistere
426 358 530 395 nullo
568 357 685 394 modo
716 364 868 406 posset:
903 365 910 375 ¹
931 370 1054 406 neque
1075 357 1173 393 euim
1208 357 1263 393 sui
1294 362 1361 393 aut
1397 356 1560 393 Romani
1591 357 1720 402 moris,

264 422 390 460 socios
411 428 526 471 utque
547 421 691 458 amicos
714 421 808 456 bene
832 419 986 456 meritos
1009 419 1044 455 iu
1077 432 1144 456 sua
1165 419 1390 457 adversitate
1418 419 1605 466 deserere,
1629 421 1723 458 Gal·

262 486 349 523 liam
373 498 461 522 sane
479 498 553 522 nou
575 492 651 521 tam
676 483 852 520 Ariovisti
873 496 956 520 esse
979 496 1093 532 quam
1122 484 1394 527 Romanorum,
1426 484 1493 534 qui
1524 492 1611 522 aute
1631 497 1719 522 eum

265 562 332 599 per
352 549 541 592 Quintum
565 547 721 583 Fabium
740 546 954 583 Maximum
977 546 1079 583 hunc
1103 547 1290 589 ultimum,
1324 547 1524 585 Rutlienos
1552 555 1589 584 et
1620 547 1720 585 24Al-

263 624 400 649 vernos
420 610 620 648 Gallorum
642 610 807 659 populos
828 609 1080 652 domuissent,
1103 610 1292 660 primique
1312 611 1423 648 armis
1439 611 1719 660 possessionem

263 675 404 712 Gallia:
422 673 785 724 apprehendissent:
819 674 899 710 liaec
932 674 1030 711 inter
1061 682 1262 723 utramque
1298 674 1497 711 victoriam
1525 675 1721 721 interesse,

263 738 369 789 quod
389 737 604 775 libertatem
627 750 742 787 quam
761 737 975 774 Ariovistus
998 738 1105 775 victis
1126 738 1339 782 abstulerit,
1363 739 1529 775 Romani
1549 738 1723 789 reliquis-

263 808 360 847 sent,
377 814 539 851 eamque
559 801 611 838 eis
631 801 667 838 in
697 807 927 850 perpetuum
949 801 1091 837 salvam
1114 801 1268 838 vellent.
1327 802 1384 839 Ita
1414 802 1513 839 enirn
1547 808 1720 840 senatum

263 866 468 910 censuisse,
490 873 531 903 ut
552 865 656 903 Galli
677 865 711 902 in
735 865 909 902 libertate
929 864 1111 909 viverent,
1146 871 1184 902 et
1216 865 1292 902 suis
1326 866 1473 914 legibus
1511 871 1723 912 uterentur,

263 936 380 980 atque
400 929 486 966 ideo
508 930 769 967 Romanorum
791 929 827 966 in
848 929 975 967 Gallia
1006 930 1035 952 ²⁵
1051 936 1176 967 tannen
1198 928 1390 978 antiquius
1425 935 1552 966 tamen
1577 930 1723 978 justius

264 993 467 1042 imperium
486 1006 569 1030 esse
591 1005 704 1042 quam
726 992 840 1030 illius.
900 991 1017 1036 Quod
1052 992 1080 1028 si
1115 992 1199 1041 quis
1220 991 1320 1028 sorte
1342 992 1429 1029 liuic
1451 999 1605 1030 senatus
1619 993 1723 1042 judi-

264 1056 326 1093 cio
355 1055 601 1101 ²⁶abstiterit,
624 1068 707 1093 eam
728 1063 785 1092 sat
807 1056 956 1103 justam
978 1069 1134 1093 causam
1155 1069 1236 1094 esse
1270 1055 1485 1094 bellorum?
1542 1057 1638 1094 Haec
1667 1057 1724 1095 di-

263 1120 365 1157 centi
394 1126 431 1156 et
462 1120 571 1169 plura
605 1119 718 1156 etiam
752 1132 852 1156 nunc
886 1119 1052 1164 dicturo,
1084 1120 1224 1156 Caesari
1255 1120 1472 1163 nuntiatum
1504 1121 1721 1170 equitatum

262 1183 444 1221 Ariovisti
462 1182 622 1232 propius
643 1182 842 1219 admotum
871 1182 954 1231 jau]
990 1182 1064 1219 tela
1091 1182 1256 1231 jactare,
1286 1189 1324 1219 et
1354 1183 1388 1219 in
1410 1196 1455 1219 eo
1476 1196 1554 1220 rem
1576 1198 1658 1220 csse
1680 1189 1722 1221 ut

263 1246 440 1296 proelium
471 1246 684 1284 inchoetur.
743 1247 878 1295 Itaque
903 1248 1033 1285 Caesar
1066 1247 1258 1295 inexpleto
1286 1259 1459 1283 sermone.
1497 1246 1724 1296 digreditur,

263 1316 302 1346 et
321 1323 489 1347 reversus
509 1309 558 1347 ad
588 1323 676 1347 suos
698 1310 877 1359 imperat,
915 1322 960 1346 ne
979 1309 1070 1359 qnid
1092 1309 1249 1346 omnino
1270 1309 1465 1346 missilium
1487 1310 1523 1347 in
1544 1310 1724 1349 adversa-

264 1373 342 1411 rios
356 1373 552 1423 jacerent:
585 1386 672 1411 nam
693 1372 762 1411 etsi
782 1373 954 1422 legionis,
987 1385 1102 1422 qnam
1123 1373 1304 1422 praesidio
1325 1373 1398 1410 sibi
1419 1373 1626 1424 delegerat,
1657 1375 1724 1412 ad-

265 1450 393 1476 versus
425 1443 651 1487 pra—sentem
691 1436 854 1474 'nostium
881 1436 1097 1485 equitatum
1127 1442 1252 1474 tutum
1286 1437 1378 1474 satis
1409 1451 1489 1476 esse
1524 1445 1722 1477 certamen

262 1501 503 1551 intelligeret,
533 1501 668 1538 timens
700 1507 843 1544 tamen,
873 1507 915 1537 ut
944 1506 1025 1537 erut
1064 1499 1175 1537 sumre
1203 1500 1519 1546 studiosissimus,
1549 1515 1596 1539 ne
1626 1502 1722 1539 sorte

261 1578 388 1603 sermo
409 1564 586 1615 vulgaris,
608 1576 708 1613 saepe
728 1564 882 1613 culpam
904 1577 925 1600 a
946 1564 1172 1600 nocentibus
1197 1564 1283 1614 [59]
1303 1564 1350 1601 ad
1373 1565 1542 1602 insontes
1575 1572 1723 1604 vertere

264 1628 409 1674 solitus,
431 1629 502 1666 sibi
525 1628 627 1678 apud
650 1634 781 1678 gentes
801 1628 1030 1677 imponeret,
1052 1627 1156 1676 quod
1178 1628 1326 1665 bostem
1346 1628 1542 1678 colloquio
1562 1629 1723 1667 circum·

263 1692 389 1730 ¹venire
410 1693 605 1730 voluisset.
663 1692 858 1729 Caeterum
881 1690 946 1727 ubi
967 1690 1003 1727 in
1037 1697 1162 1729 castra
1195 1697 1254 1728 est
1288 1691 1466 1738 reditum,
1504 1692 1721 1743 cognitum-

264 1769 354 1805 que,
393 1769 468 1807 qua
508 1755 691 1805 superbia
729 1755 944 1792 Ariovistus
992 1755 1122 1792 Gallia
1160 1755 1313 1805 ²⁷quasi
1352 1768 1419 1793 sna
1455 1756 1637 1794 Romanis
1666 1756 1722 1795 in-

262 1819 486 1864 trodiceret,
516 1821 637 1871 28quo
658 1833 734 1857 non
752 1819 895 1869 impetu
912 1819 967 1856 sui
981 1819 1101 1868 jactis
1118 1819 1156 1856 in
1177 1819 1374 1857 Romanos
1387 1820 1470 1857 telis
1483 1820 1722 1870 colloquium

262 1884 547 1932 pervertissent,
569 1884 703 1921 mirum
726 1884 762 1920 iu
784 1882 942 1920 modum
974 1895 1128 1920 crevere
1161 1882 1275 1920 animi
1304 1883 1556 1921 ²⁹amicorum
1589 1883 1722 1922 ardor-

264 1959 339 1996 que
369 1947 578 1996 pugnandi.
636 1948 728 1985 Post
765 1946 924 1984 biduum
959 1953 1132 1992 nutante,
1171 1952 1355 1996 quantum
1395 1947 1552 1997 intelligi
1593 1947 1721 1993 datur,

262 2010 402 2053 animo,
422 2010 523 2047 misit
540 2011 675 2047 iterum
697 2010 909 2047 Ariovistus
928 2011 974 2047 ad
998 2011 1204 2054 Caesarem,
1238 2010 1332 2047 velle
1367 2023 1406 2047 se
1441 2010 1488 2047 de
1522 2011 1634 2047 rebus
1660 2011 1722 2062 agi

264 2074 401 2124 coeptis
423 2087 492 2112 nee
514 2073 696 2124 perfectis
719 2087 864 2118 secum,
895 2074 925 2110 si
947 2074 979 2111 ei
1010 2075 1174 2124 placeat,
1197 2074 1307 2111 latius
1335 2087 1470 2123 agere:
1501 2074 1672 2123 alioquin
1700 2088 1722 2114 e

264 2138 340 2176 suis
371 2138 521 2188 aliquos
551 2138 596 2175 ad
630 2152 668 2175 se
699 2138 798 2174 mitti
837 2138 957 2187 petiit,
989 2152 1077 2176 cnm
1111 2138 1250 2188 quibus
1272 2145 1314 2174 ut
1334 2150 1421 2175 cum
1443 2139 1593 2175 Caesare
1613 2138 1722 2188 loqui

265 2209 418 2251 posset:
451 2215 527 2238 non
549 2202 694 2239 censuit
731 2202 946 2239 ‘'Caesare—111
982 2201 1186 2251 pacificam
1219 2201 1337 2238 furori
1360 2201 1561 2238 barbarico
1581 2202 1721 2239 iterum

262 2265 606 2309 committendam
638 2277 684 2302 ne
706 2265 789 2314 quis
810 2263 907 2301 sorte
929 2265 1077 2302 subitus
1100 2271 1223 2301 motus
1245 2266 1342 2301 inter
1371 2264 1485 2300 verba
1516 2277 1720 2314 consurge-

262 2338 332 2371 ret,
356 2329 454 2365 unde
489 2329 560 2366 sibi
595 2329 720 2378 aliqua
747 2327 905 2366 conflari
934 2335 1067 2378 posset
1101 2327 1268 2366 infamia.
1326 2328 1472 2363 Rursus
1504 2333 1542 2364 et
1572 2327 1718 2377 legatos

262 2391 361 2429 mitti
382 2391 747 2440 periculosissimnm
763 2391 971 2439 judicabat
1002 2390 1218 2439 mrim-sque
1240 2390 1424 2435 homines,
1441 2403 1606 2441 numque
1625 2391 1719 2429 alios

262 2467 339 2493 non
360 2454 536 2499 misisset,
559 2455 730 2491 barb-,iris
743 2454 861 2502 objici
883 2455 1023 2491 ratione
1042 2454 1302 2504 modestiaque
1323 2454 1555 2491 carentibus.
1614 2455 1719 2493 Con-

263 2517 385 2556 silium
407 2517 561 2554 tandem
578 2518 693 2566 cepit,
717 2524 758 2555 ut
778 2519 885 2565 (iujo
915 2518 1067 2553 Valerio
1090 2517 1253 2554 Procilio
1276 2517 1440 2555 tiallicae
1460 2518 1627 2568 originis,
1649 2518 1717 2558 sed

305 2636 346 2665 24
372 2635 472 2673 Lege,
487 2634 738 2663 Arrcrnnsf-us
765 2633 879 2672 Forte,
895 2637 958 2663 tum
976 2636 1072 2674 antiq.
1095 2639 1157 2664 lum
1177 2635 1345 2672 jasa—26
1369 2635 1483 2675 Forte,
1508 2635 1718 2668 obstiterit.—

262 2690 303 2718 27
327 2687 431 2727 Lege,
459 2686 545 2727 quasi
571 2696 626 2717 suu
652 2686 800 2716 Romanis
826 2687 1124 2718 inimiicerec.-2zs
1148 2689 1263 2729 Forte,
1285 2690 1315 2719 et
1338 2697 1395 2729 quo
1417 2697 1477 2719 mm
1502 2688 1718 2730 impetite—29

263 2740 378 2781 Forte,
393 2740 699 2772 Romanorum-30
723 2739 838 2780 Forte,
843 2739 995 2781 fidosque.
