1850 3109
407 138 603 168 Lrn.1lh
635 125 931 166 cip.36.1)ss
965 135 1118 164 ssssLLo
1151 135 1317 165 οινιμμ

139 231 148 248 ‘
164 232 252 271 loco,
275 232 331 272 qui
345 230 534 271 adpellatur
550 229 678 261 Petra:
726 230 769 260 Et
787 229 833 259 sic

142 282 174 313 iu
204 282 308 312 Bellis
329 281 470 313 Gallicis
497 289 522 310 1.
540 283 590 311 17.
614 281 622 297 ‘
643 279 724 320 Ejus
744 279 834 319 pagi,

141 332 197 372 qui
229 331 421 371 Urbigcnus
456 329 670 370 adpellatur.'
718 339 748 361 v.
781 332 832 360 53.

140 382 148 396 ‘
165 381 342 419 Civitates,
366 389 440 420 quae
458 380 643 411 Armorica:
660 380 833 420 adpellan-

141 430 226 461 tur?
259 429 349 461 Hirt.
374 439 506 471 quoque
536 431 576 461 B.
594 430 694 461 Alex.
725 440 756 461 c.
782 433 833 461 10.

138 483 146 497 ‘
163 480 282 519 locum,
299 480 353 521 qui
370 479 561 520 adpellatur
577 481 803 512 Chersonesus
815 481 834 511 ι’

139 540 202 572 quo
218 531 294 562 loco
319 530 420 562 etiam
444 531 598 563 librarius
617 532 754 572 quidam
778 531 834 562 dc-

138 581 187 612 dit
207 581 430 622 adpellabatur.
466 582 591 613 Exstat
607 587 720 612 tamen
735 582 834 621 vulgo

137 639 270 671 quoque
287 631 327 662 Β.
345 631 388 661 G.
406 640 430 662 1.
446 634 496 662 12.
520 632 529 648 ‘
547 631 581 662 Is
598 641 704 672 pagus
720 631 836 672 adpel-

135 681 482 722 labaturTigurinus.'
527 682 668 722 Verum,
692 687 834 722 praeter-

138 741 238 773 quam
259 732 350 774 quod
379 733 448 763 illic
475 732 579 763 etiam
610 733 692 764 Mss.
731 733 833 774 aliqui

137 781 220 814 dent
234 782 421 822 apellatur,
445 783 511 814 alia
527 783 613 814 ratio
630 784 703 824 ejus
722 783 833 824 inper-

136 831 219 863 fecti
245 832 318 862 dari
341 837 468 873 potest,
491 833 622 864 scilicet
651 833 732 874 quia
757 843 832 864 eum

136 891 259 923 pagum
274 883 340 914 isto
355 883 473 924 proelio
497 884 547 914 ita
565 883 772 922 conciderat,
796 887 834 914 ut

137 934 230 974 quasi
257 943 363 965 nomen
400 934 472 975 ejus
516 935 681 966 deleverit
708 935 834 966 Caesar.

137 983 313 1025 Quidquid
328 984 399 1025 ejus
412 984 477 1016 loci
495 985 549 1025 sit,
573 985 705 1016 omnino
720 985 834 1016 malim

136 1035 190 1066 liic
201 1036 373 1076 adpellatur
383 1046 393 1065 .·
417 1035 507 1077 quod
522 1036 734 1067 retinuerunt
749 1036 833 1066 Mss.

135 1085 219 1115 Lov.
239 1085 385 1116 Dorvill.
416 1090 452 1116 et
478 1086 646 1125 expressit
670 1085 834 1116 Glandor-

134 1134 221 1175 pius,
253 1143 292 1166 ac
323 1134 466 1175 margini
496 1135 624 1166 adlevit
653 1134 833 1165 Aicardus.

137 1185 282 1217 Videtur
307 1194 402 1216 error
424 1185 639 1216 librariorum
670 1189 767 1216 natus
792 1194 835 1215 ex

135 1233 346 1275 praecedenti
363 1245 433 1266 cum
447 1235 568 1274 legione
586 1236 745 1275 Tirenum,
767 1245 836 1275 quoe

135 1286 349 1326 adpellabamr
390 1287 540 1327 vigesima
568 1287 717 1327 septima:
755 1296 835 1327 quo-

136 1336 236 1368 modo
266 1337 442 1368 observavi
482 1338 632 1368 locutum
661 1342 835 1368 auctorem

140 1387 325 1430 quinquies.
370 1388 426 1420 Sic
449 1388 489 1419 B.
508 1389 550 1419 G.
581 1397 629 1418 lv.
647 1390 700 1418 32.
734 1387 838 1427 ‘legi-

138 1447 211 1477 one,
235 1447 310 1478 quae
337 1437 578 1478 adpellabatur
595 1437 670 1468 vu)
702 1437 744 1468 B.
763 1437 837 1469 Civ.

136 1496 175 1518 11.
203 1490 254 1519 19.
287 1489 295 1505 ‘
314 1488 477 1520 Cohortes
502 1497 542 1530 11,
565 1498 640 1530 quae
666 1488 836 1520 Colonicae.

137 1537 420 1578 adpellabantur.’
436 1548 466 1569 c.
478 1542 529 1570 20.
557 1540 565 1555 ‘
579 1539 688 1569 altera
701 1548 743 1568 ex
756 1537 837 1568 dua-

137 1587 200 1618 bus
229 1587 429 1628 legionibus,
457 1598 533 1630 quae
564 1588 758 1619 Vernacula
782 1588 837 1619 ad-

139 1637 358 1678 pellabatur?
391 1638 511 1679 quibus
531 1643 645 1669 tamen
673 1638 753 1668 locis
779 1637 837 1668 tri-

140 1688 200 1719 bus
218 1689 365 1729 optimus
380 1688 475 1719 Leid.
493 1698 546 1728 pr.
560 1688 660 1719 etalii
687 1687 770 1718 dant
784 1689 838 1719 ad-

135 1739 269 1778 pellatur
284 1742 320 1769 et
334 1739 547 1778 adpellantur:
566 1743 666 1779 atque
683 1738 732 1768 ita
748 1747 838 1779 mag-

138 1798 200 1820 nus
212 1788 346 1829 Lipsius
359 1788 492 1819 omuino
520 1787 700 1828 legendum
725 1788 836 1819 locum

141 1838 239 1879 liujus
254 1838 311 1869 lib.
327 1848 357 1870 c.
374 1841 427 1870 88.
443 1839 452 1855 ‘
467 1839 618 1870 Quarum
635 1847 699 1868 una
717 1838 837 1878 prima,

138 1889 247 1920 altera
261 1890 363 1920 tertia
376 1889 636 1929 adpellabatur,'
658 1889 711 1920 vel
725 1889 836 1919 delen-

137 1940 216 1971 dum
233 1940 373 1971 verbum
388 1945 506 1971 censet
521 1940 552 1971 in
578 1940 600 1970 l.
617 1949 667 1971 ιν.
690 1941 746 1970 Dc
760 1939 835 1970 Mil.

139 1992 235 2023 Rom.
261 1991 353 2022 Dial.
375 1994 405 2022 8.
433 1991 501 2029 ubi,
524 1991 574 2021 uti
592 1990 659 2029 hic,
681 1995 837 2021 constan-

138 2045 192 2073 ter
213 2041 448 2083 Inperfectum
484 2046 622 2072 servant
650 2042 733 2072 Mss.
778 2040 837 2072 Nil

140 2095 233 2123 muto
251 2096 389 2123 temere.
436 2092 552 2123 Caesar
580 2091 669 2122 enim
700 2091 837 2122 videtur

139 2140 199 2172 hos
214 2141 480 2172 Commentarios
498 2142 633 2173 demum
659 2141 837 2182 scripsisse

140 2194 218 2231 post
237 2190 432 2222 confectum
456 2191 519 2221 hoc
544 2191 683 2229 bellum,
705 2191 775 2222 sive
803 2191 836 2222 in

139 2239 292 2271 ordinem
337 2239 542 2280 disposuisse
579 2241 836 2281 Ephemeridas,

140 2300 222 2332 quas
248 2295 471 2322 contexuerat
503 2291 538 2322 in
562 2291 837 2332 expeditionibus

139 2341 292 2373 diversas
320 2351 340 2372 a
371 2341 642 2381 Commentariis,
679 2347 716 2373 ut
756 2342 838 2373 satis

142 2396 278 2424 constat
322 2402 365 2423 ex
409 2392 521 2423 Vossii
556 2392 645 2424 notis
674 2392 725 2434 (in
763 2392 837 2424 init.

140 2439 254 2475 13.'G.
292 2442 346 2475 Cf.
372 2452 454 2474 vero
481 2443 613 2475 Davisii
637 2446 752 2474 notam
795 2443 837 2474 ad

140 2494 275 2535 Fragm.
292 2503 335 2524 ex
351 2494 522 2534 Ephemer
538 2505 546 2525 ε
578 2503 619 2525 ea
643 2499 755 2525 tamen
772 2504 837 2525 non

140 2544 253 2575 obstat
276 2554 360 2576 meae
384 2543 583 2585 sententiae)
614 2549 650 2576 et
671 2544 839 2585 Polyaeni,

140 2594 293 2625 Frontini
318 2593 620 2635 Strategematicis‚
657 2603 696 2626 ac
729 2595 839 2626 Servii

139 2644 348 2686 aliorumque
365 2644 674 2676 Grammaticorum
691 2645 839 2677 testimo-

142 2693 218 2726 niis.
261 2695 403 2728 Interim
427 2695 594 2738 existimo‚
616 2696 782 2729 rationem
803 2700 840 2728 et

1469 122 1582 166 1479

884 238 1059 259 numerum
1090 228 1259 268 legionum
1290 227 1391 259 fuisse
1429 229 1582 260 immuta·

886 282 954 309 tum
970 289 976 308 :
1003 279 1082 318 quia
1098 283 1333 309 veteranorum
1350 277 1498 318 legiones
1511 279 1581 317 jam

885 329 1048 368 emerita»,
1071 333 1106 359 et
1133 329 1165 358 in
1194 328 1375 369 promissos
1405 337 1502 367 agros
1527 329 1583 358 dc-

884 378 1014 418 ductae,
1037 388 1100 409 nce
1117 389 1182 409 non
1200 379 1272 409 alia·
1292 378 1450 416 dimissae,
1473 387 1583 408 novae-

886 438 951 470 que
982 429 1185 470 conscriptae
1227 434 1336 460 erant.
1396 427 1585 459 Confirmat

885 489 993 510 meam
1008 481 1211 510 sententiam
1225 480 1317 511 locus
1335 489 1389 510 111.
1406 482 1437 510 4.
1460 480 1468 494 ‘
1482 479 1585 509 Vete-

886 539 1011 569 ranam,
1025 540 1136 571 qnam,
1153 529 1278 561 factam
1294 539 1336 560 ex
1353 528 1494 568 duabus,
1517 527 1587 559 Ge-

884 580 1015 611 mellam
1034 579 1253 620 adpellal›at.'

928 638 1042 660 xxxv.
1068 632 1086 660 3
1112 631 1263 670 Dejectis]
1302 631 1357 661 Ita
1384 630 1584 661 ciacconius

883 689 926 710 ex
955 680 1093 721 antiquo
1116 680 1243 711 Codice
1270 681 1398 721 optime
1422 680 1586 711 restituit.

882 733 937 764 Sic
964 732 1053 763 enim
1080 735 1115 762 et
1137 731 1216 762 alibi
1242 731 1331 772 loqui
1356 732 1441 762 solet
1457 731 1585 761 Caesar.

883 783 968 814 Mss.
985 783 1142 824 plerique
1160 787 1194 813 et
1211 782 1320 813 Editt.
1335 782 1432 813 Vett.
1456 781 1585 812 relictis.

884 833 1033 874 Scaliger
1080 838 1116 863 et
1162 833 1397 872 Recenfiores,
1449 831 1583 870 rejectis.

886 883 995 914 s'larlc.
1042 884 1121 916 Non
1146 893 1187 914 ex
1213 883 1351 924 antiquo
1368 883 1464 921 libro,
1488 882 1545 913 sed
1567 892 1586 913 e

884 934 1096 975 conjectura,
1119 934 1166 965 ita
1183 934 1267 974 legit
1283 934 1494 973 Ciaeconius,
1509 933 1588 973 quia

885 985 998 1016 Caesar
1021 988 1057 1016 et
1079 986 1134 1016 alii
1167 985 1290 1025 passim
1308 984 1425 1015 dicunt
1438 983 1588 1023 praesidz'a

884 1035 1025 1074 dejicere,
1048 1038 1086 1066 ut
1108 1039 1160 1065 est
1185 1035 1407 1065 notissimum.
1452 1030 1588 1072 Rejectis

886 1085 1015 1124 primus
1032 1084 1127 1116 dedit
1142 1085 1279 1115 Vascos.
1296 1094 1397 1124 quum
1422 1090 1521 1114 antea
1538 1092 1588 1114 es·

886 1138 939 1164 set
955 1135 1093 1169 relictis‚·
1116 1134 1205 1174 quod
1229 1135 1332 1165 etiam
1354 1133 1483 1164 habent
1501 1132 1586 1163 Mss.

885 1183 964 1222 mei,
998 1187 1036 1213 ut
1065 1187 1100 1213 et
1128 1183 1192 1213 Ed.
1221 1184 1355 1223 Gryph.
1387 1183 1447 1214 sed
1474 1188 1588 1214 tamen

886 1233 1016 1264 Lovan.
1046 1232 1180 1272 praebet
1209 1232 1351 1273 receptis.
1411 1233 1514 1271 Cave,
1545 1241 1589 1262 ne

886 1288 994 1314 mutes
1009 1283 1130 1323 rejectis
1146 1284 1165 1314 i.
1184 1293 1214 1314 e.
1239 1283 1379 1324 dejectis
1394 1292 1436 1314 ex
1452 1283 1518 1313 illis
1534 1292 1588 1313 ur-

886 1333 986 1364 bibus
1000 1338 1169 1364 retrorsus
1182 1334 1223 1364 ad
1242 1333 1451 1374 Pompeiana
1465 1337 1589 1365 castra.

886 1382 984 1415 Infra
1011 1394 1041 1415 c.
1070 1387 1122 1415 46.
1157 1387 1165 1401 ‘
1185 1385 1239 1415 Ne
1267 1393 1331 1414 non
1358 1383 1504 1421 reducti,
1528 1383 1588 1414 sed

887 1433 1009 1474 rejecti
1026 1433 1223 1465 viderentur
1235 1433 1256 1464 :’
1279 1434 1335 1464 ubi
1352 1438 1463 1464 tamen
1480 1433 1592 1472 dejecti

887 1494 954 1515 non
996 1486 1083 1516 male
1115 1484 1198 1515 Msti
1237 1484 1374 1525 plurimi
1411 1483 1588 1514 exhibent.

887 1535 953 1566 Sed
972 1535 1019 1566 sic
1041 1535 1081 1566 B.
1098 1535 1143 1566 G.
1159 1544 1183 1566 1.
1199 1537 1252 1565 24.
1276 1535 1284 1551 ‘
1302 1534 1443 1574 Rejecto
1470 1538 1589 1564 nostro

888 1585 1066 1627 equitatu.’
1098 1595 1138 1616 11.
1166 1588 1220 1616 33.
1247 1585 1256 1602 ‘
1274 1584 1315 1615 In
1341 1584 1504 1625 oppidum
1536 1592 1587 1614 re-

882 1636 967 1676 jecti
990 1640 1068 1667 sunt
1082 1635 1101 1674 ;’
1124 1635 1188 1666 i.e.
1213 1635 1246 1665 in
1266 1633 1379 1675 fugam
1409 1638 1444 1664 et
1466 1633 1507 1664 ad
1530 1642 1590 1673 op·

887 1686 1004 1728 pidum
1031 1685 1181 1726 conjecti
1208 1688 1286 1716 sunt
1326 1684 1432 1724 tergis
1468 1683 1586 1714 versis.

890 1736 1056 1777 Apposite
1071 1736 1191 1767 Cicero
1212 1735 1276 1775 Ep.
1290 1733 1333 1764 ad
1356 1735 1448 1764 Fam.
1467 1742 1507 1764 11.
1534 1735 1586 1763 10.

887 1789 895 1803 ⁶
911 1786 1060 1819 feliciter
1084 1786 1125 1818 ab
1141 1785 1324 1817 Antiochia
1343 1785 1474 1816 hostem
1501 1784 1588 1825 reje-

887 1838 1004 1870 cerat!

928 1892 946 1919 7
972 1888 1129 1929 Petreius]
1157 1887 1291 1918 Nomen
1307 1887 1369 1917 hoc
1397 1885 1589 1916 Romanum

885 1939 996 1970 minus
1018 1937 1203 1969 convenire
1224 1936 1397 1975 Thessalo,
1420 1940 1516 1966 recte
1533 1935 1590 1966 ob-

887 1992 1056 2020 servatum
1072 1992 1155 2028 puto
1182 1996 1202 2017 a
1223 1986 1418 2025 Ciacconio‚
1440 1985 1472 2016 in
1489 1985 1587 2025 cujus

886 2039 974 2070 libro
1001 2043 1053 2069 est
1081 2038 1232 2068 Petreus:
1258 2046 1326 2067 non
1351 2036 1439 2067 male
1459 2036 1588 2066 Lovan.

887 2094 923 2120 et
938 2090 1048 2120 Dorv.
1065 2089 1208 2119 Preteus.

930 2149 1062 2171 xxxv1.
1085 2142 1106 2171 6
1138 2139 1306 2171 Contendit
1332 2139 1371 2169 ad
1398 2136 1588 2177 Domitium]

889 2190 984 2222 Leid.
1002 2199 1054 2231 pr.
1070 2190 1161 2222 Scal.
1176 2190 1273 2220 Voss.
1299 2190 1423 2220 Lovan.
1440 2187 1573 2219 Dorvill
1585 2207 1594 2216 .

888 2241 1002 2271 Palat.
1027 2240 1138 2270 tendit.
1183 2239 1230 2270 At
1256 2239 1371 2279 Cujac.
1400 2242 1436 2269 et
1463 2238 1588 2268 Petav.

887 2289 1028 2321 tetendit.
1061 2289 1184 2320 Recte.
1222 2289 1343 2319 Vellei.
1360 2297 1399 2319 11.
1420 2291 1473 2319 70.
1497 2287 1592 2328 ‘Ag-

888 2350 966 2372 men
992 2349 1116 2380 magno
1148 2348 1249 2370 cursu
1274 2338 1317 2370 ad
1348 2347 1424 2369 eum
1448 2337 1588 2368 tenden-

888 2390 980 2424 tem.¹
1003 2391 1158 2422 Frontin.
1172 2399 1229 2421 111.
1244 2391 1365 2430 17.§6.
1382 2390 1391 2406 ‘
1404 2393 1590 2430 praesumta.

882 2443 956 2484 jam
972 2441 1128 2480 victoria,
1151 2441 1245 2472 velut
1269 2440 1312 2472 ad
1340 2439 1489 2481 praedam
1516 2447 1590 2470 cas-

888 2498 1017 2524 trorum
1042 2492 1225 2523 tendentes
1238 2490 1258 2521 ε’
1288 2495 1324 2522 et
1351 2489 1476 2532 passim
1497 2486 1589 2529 apud

887 2543 1018 2584 poetas.

932 2597 971 2625 13
997 2592 1168 2633 Equitatus
1182 2591 1266 2631 regis
1280 2590 1367 2630 Coti]
1399 2588 1474 2619 Pet.
1491 2587 1588 2618 Ciac-

888 2644 1005 2679 conius
1027 2646 1064 2674 et
1084 2641 1194 2673 Aldus
1218 2640 1395 2671 Manutius
1421 2640 1591 2677 reponunt

889 2694 1046 2736 equitatus
1083 2693 1169 2734 regis
1197 2693 1294 2732 Cotys
1304 2701 1315 2728 ,-
1347 2693 1385 2721 et
1415 2696 1498 2720 sane
1524 2687 1589 2720 hoc
