1850 3109
256 180 372 223 1576

254 290 360 318 nutum
373 291 438 318 est.-
465 297 525 328 pro
543 298 608 328 quo
628 287 751 326 finctum
774 293 819 319 est
844 299 960 320 exura-

255 338 360 368 turin
386 338 483 369 Leid.
511 348 563 378 pr.
588 344 624 369 et
648 339 679 368 in
707 349 774 370 sec.
802 340 959 371 scribitur

252 397 346 427 (ficum
365 388 403 418 ab
427 398 461 418 ea
486 393 584 428 parte.
633 389 686 419 Ea:
708 399 743 418 ca
766 389 866 420 ctiam
893 390 959 421 Ms.

253 438 381 469 Lovan.
399 444 433 469 ct
453 439 515 469 Ed.
533 438 629 469 Mod.

299 491 338 519 10
362 488 513 528 Invi-mes]
549 489 631 519 Mss.
656 489 781 528 Scalig.
800 489 958 520 Vossiau.

252 544 287 569 et
315 538 409 570 Leid.
440 548 490 578 pr.
521 549 539 568 a
568 548 665 569 mann
699 540 805 579 prima
834 540 956 570 inmvni.

255 587 378 619 Recte.
424 588 510 618 Vide
530 588 571 618 ad
597 589 638 620 B.
656 590 698 620 G.
716 599 740 620 1.
767 593 818 621 40.
842 592 850 607 ‘
868 591 959 621 lui-r-

253 647 323 668 inos
343 638 414 668 sine
430 648 550 669 caussa
569 640 785 673 timuissent.¹

304 697 444 720 Lxxvn.
487 692 506 720 3
560 691 783 722 Recordutione
829 693 957 734 lectior]

252 739 455 781 Quanquam
481 740 561 771 fcrri
591 746 705 782 potest
733 744 868 783 vulgata
891 744 956 774 lec-

251 790 313 828 tio,
346 790 467 821 melior
499 796 610 822 tamen
642 793 789 831 videtur,
820 804 892 835 quae
922 795 955 825 in

252 840 318 871 Ms.
344 840 430 880 Reg.
453 846 490 872 et
513 842 604 873 Edit.
632 843 730 874 Rom.
757 850 830 882 est;
857 854 956 875 recor-

250 891 336 921 datio
352 891 463 922 loetior.
503 893 610 923 Clark.
657 893 843 924 Recordat‘io
865 897 910 924 est
933 895 954 924 I.

250 942 363 972 editur
390 953 523 983 quoque
552 944 639 974 Vcn.
666 944 760 975 Med.
788 945 956 975 Beroaido

252 999 287 1023 et
315 993 398 1023 aliis.
444 994 512 1024 Sed
542 994 562 1024 ii
590 1003 653 1033 pro
679 997 804 1034 eratque
830 995 956 1026 habeut

251 1043 396 1081 quodque,
413 1042 461 1072 uti
485 1043 553 1082 legi
578 1043 686 1074 voluit
713 1044 955 1084 Glandorpius.

251 1092 296 1122 Et
335 1101 415 1123 sane
445 1094 585 1133 quodque
618 1094 778 1126 scribitur
808 1095 841 1126 in
873 1096 954 1127 Mss.

248 1141 373 1182 Petav.
413 1143 650 1183 Leidensibus,
685 1145 809 1185 Scalig.
858 1145 954 1176 Voss.

248 1193 376 1224 Lovan.
393 1194 502 1224 Dorv.
527 1198 563 1224 et
579 1193 666 1225 Edd.
689 1195 793 1226 Basii.
818 1196 952 1236 Grypli.

247 1242 401 1282 aliisque.
420 1243 559 1274 Vascos.
578 1244 697 1284 Stepli.
714 1244 848 1285 Gryph.
866 1250 952 1286 post.

248 1293 474 1324 exhibuerunt
505 1304 597 1334 eoque
624 1305 650 1325 s.
679 1306 712 1335 p.
740 1297 954 1327 recordatione

246 1343 357 1374 Ioetior.
404 1344 532 1384 Recepi
549 1346 683 1385 quodque
706 1348 878 1378 recordatio
896 1351 951 1378 est.

247 1393 370 1425 Paullo
394 1400 474 1425 ante
497 1394 603 1426 verba
627 1396 719 1426 toties
734 1396 832 1426 vit-tm·
848 1396 950 1428 offen-

246 1443 332 1475 dunt
363 1445 450 1476 viros
480 1445 624 1484 doctos;
654 1446 743 1478 unde
775 1448 949 1479 Manutius

245 1494 365 1525 maluit
381 1495 497 1535 potius.
543 1496 674 1528 Gudius
697 1506 779 1528 vero
803 1497 949 1530 delenda

246 1545 391 1576 censuit.

281 1597 300 1625 8
326 1596 406 1626 Cum
421 1597 518 1627 Coelio
535 1596 696 1637 Vina-iuno]
721 1597 827 1629 Editt.
847 1599 946 1631 Rom.

243 1645 331 1676 Ven.
370 1646 530 1677 Beroald.
569 1657 748 1688 perperam
785 1650 948 1681 exhibent

243 1705 312 1726 cum
330 1697 424 1726 Coelio
442 1697 592 1729 Minueio.
639 1698 680 1729 In
697 1699 789 1730 Msto
807 1700 947 1733 Norvic.

243 1751 295 1777 est
327 1757 397 1777 cum
432 1748 528 1779 Coelia
563 1749 742 1781 Juniciano.
795 1750 947 1792 Adjuvat

243 1805 322 1827 sane
339 1797 410 1828 ha‘c
428 1798 531 1829 lectio
552 1799 589 1829 F.
607 1800 724 1830 Ursini
741 1802 946 1834 emendatio-

241 1856 331 1887 nem,
348 1848 405 1888 qui
422 1849 555 1888 reponit
571 1860 639 1880 cum
659 1851 754 1882 coelio
775 1852 945 1883 Viniciana.

242 1898 292 1928 Ea
308 1902 421 1929 tamen
443 1899 643 1939 conjectura
666 1910 730 1931 non
755 1907 807 1933 est
832 1912 947 1933 neces-

241 1949 343 1989 saria,
366 1954 502 1981 veteres
527 1952 615 1982 enim
640 1953 739 1984 modo
768 1954 945 1994 Vim-ianas,

240 1999 340 2031 modo
363 2000 535 2032 Viuit-ianas
550 2002 721 2043 dixerunt,
741 2008 779 2035 ut
795 2006 945 2037 ostendit

239 2050 432 2092 inscriptio,
447 2062 546 2093 quam
565 2053 697 2094 profert
714 2054 775 2085 Ch.
793 2054 858 2086 Ad.
876 2057 944 2087 Ru-

240 2106 358 2142 pertus
373 2101 406 2132 in
425 2102 524 2143 epist.
542 2112 670 2135 xxxrv.
692 2105 783 2136 inter
805 2105 943 2138 Reines.

239 2161 272 2192 p.
289 2154 363 2183 200.
386 2153 499 2184 Dacis.
550 2154 678 2185 Vincius
704 2160 739 2186 et
771 2156 878 2188 Vincia
904 2157 943 2188 ii-

239 2206 297 2233 cet
318 2202 353 2233 in
369 2203 604 2244 marmoribus,
622 2204 738 2236 forsan
761 2215 941 2247 operarum

238 2252 335 2294 lapsu
354 2254 405 2286 vei
421 2257 589 2287 communi
605 2266 622 2287 e
647 2257 943 2298 pronunciatione,

239 2304 445 2345 reperiatur,
459 2306 622 2347 majorem
639 2312 752 2338 tamen
768 2307 869 2340 fidem
886 2309 941 2341 ha-

237 2355 304 2388 beo
318 2358 460 2388 nummis
483 2362 519 2388 et
541 2359 784 2400 antiquissimis
808 2361 942 2393 Codici-

238 2406 311 2438 bus.
357 2408 473 2440 Quare
494 2409 657 2440 Vinia-iano
673 2420 749 2441 cum
773 2411 943 2443 Glandor-

238 2457 296 2498 pio
312 2462 348 2490 et
366 2458 490 2490 Ursino
512 2460 685 2501 rescripsi,
709 2460 941 2501 adstipulanti-

237 2508 300 2541 bus
328 2509 437 2542 Coelio
465 2510 507 2541 ad
540 2510 613 2542 Cic.
643 2512 706 2552 Ep.
737 2521 814 2542 vni.
848 2516 880 2544 4.
907 2518 942 2545 et

236 2559 351 2591 Ursini
372 2561 602 2593 vetustissimo
626 2562 766 2601 Codice,
788 2572 851 2594 nec
874 2573 939 2595 non

236 2609 334 2641 Leid.
351 2620 403 2652 pr.
425 2619 465 2642 ac
481 2611 646 2642 Vossiano
662 2623 670 2650 ;
696 2612 729 2643 in
746 2613 866 2654 quibus
887 2614 941 2645 Vi-

234 2659 378 2697 nitiano;
407 2665 446 2692 ut
475 2665 511 2692 et
543 2661 733 2693 Petaviano
759 2663 938 2696 Juniciano.

236 2709 354 2750 Ipsum
375 2710 460 2742 iliud
484 2712 636 2754 Minutio,
661 2713 752 2755 quod
779 2718 832 2745 est
859 2724 939 2756 quo-

237 2769 302 2800 que
321 2761 354 2793 in
371 2761 467 2796 Leid.
482 2772 551 2796 sec.
568 2763 786 2807 Dorv,‚Edd.
810 2765 938 2809 primia,

719 193 862 225 No'rAE
896 195 1157 226 VARIORUM
1192 197 1242 227 IN

1010 290 1166 321 Ber-oaldi
1199 295 1233 321 et
1263 290 1400 322 Vascos.
1431 291 1593 334 margine,
1621 293 1710 327 hane

1008 339 1190 371 lectionem
1208 341 1357 381 adjuvat.

1052 389 1089 419 In
1105 390 1204 420 Ponto
1221 390 1379 430 relinquit]
1405 391 1459 421 Sic
1484 391 1639 432 rescripsi
1664 402 1709 424 ex

1008 439 1102 469 Msto
1135 439 1272 471 Norvic.
1304 447 1337 471 et
1376 442 1473 471 editt.
1511 442 1629 482 διε-μὴ.
1664 442 1710 473 ob

1008 490 1111 519 verba
1151 492 1328 529 prwsentis
1368 493 1540 532 temporis,
1572 492 1710 533 quibus-

1007 548 1080 568 cum
1099 539 1158 570 iioc
1175 541 1402 581 conjungitur.
1452 544 1488 573 in
1505 544 1576 573 aliis
1600 549 1651 574 est
1674 543 1709 574 in

1009 590 1260 629 I'ontorcliquit.
1287 591 1400 622 Daris.
1432 593 1604 632 Relinquit.
1652 593 1709 624 lta

1007 641 1156 670 restituit
1176 640 1333 671 Davisius
1358 652 1398 671 cx
1426 642 1491 673 Ms.
1521 643 1646 673 micus.
1671 647 1709 674 et

1009 690 1098 721 Edit.
1112 692 1229 731 sti-pli.
1265 691 1473 723 Quibuscum
1491 692 1709 722 consentiunt

1007 741 1090 770 Mes.
1112 742 1195 774 iti-g.
1211 747 1245 772 ct
1261 742 1382 771 Yossii.
1402 742 1455 773 Al.
1478 741 1586 772 minus
1602 747 1709 779 recte,

1006 792 1145 831 reliquit.
1172 793 1280 822 (Jiurlc.
1326 792 1620 832 x·a«·0521111·sjan1
1638 791 1708 823 cdi-

1007 842 1054 872 dit
1070 842 1230 881 relinquit.
1260 843 1299 872 In
1315 842 1450 882 reliquis
1466 843 1548 873 Mss.
1565 847 1599 873 et
1618 842 1708 873 Edu.

1005 896 1057 920 est
1088 891 1225 930 reliquie.
1280 889 1355 924 Qua
1386 897 1572 932 temporum
1601 892 1708 923 varia-

1007 940 1096 970 tione
1121 941 1202 970 niiiii
1229 951 1302 971 esse
1329 940 1552 981 frequentius,
1570 951 1707 972 monen-

1005 992 1082 1022 dum
1101 991 1166 1022 fuit
1183 992 1379 1032 sa=pissime.
1392 994 1434 1023 V.
1450 992 1615 1024 Indicem.
1639 993 1708 1025 Sed

1005 1042 1100 1081 parvi
1117 1042 1275 1072 momenti
1291 1052 1344 1073 res
1361 1049 1425 1073 est.
1459 1042 1558 1073 Adde
1572 1044 1613 1074 B.
1627 1042 1706 1075 Afr.

1004 1102 1034 1123 c.
1052 1095 1082 1123 3.

1047 1151 1200 1173 Lxxvur.
1217 1145 1236 1172 -1
1261 1142 1287 1173 ,4
1307 1153 1363 1182 quo
1379 1153 1444 1173 rem
1458 1143 1594 1182 gestam]
1619 1143 1704 1175 Mss.

1003 1191 1123 1222 Petav.
1165 1192 1288 1231 Scalig.
1336 1193 1532 1232 Leidenscs,
1578 1194 1704 1225 Lovan.

1002 1243 1096 1273 Voss.
1121 1242 1267 1273 Dorrili.
1291 1247 1327 1273 et
1350 1242 1435 1273 Eud.
1465 1243 1596 1282 primm,
1620 1243 1704 1275 item

1002 1292 1161 1332 Gryphii,
1175 1292 1331 1332 aliaeque,
1346 1301 1413 1322 non
1422 1298 1608 1333 agnoscunt
1619 1303 1706 1335 prae·

1001 1344 1215 1383 positionem,
1231 1355 1303 1385 quae
1322 1356 1340 1376 a
1357 1345 1467 1376 sciolis
1487 1345 1624 1376 videtur
1646 1346 1703 1377 ad-

1002 1394 1085 1432 dita,
1111 1396 1164 1436 qui
1183 1395 1368 1426 credebant
1381 1396 1462 1437 fieri
1477 1406 1510 1427 eo
1536 1406 1598 1436 pro
1615 1396 1652 1428 ab
1667 1407 1704 1428 eo

1002 1445 1123 1476 Latine
1149 1445 1216 1476 dici
1240 1455 1305 1476 non
1334 1456 1441 1486 posse.
1487 1445 1566 1485 Adi,
1587 1447 1615 1477 si
1640 1447 1703 1486 vis,

1001 1496 1153 1526 Cortium
1182 1495 1224 1526 ad
1248 1497 1383 1527 Sallust.
1417 1498 1454 1527 B.
1481 1497 1560 1537 Jug.
1590 1507 1620 1528 c.
1648 1500 1703 1529 21.

1000 1545 1056 1576 nbi
1081 1546 1244 1577 audacter
1267 1547 1348 1577 satis
1373 1547 1478 1577 edidit
1503 1548 1511 1562 ‘
1527 1556 1610 1588 quos
1633 1547 1704 1578 Ad-

999 1596 1135 1627 herbale
1165 1597 1283 1627 nimos
1311 1596 1486 1627 audierat!
1519 1598 1562 1628 B.
1593 1596 1704 1631 Afric.

999 1656 1029 1676 c.
1048 1650 1100 1677 61.
1120 1647 1208 1678 ‘levi
1225 1652 1396 1678 armatura
1415 1647 1561 1678 deserti)
1596 1647 1702 1679 Ovid.

1000 1698 1063 1737 Ep.
1095 1697 1180 1727 Her.
1213 1706 1278 1728 xii.
1310 1701 1383 1729 105.
1417 1699 1595 1730 ‘Deseror
1621 1707 1701 1731 con-

992 1747 1075 1788 juge
1090 1747 1110 1777 ε’
1132 1747 1282 1785 ιὼίγὶιίο
1299 1748 1413 1779 Burin.

1041 1800 1061 1827 0
1086 1797 1191 1837 Quod]
1227 1799 1288 1828 Vir
1304 1797 1422 1829 doctus
1444 1798 1585 1839 margini
1609 1799 1701 1830 adle-

999 1849 1049 1879 vit
1063 1858 1123 1889 qua
1141 1849 1192 1879 vel
1212 1859 1290 1888 (μαι).
1335 1848 1403 1879 Sed
1421 1849 1466 1879 nil
1487 1849 1700 1890 imitandum,

997 1899 1111 1931 invitis
1128 1899 1238 1931 Mstis.
1270 1899 1359 1934 Quod
1374 1905 1486 1940 potest
1503 1901 1699 1942 dependere

997 1961 1016 1980 a
1033 1950 1274 1981 snbinteilccto
1290 1951 1418 1991 oppido:
1445 1961 1518 1982 uam
1543 1951 1622 1982 urbs
1646 1956 1699 1983 est

996 2001 1172 2041 Bosporos.-
1201 2001 1270 2032 Adi
1293 2002 1411 2042 Steph.
1430 2002 1510 2042 Byz.
1537 2008 1573 2033 ct
1596 2004 1698 2034 coiu-

996 2057 1108 2083 ment:
1128 2053 1179 2084 vel
1198 2054 1367 2093 Regno‚nt
1384 2054 1586 2092 indigitetur
1605 2060 1697 2086 totus

996 2104 1213 2145 Bosporenus
1246 2110 1385 2144 tractim,
1410 2114 1508 2145 quein
1535 2104 1698 2145 iutelligit

997 2155 1172 2186 Cellarius.
1229 2155 1368 2186 Fretum
1400 2155 1509 2195 ipsum
1534 2155 1577 2186 ad
1604 2156 1698 2196 palu-

996 2206 1073 2236 dem
1090 2206 1243 2236 Maeotim
1261 2205 1419 2245 inteiligit
1435 2205 1624 2237 Goduiuns.

1040 2260 1075 2287 ll
1104 2257 1215 2287 Eidem
1229 2256 1430 2288 tetrarchiam
1454 2256 1577 2296 legibus
1594 2259 1699 2291 Gallo-

991 2307 1178 2347 graecorum]
1203 2307 1329 2337 Vocem
1344 2307 1564 2348 penultimam
1581 2309 1697 2342 delen-

995 2357 1071 2388 dam
1088 2366 1248 2388 censuere
1265 2358 1344 2388 Pet.
1359 2357 1559 2389 Ciacconius
1573 2364 1610 2390 et
1621 2360 1697 2392 Jos.

995 2407 1160 2447 Scaliger,
1196 2407 1317 2448 quibus
1355 2407 1474 2439 lubens
1511 2409 1694 2442 admodum

995 2457 1141 2494 acced03
1179 2467 1256 2488 nam
1283 2458 1373 2489 Dion
1401 2458 1422 2489 1.
1448 2467 1534 2490 xui.
1558 2470 1590 2500 p.
1618 2463 1695 2493 20⁷.

995 2507 1042 2538 ait
1063 2505 1230 2548 Μιθριδάτῃ
1245 2508 1290 2546 τῷ
1305 2510 1493 2548 Περγαμηνῷ
1508 2509 1697 2550 τετραρχίαν

993 2568 1028 2588 τε
1067 2557 1099 2588 ἐν
1130 2557 1278 2598 Γαλατίᾳ,
1313 2558 1363 2589 καὶ
1391 2559 1554 2594 βασιλείας
1583 2560 1695 2593 ἔδωκε-ν

993 2606 1099 2646 ὄνομα.
1145 2608 1196 2638 Ea
1212 2618 1276 2638 vox
1294 2608 1436 2649 primuni
1457 2610 1592 2641 videtur
1607 2621 1694 2642 mar-

993 2659 1070 2700 gini
1084 2658 1271 2700 adscripta,
1287 2659 1374 2698 juris
1395 2661 1590 2700 explicandi
1615 2671 1694 2703 gra-

991 2710 1052 2740 tia.
1097 2708 1153 2740 De
1176 2707 1387 2741 Mithridatis
1410 2709 1614 2750 Pergameni
1637 2720 1695 2753 ge-

989 2769 1072 2792 nere
1089 2758 1174 2792 adiri
1192 2759 1320 2802 poterit
1331 2759 1411 2794 Pet.
1423 2760 1597 2794 Victorius
1610 2762 1694 2795 Var-
