1850 3109
431 184 769 225 cAP.51.Lnn
806 194 1253 227 nuinunsiAFnun

107 301 182 322 enus
196 290 355 322 consilium
369 293 500 333 ceperat.
523 290 631 320 Clark.

156 349 185 372 1,.
210 343 230 371 2
255 340 333 375 Quae
348 342 435 370 erant
459 338 734 378 trarwgreuienaa]
758 339 814 370 Sic

109 390 145 422 in
161 391 252 422 Msto
278 389 383 429 Regio
401 390 484 428 legit
505 390 605 421 Joun.
624 390 814 427 Goduinus,

112 449 152 471 ac
167 440 215 470 ita
226 440 269 470 ob
283 437 427 477 σύνταξιν
443 439 675 479 repom-udum
691 441 815 471 censui.

110 490 153 520 In
170 490 283 529 vulgg.
301 494 374 520 erat
397 490 676 528 transgrediendoe.
709 491 814 522 l-Zditt.

109 540 205 571 Rom.
233 541 316 570 Neu.
341 540 500 571 Beroald.
533 550 574 570 ex
603 540 814 572 Gnosso-mate

111 594 360 630 repraesentant
388 592 594 621 transeunda:
617 592 734 631 steph.
759 601 814 621 au-

109 644 176 672 tem
192 651 261 680 quce
278 644 344 671 erat
369 643 570 681 transeunda,
586 647 621 672 ut
646 642 697 672 hae
717 652 814 673 voces

108 690 150 721 ad
166 692 331 723 convallem
347 692 554 723 referantur.
579 693 691 724 Dacis.
734 694 813 724 Loca

107 743 250 784 scilicet,
267 745 446 784 Speluncae
461 745 492 775 in
506 744 642 775 modum
659 745 812 776 subruta.

108 794 263 835 Scaliger
303 798 433 835 (errore
474 794 618 826 fortasse
657 802 814 836 typogra-

108 844 238 885 phico),
273 856 340 885 quoe
377 848 467 876 erant
499 846 811 885 transgrediendae:

107 904 206 935 quem
236 894 387 927 fideliter
418 896 525 928 secuti
559 901 638 927 sunt
668 897 813 928 recenti·

110 954 199 984 ores,
224 945 308 977 licet
321 947 528 977 soloecismus
543 947 586 978 sit
603 947 813 979 manifestus.

108 999 176 1030 Ms.
202 999 313 1030 Vossii
342 1004 375 1030 et
411 1000 501 1031 Edit.
534 1000 721 1040 Stephaui3
746 1011 814 1041 qua>

105 1049 365 1088 (scitconmtlis)
377 1054 445 1080 erat
478 1053 679 1082 transeunda.
726 1053 812 1084 Quae

104 1098 226 1130 Lectio
242 1109 306 1130 non
324 1100 422 1130 maia.
450 1101 558 1130 Clark.
616 1101 813 1132 Transeunda

107 1148 204 1180 Leid.
220 1159 289 1180 ¹sec.
314 1150 421 1180 Dorv.
450 1149 581 1179 Victor.
597 1155 632 1179 et
646 1151 733 1180 Edd.
747 1161 814 1180 om-

103 1208 165 1230 nes
190 1203 269 1230 ante
287 1199 399 1229 L'rsin.
424 1199 481 1239 qui
507 1200 766 1237 transgredienda
794 1208 812 1229 e

107 1258 167 1280 suo
191 1249 348 1289 protulit,
373 1259 517 1290 quocum
535 1248 666 1280 faciunt
691 1249 812 1289 Scalig.

107 1299 232 1330 Petav.
282 1299 375 1330 Leid.
413 1309 464 1339 pr.
500 1303 566 1330 erat
598 1299 670 1339 jam
717 1299 814 1330 dedit

106 1349 246 1381 Vascos.
281 1354 315 1381 et
350 1350 405 1380 alii
443 1350 452 1366 ‘
469 1349 584 1380 statim
623 1350 813 1381 convallem

106 1400 329 1440 transgredi?
353 1406 456 1441 atque
488 1400 536 1430 ita
569 1401 603 1431 in
642 1401 682 1431 B.
711 1400 811 1432 Alex.

107 1460 138 1482 c.
164 1453 216 1481 76.
242 1451 250 1466 ‘
269 1451 354 1481 Alibi
386 1450 633 1482 transcendere
663 1451 811 1482 vallem.'

105 1500 195 1532 vide
211 1501 252 1531 ad
270 1501 310 1532 B.
326 1501 398 1532 Civ.
418 1510 442 1533 1.
465 1504 518 1532 68.
550 1502 679 1532 Forsan
710 1506 811 1532 trans-

103 1551 278 1590 grediunda
293 1552 432 1592 scripsit
453 1551 602 1583 Hirtius.
649 1553 811 1584 Ceterum

105 1603 371 1641 transgredienaae
385 1602 480 1634 Leid.
501 1612 554 1642 pr.

149 1654 170 1683 9
197 1653 237 1683 Et
252 1656 404 1692 praterea
427 1656 494 1693 post
520 1656 650 1684 montem
667 1655 813 1694 collesque

107 1702 224 1743 equites
254 1705 286 1734 in
314 1705 431 1734 occulto
458 1704 671 1744 collocaverat]
710 1704 811 1736 Hunc

106 1753 220 1784 locum
263 1754 370 1784 multo
421 1753 607 1784 auctiorem
650 1754 813 1786 exhibent

106 1804 316 1836 MstiUrsin.
334 1809 369 1835 et
384 1805 544 1836 Norvioe
562 1804 594 1834 in
611 1805 649 1834 iis
667 1805 755 1834 enim
768 1806 813 1835 le-

107 1854 200 1896 gitur
214 1855 259 1885 Et
274 1859 425 1895 praeterea
438 1857 507 1895 post
520 1858 651 1885 montem
667 1856 814 1895 collesque

107 1905 222 1936 subito
238 1915 274 1936 se
292 1905 419 1936 Caesari
442 1905 653 1943 ostenderat,
678 1910 712 1935 et
729 1906 812 1946 equi-

107 1957 155 1989 tes
167 1956 199 1987 in
215 1956 331 1986 occulto
347 1956 559 1986 collocat-erat.
609 1954 717 1986 Editt.
733 1965 812 1986 vero

107 2005 205 2038 Rom.
219 2007 304 2037 Ven.
326 2005 484 2037 Beroald.
524 2006 566 2036 Ut
578 2009 730 2045 praeterea
744 2009 812 2046 post

107 2059 239 2087 montem
253 2057 415 2095 collemque
427 2055 526 2086 subito
535 2065 567 2086 se
581 2056 700 2086 Caesari
713 2059 812 2086 osten-

107 2106 206 2145 deret,
228 2106 343 2145 equites
370 2106 404 2136 in
438 2107 554 2136 occulto
592 2107 815 2138 collocaverat:

109 2155 200 2186 unde
223 2156 401 2195 legendnm
429 2156 575 2186 arbitror
606 2159 639 2185 ut
661 2160 811 2196 proeterea

104 2209 176 2247 post
192 2208 323 2236 muntem
345 2206 491 2244 collesque
511 2205 612 2235 subito
637 2215 668 2235 se
692 2208 811 2237 Caesari

108 2258 312 2294 ostenderent,
329 2255 457 2296 equites,
472 2257 525 2294 &a
544 2256 596 2286 vel
613 2259 642 2286 et
655 2259 810 2295 praeterea

106 2311 178 2350 post
206 2312 337 2339 montem
367 2309 528 2347 collesque,
567 2307 621 2346 qui
650 2306 750 2337 subito
780 2317 812 2338 se

113 2359 231 2390 Coesari
260 2359 464 2396 ostenderent,
493 2358 622 2398 equites,
651 2360 703 2396 &aa
766 2358 811 2389 Ni

110 2408 166 2440 vel
181 2408 244 2439 hoc
262 2408 316 2438 vel
343 2408 400 2438 iilo
422 2408 521 2438 modo
544 2408 686 2447 legatur,
709 2407 812 2448 ‹conji-

112 2467 190 2490 cere
206 2467 351 2499 nequeo,
376 2457 464 2488 unde
491 2456 630 2492 factum,
652 2463 692 2488 ut
711 2458 743 2487 iu
759 2463 812 2488 tot

112 2509 221 2544 Codd.
239 2511 310 2540 haec
325 2509 431 2540 verba
446 2509 658 2548 irrepserint.
694 2509 810 2540 Dacis.

113 2559 156 2591 In
173 2561 237 2591 alia
258 2560 393 2601 (credo)
419 2559 575 2599 opinione
603 2559 722 2590 fuisset
750 2561 812 2590 Vir

113 2607 337 2645 doctissimus,
361 2609 388 2638 si
404 2608 447 2639 ad
472 2609 575 2639 verba
591 2609 742 2648 proxime
763 2619 812 2640 se-

115 2659 254 2698 quentia
279 2658 423 2690 animum
449 2659 664 2690 attendisset.
723 2660 811 2691 Nam

115 2716 161 2739 ex
175 2707 245 2747 ejus
265 2707 512 2748 emendatione,
525 2708 588 2739 hoc
614 2708 713 2739 modo
731 2709 812 2740 scri-

116 2757 216 2791 betur
229 2762 305 2790 tota
319 2759 497 2803 periodus:
521 2760 567 2791 Et
577 2763 731 2803 praeterea
742 2764 812 2804 post

1456 186 1569 229 1615

864 292 995 319 montem
1019 290 1177 329 collesque,
1201 298 1263 322 ουκ
1293 291 1404 321 subito
1431 301 1465 322 se
1494 293 1569 324 Ca·-

864 341 929 371 sari
959 341 1193 377 ostenderent,
1230 340 1314 380 (vei,
1347 349 1392 370 υτ
1415 345 1568 380 praterea

861 394 930 431 post
948 394 1080 420 montena
1097 391 1244 430 collesque
1261 390 1372 421 subito
1389 400 1424 420 se
1439 392 1567 422 Cia-sari

864 440 1114 480 ostenderent,)
1137 441 1251 480 equites
1267 441 1298 470 in
1312 442 1427 471 occulto
1443 442 1568 472 colloca—

864 494 968 525 verat:
1001 495 1048 529 ut,
1071 502 1165 531 qaum
1178 492 1241 532 ipse
1257 502 1296 522 ex
1312 492 1475 531 improviso
1492 494 1570 532 legi-

865 542 987 572 onarios
1013 543 1138 572 adortus
1163 546 1253 581 esset,
1274 553 1313 573 ex
1329 543 1402 573 colle
1419 553 1454 574 se
1477 543 1570 584 equi·

866 596 957 622 tatus
975 592 1192 622 ostenderet:
1220 593 1275 631 Et,
1298 595 1350 632 dyc.
1395 593 1500 624 'Vides
1515 594 1572 635 (ut

865 641 1000 680 opinor)
1026 651 1124 681 quum
1158 642 1350 681 importuna
1376 642 1570 685 ταυτολογίᾳ

864 691 959 729 illud,
980 690 1081 721 subito
1097 701 1127 721 se
1145 692 1263 722 Coesari
1278 695 1471 724 ostenderent
1487 695 1571 735 equi-

864 748 919 782 tis,
936 750 983 785 et,
995 756 1026 777 se
1043 747 1197 786 equitatus
1208 749 1393 784 ostenderet,
1405 748 1455 778 bis
1470 748 1501 777 in
1519 757 1571 778 ea-

865 795 940 826 dem
958 797 1126 828 sententia
1142 802 1298 837 ponatur.
1343 797 1447 828 Vides
1465 798 1569 829 etiam

863 844 913 885 (ni
928 845 1042 887 fallor)
1059 847 1148 877 unde
1164 846 1305 886 sactum,
1330 852 1367 878 ut
1384 848 1416 878 iu
1437 852 1489 879 tot
1505 848 1572 879 Co-

864 895 958 926 dices
974 896 1047 927 haec
1063 897 1179 936 verbu,
1200 897 1300 928 subito
1322 907 1352 928 se
1383 897 1504 928 Coesari
1526 907 1572 928 os-

863 946 1036 985 tenderent,
1061 946 1272 987 irrepserint.
1330 947 1497 978 Nimirum
1526 947 1569 978 ad

865 1005 905 1026 ea
922 996 1039 1033 verba,
1063 1006 1102 1027 ex
1125 997 1213 1028 colle
1237 1007 1270 1027 se
1295 998 1449 1037 equitatus
1471 1000 1570 1028 osten·

863 1047 959 1085 deret,
983 1047 1169 1086 scripserat
1193 1047 1311 1088 aliquis
1337 1048 1370 1077 in
1398 1048 1569 1087 Margine,

865 1097 1060 1137 explicandi
1089 1099 1211 1138 gratia,
1251 1099 1362 1130 subito
1389 1109 1420 1129 se
1444 1098 1570 1130 Caesari

864 1148 1047 1177 ostenderet.
1100 1148 1237 1179 Deinde
1266 1149 1350 1179 lianc
1393 1150 1571 1189 explicati·

864 1204 975 1234 onem,
1000 1202 1077 1236 post
1100 1207 1214 1228 vocem
1233 1199 1387 1237 similem,
1411 1201 1570 1240 collesque,

865 1254 932 1275 una
959 1250 1038 1276 aute
1064 1247 1164 1286 linea,
1187 1248 1298 1277 alieno
1327 1248 1360 1277 in
1386 1249 1460 1279 loco
1482 1249 1571 1281 inse-

865 1296 933 1326 ruit
951 1297 1120 1328 Librarius
1138 1298 1257 1338 aliquis
1280 1299 1473 1339 imperitus-
1507 1300 1570 1332 At-

865 1357 928 1388 que
944 1348 1020 1379 hinc
1038 1348 1178 1388 factum,
1203 1354 1239 1380 nt
1262 1350 1294 1380 in
1313 1351 1468 1382 omnibus
1486 1353 1570 1386 Mss.

863 1398 898 1429 in
922 1399 1036 1438 priore
1060 1399 1125 1431 isto
1147 1401 1220 1431 loco
1248 1400 1398 1432 σολοίκως
1421 1402 1569 1442 positum

864 1448 922 1488 sit,
943 1450 1129 1489 ostenderet,
1152 1459 1217 1480 non
1232 1452 1438 1482 ostenderent.
1474 1453 1568 1484 Mhi!

863 1498 926 1529 hac
943 1502 1017 1530 tota
1040 1509 1076 1530 re
1100 1499 1322 1531 manifestius.
1370 1502 1485 1534 Quare
1502 1512 1571 1533 om-

863 1549 942 1580 nino
973 1550 1150 1581 retinenda
1173 1552 1311 1591 vulgata
1336 1553 1475 1584 Lectio:
1505 1554 1570 1585 nisi

862 1598 964 1639 forte,
989 1601 1088 1631 unico
1120 1601 1239 1632 addito
1272 1602 1450 1642 vocabulo,
1488 1604 1568 1635 scri-

863 1651 1011 1682 bendum
1025 1653 1080 1689 sit,
1092 1663 1131 1683 ex
1141 1654 1214 1684 colle
1229 1663 1260 1684 se
1274 1655 1428 1694 equitatus
1443 1664 1569 1687 sUfflTO

861 1703 1045 1733 ostenderet.
1072 1704 1180 1734 Clark.
1213 1704 1301 1734 Dele
1317 1710 1432 1735 notam
1449 1715 1569 1736 meam.

863 1752 974 1783 Daris.
1010 1763 1082 1784 cur.
1115 1763 1183 1784 sec.
1239 1754 1323 1784 Cum
1349 1754 1437 1785 Edd.
1469 1755 1569 1786 Rom.

864 1803 1006 1835 Mediol.
1035 1808 1070 1834 et
1103 1804 1176 1834 aliis
1207 1805 1380 1835 consentit
1421 1806 1568 1837 Dorvill.

863 1855 1026 1895 collemque
1042 1856 1147 1885 etiam
1165 1854 1252 1885 Edd.
1280 1856 1379 1885 Vasc.
1398 1855 1514 1894 Steph.
1533 1861 1569 1887 et

865 1905 952 1934 aliae.
1000 1906 1085 1936 Cum
1101 1906 1179 1936 Urs.
1196 1910 1231 1936 et
1250 1905 1390 1936 Norvic.
1406 1905 1489 1937 facit
1506 1907 1569 1937 Pe-

865 1959 930 1984 tav.
946 1958 977 1984 et
991 1965 1022 1995 p.
1037 1965 1070 1995 p.
1088 1965 1128 1985 m.
1146 1965 1173 1985 c.
1198 1955 1320 1985 Caesari
1343 1955 1443 1985 subito
1466 1965 1498 1986 se
1524 1966 1570 1986 os-

863 2006 1012 2044 tenderet,
1045 2016 1092 2045 eq.
1128 2005 1333 2036 Leidenses:
1381 2005 1441 2036 sed
1481 2006 1568 2038 bene

863 2059 967 2088 etium
991 2057 1106 2089 Gndio
1134 2057 1293 2088 videntur
1317 2057 1400 2088 haec·
1418 2057 1522 2088 verba
1549 2069 1568 2089 e

864 2107 986 2138 Glossa
1002 2113 1092 2138 nata.
1129 2108 1253 2138 Posset
1270 2113 1383 2139 tamen
1400 2107 1489 2139 infra
1501 2109 1569 2150 legi

863 2167 902 2187 em
923 2159 996 2188 colle
1020 2168 1053 2188 se
1075 2158 1230 2199 equitatus
1249 2158 1370 2188 Coesari
1397 2158 1499 2188 subito
1522 2169 1569 2189 os-

862 2209 1017 2238 tenderet.-
1052 2208 1153 2248 idque
1185 2217 1265 2238 vero
1305 2208 1455 2238 arbitror
1493 2217 1568 2239 esse

864 2258 1067 2295 proximum.

919 2309 958 2336 16
995 2306 1095 2336 Abusi
1126 2306 1191 2336 sive
1225 2306 1314 2336 obliti
1342 2310 1567 2347 proeceptorum

863 2356 1005 2395 Labieni,
1026 2358 1089 2387 sive
1114 2357 1222 2396 veriti]
1262 2357 1301 2387 Iu
1324 2357 1447 2388 mendo
1464 2358 1569 2390 cubat

865 2417 930 2437 vox
961 2408 1078 2447 prima.
1136 2408 1228 2447 Lege
1259 2407 1326 2446 isti,
1363 2408 1416 2437 vel
1455 2408 1569 2448 hostes,

862 2459 925 2488 sive
941 2457 1042 2497 obliti,
1064 2459 1116 2497 ἔμ’.
1169 2458 1278 2488 Dacis.
1302 2467 1374 2488 cur.
1394 2467 1461 2488 sec.
1499 2458 1566 2489 Vo-

864 2518 937 2539 cem
952 2508 1038 2539 abusi
1059 2515 1095 2539 ut
1119 2517 1406 2548 supervacaneam
1431 2507 1568 2538 delebat

865 2560 1106 2599 Glandurpins.
1152 2558 1235 2588 Mihi
1253 2567 1389 2598 quoqne
1408 2561 1567 2596 suspecta
1593 2572 1597 2575 -

863 2614 915 2639 est
941 2609 984 2639 de
1014 2609 1147 2639 mendo.
1202 2607 1374 2638 Labienani
1402 2614 1568 2646 reponen-

863 2659 944 2690 dum
961 2659 1148 2690 arbitratur
1165 2657 1351 2688 Goduinus.

906 2719 953 2742 LI.
976 2713 997 2741 4
1021 2710 1067 2743 Et
1091 2708 1248 2748 Scipionis
1272 2707 1306 2736 in
1329 2704 1464 2744 planitia
1485 2704 1567 2744 posi-

863 2762 930 2790 tum
943 2758 1027 2798 erat]
1051 2758 1193 2790 Duabus
1211 2755 1339 2788 voculis
1365 2754 1507 2796 omissis,
1528 2755 1563 2788 in
