1850 3109
253 198 363 240 1874
682 210 718 238 J.
751 210 886 238 cursu
922 209 1271 239 conmnwiuxnu

253 307 402 346 Canino
422 307 652 359 proconsule
671 321 690 344 a
710 321 790 356 quo
811 308 1062 345 obsidebatur
1093 309 1207 346 vitam
1241 309 1406 359 pepigit:
1440 307 1552 358 [Qui]
1584 316 1700 358 utque.

252 371 305 409 ita
325 372 390 422 qui
411 372 553 410 Caesari
586 372 752 408 suaviter
771 385 809 408 se
828 371 981 407 vocanti
1004 384 1050 408 ne
1079 385 1302 422 responsum
1332 372 1488 422 quidem
1511 372 1600 409 dare
1621 373 1705 421 ‹tig-

249 440 363 472 natus
402 435 536 479 suerat,
591 435 644 471 sic
679 447 736 470 res
776 434 972 470 bominum
1006 434 1221 480 volvuntur,
1257 437 1424 485 seipsum
1456 436 1632 485 filiosque
1670 443 1706 473 et

252 511 320 536 sua
339 499 478 542 omnia,
499 498 702 546 ipsumque
731 496 890 545 Tapson
926 497 987 534 cui
1019 503 1197 546 proeerat,
1232 498 1359 547 legato
1390 500 1551 537 Ca=saris
1580 499 1706 536 ‘ficon-

250 562 379 600 sensit.
437 562 539 596 Dum
561 559 745 609 paulatim
775 559 943 608 reliquiae
965 560 1129 609 partium
1163 560 1398 606 dilabuntur,
1430 562 1531 598 Juba
1567 563 1647 598 Rex
1668 570 1705 599 et

251 638 368 673 regno
386 631 423 661 et
444 637 513 674 spe
532 623 703 673 qualibet
723 623 906 673 privatus,
928 624 1078 661 cunctis
1110 624 1286 661 exclusus
1319 624 1491 669 urbibus,
1513 624 1563 661 ab
1585 626 1705 662 omui-

253 688 322 724 bus
341 687 559 730 derelictus,
588 688 785 738 quaerebat
818 688 848 724 si
883 701 958 738 qua
992 694 1093 725 esset
1128 688 1200 732 via,
1236 695 1277 725 ut
1313 688 1380 737 qui
1414 688 1512 725 maie
1547 688 1704 733 vixerat,

252 753 348 789 bene
386 752 594 789 moriturus
627 751 835 796 videretur,
874 752 997 789 sicubi
1035 765 1120 788 cum
1167 753 1276 789 hoste
1315 765 1600 801 congressurus,
1641 752 1704 789 ubi

251 822 383 864 posset
421 814 598 859 interfici,
646 815 720 852 hoc
763 815 930 851 maxime
967 816 1188 864 9³exoptant
1227 815 1332 864 quod
1373 828 1504 852 omnes
1543 816 1705 852 maxime

249 885 427 916 metuunt
463 878 669 929 ⁹⁴fugiuut:
701 878 766 915 sed
807 877 872 915 ubi
911 879 984 914 boc
1023 877 1279 914 inveniretur?
1319 890 1507 927 nusquam
1546 879 1704 925 beilum,

250 954 440 992 nusquam
469 942 626 991 proelia:
668 954 743 991 pax
771 947 808 978 et
829 941 959 978 Caesar
977 941 1104 977 omnia
1124 940 1394 990 possidebant:
1431 947 1467 978 et
1487 941 1574 978 vitae
1595 942 1707 991 igitur

250 1012 286 1042 et
310 1006 442 1042 mortis
461 1005 686 1043 honestioris
705 1018 772 1055 spe
784 1005 932 1050 amissa,
945 1006 990 1042 ad
1014 1004 1105 1041 iltnd
1129 1004 1302 1041 ultimum
1324 1005 1545 1049 remedium,
1566 1006 1706 1054 ⁹⁵quod

251 1075 342 1106 tunc
364 1069 474 1106 multi
493 1069 711 1113 utebantur,
727 1081 765 1106 se
786 1068 989 1112 convertit,
1004 1070 1156 1117 egitque
1177 1082 1262 1106 cum
1278 1069 1430 1118 Petrejo
1450 1076 1704 1106 extremarum

252 1132 391 1169 comite
412 1132 664 1176 fortunarum,
686 1138 727 1169 ut
756 1132 916 1168 invicem
941 1131 1040 1168 ferro
1067 1132 1320 1175 decertarent,
1341 1133 1513 1183 alterque
1542 1133 1702 1171 alterum

251 1195 468 1233 occideret:
507 1195 698 1233 consentit
734 1195 795 1232 ille
830 1209 903 1233 non
942 1195 1158 1241 difficulter,
1200 1204 1239 1233 nt
1273 1197 1340 1246 qui
1378 1197 1505 1234 vivere
1543 1198 1705 1247 amplius

251 1265 482 1309 gravaretur.
539 1259 780 1297 Concurrunt
799 1273 888 1309 ergo
916 1274 961 1296 ex
992 1260 1186 1304 condicto,
1207 1268 1245 1298 et
1275 1261 1428 1310 l'ctrejo
1457 1262 1703 1307 obtruncato,

250 1336 315 1360 rex
336 1329 527 1372 superstes
556 1321 650 1372 quid
671 1320 835 1371 ⁹⁶ageret
864 1323 900 1359 in
930 1336 969 1359 se
1000 1336 1152 1360 manum
1187 1325 1325 1361 vertit:
1364 1325 1427 1362 sed
1451 1339 1537 1361 cum
1569 1332 1703 1374 pectus

249 1386 351 1423 ferro
370 1386 674 1424 transverberare
702 1398 778 1422 non
808 1392 952 1435 posset,
974 1399 1040 1423 seu
1069 1393 1172 1424 metu
1205 1387 1450 1436 impediente,
1473 1401 1538 1425 seu
1563 1387 1703 1428 lorica:

250 1462 400 1486 servum
436 1462 544 1486 suum
579 1455 621 1486 ut
652 1461 691 1485 se
720 1448 914 1486 occideret
944 1451 1129 1494 exoravit,
1157 1457 1196 1488 et
1224 1451 1411 1488 obediens
1443 1465 1570 1489 servus
1603 1450 1702 1489 fuit:

250 1512 460 1550 secundum
473 1513 577 1553 aiios,
599 1512 773 1562 Petrejus
793 1519 830 1549 et
850 1519 1020 1550 orantem
1039 1526 1177 1563 regem,
1194 1519 1233 1552 et
1247 1528 1292 1552 ex
1314 1515 1444 1552 ordine
1462 1515 1703 1564 semetipsum

250 1576 386 1613 eodem
407 1589 591 1614 mucrone
621 1575 808 1625 perfodit:
841 1577 1100 1628 quodcunque
1130 1578 1264 1616 horum
1292 1579 1439 1616 verius:
1485 1579 1519 1615 id
1550 1578 1703 1628 quidem

251 1646 416 1683 constat,
436 1646 569 1689 aperto
590 1639 625 1675 in
646 1639 837 1685 convivio,
858 1647 896 1677 et
917 1648 957 1678 ut
977 1641 1099 1678 dicam
1121 1642 1227 1691 quod
1259 1643 1394 1688 sentio,
1416 1643 1463 1680 ab
1484 1642 1599 1680 ebriis
1625 1643 1703 1680 sac-

253 1711 331 1740 tum
351 1710 429 1740 est:
465 1716 682 1753 mensaeque
704 1703 821 1753 dapes
849 1711 886 1741 et
916 1704 1054 1753 pocula
1085 1704 1173 1742 hinc
1196 1705 1368 1742 Romano
1398 1706 1592 1755 sanguine,
1615 1705 1702 1743 hinc

252 1766 354 1814 regio
383 1766 691 1804 ⁹⁷manduerunt.
749 1767 825 1804 Hic
853 1773 912 1804 est
941 1767 1054 1817 igitur
1088 1769 1240 1817 Petreji,
1278 1769 1339 1805 hic
1372 1775 1430 1806 est
1459 1768 1573 1807 Jubae
1606 1768 1703 1818 regis

250 1832 396 1869 exitus:
437 1844 507 1868 nec
530 1830 677 1868 feiicior
709 1831 875 1868 Saburra
909 1831 1117 1880 praefectus
1146 1833 1283 1881 regius,
1305 1832 1374 1869 nisi
1395 1831 1500 1882 quod
1535 1831 1586 1869 illi
1605 1844 1701 1882 pug-

251 1894 377 1932 nando
397 1895 494 1932 niori
515 1895 689 1943 contigit,
721 1895 824 1944 quod
847 1894 1025 1932 dominus
1054 1908 1144 1932 suus
1165 1895 1305 1933 frustra
1327 1896 1498 1945 optavit:
1529 1908 1703 1944 congres-

251 1970 311 1994 sus
348 1971 485 2008 nempe
524 1972 613 1995 cum
653 1959 693 1996 P.
722 1958 818 1995 Sitio
851 1958 1014 1995 Caesaris
1044 1959 1183 2007 legato,
1220 1959 1352 2008 proelio
1381 1959 1515 2002 victus,
1551 1965 1589 1995 et
1617 1958 1703 1996 suso

248 2022 416 2059 exercitu
438 2021 660 2059 interfectus
681 2028 751 2058 est.
808 2022 987 2070 Cumque
1018 2022 1134 2058 Sitius
1159 2021 1261 2059 idem
1292 2021 1401 2058 victis
1429 2021 1600 2058 hostibus
1624 2022 1704 2071 ipse

250 2097 337 2120 cum
360 2085 494 2134 paucis
515 2098 583 2133 per
604 2084 873 2121 Mauritaniam
895 2084 964 2120 iret
985 2084 1030 2120 ad
1050 2085 1264 2122 Caesarem:
1295 2084 1407 2134 [⁶247]
1427 2086 1584 2122 Faustus
1605 2085 1704 2122 sorte

248 2154 286 2185 et
306 2147 484 2185 Afranius
503 2162 590 2185 cuni
625 2148 725 2184 mille
744 2148 831 2185 viris
860 2147 909 2184 ad
941 2148 1143 2197 Hispanias
1174 2149 1305 2185 ibant:
1342 2161 1509 2198 cumque
1538 2147 1701 2187 invicem

249 2210 523 2256 conflixissent,
552 2212 642 2249 vicit
672 2212 802 2256 Sitius,
843 2218 880 2248 et
913 2211 1071 2260 reliquis
1097 2212 1318 2256 interfectis,
1353 2225 1397 2248 ac
1429 2212 1464 2248 in
1494 2210 1609 2248 fidem
1641 2224 1703 2250 ac-

249 2275 396 2324 ceptis;
433 2277 616 2312 Faustum
638 2276 764 2325 ipsum
787 2275 903 2324 cepit,
925 2282 963 2312 et
987 2275 1186 2313 Afranium
1215 2289 1302 2313 cum
1333 2275 1512 2312 uxoribus
1538 2273 1703 2325 filiisque

249 2338 294 2374 ud
322 2339 510 2375 Caesarem
535 2338 815 2387 perducturus:
855 2351 925 2375 nec
947 2339 1066 2376 multo
1085 2345 1173 2388 post
1198 2338 1430 2375 dissensione
1450 2344 1581 2374 exorta
1606 2338 1702 2378 inter

249 2401 397 2445 milites,
420 2403 582 2439 Faustus
598 2409 635 2440 et
654 2402 833 2439 Afranius
846 2403 1099 2440 occiduntur:
1134 2402 1366 2451 conjugibus
1381 2401 1557 2450 natisque
1572 2402 1702 2440 Caesar

248 2471 285 2500 et
306 2464 464 2501 salutem
486 2465 610 2509 dedit,
629 2472 667 2505 et
685 2466 788 2502 bona
813 2465 988 2502 restituit.
1046 2467 1147 2502 Dum
1169 2466 1219 2502 sic
1237 2465 1356 2502 duces
1378 2465 1699 2515 Pompejanarnm

291 2633 332 2661 92
351 2630 455 2670 Lege,
469 2630 713 2661 concessit.—93
729 2630 1013 2671 Lege‚e.1·0pc‹ms.r
1041 2634 1080 2661 91
1100 2630 1496 2671 Lege‚sngimitquc.-05
1511 2632 1615 2670 Lege,
1629 2640 1699 2670 quo.

249 2687 333 2714 ——06
350 2683 419 2714 Aut
435 2683 533 2714 deest
558 2683 701 2725 aliquid,
719 2689 777 2715 aiut
801 2685 979 2725 {egendum
998 2695 1072 2715 cum
1091 2685 1364 2726 interrogationis
1380 2688 1460 2716 nota
1480 2687 1585 2725 «igeret
1599 2682 1697 2716 3-97

253 2740 351 2780 Lege,
368 2739 560 2769 vnutluerunl.
