1850 3109
214 158 325 199 1514
646 171 683 200 J.
716 169 849 199 censi
884 169 1233 200 COMMENTARH

215 268 577 307 ”verselledunum
599 269 679 307 ⁷⁵id
701 269 836 320 opido,
857 268 1153 314 obsidebantur,
1189 276 1271 308 erat
1302 283 1454 315 nomen,
1489 283 1668 321 compor-

213 331 336 370 tandis
351 332 515 371 intentos
531 346 740 383 aggressus,
761 333 979 369 Lucterium
998 345 1163 370 seorsum
1181 336 1230 372 ita
1247 336 1328 372 acie
1345 336 1534 381 contudit,
1552 343 1591 373 ut
1606 337 1667 373 vix

212 409 258 434 eo
278 410 366 435 cum
383 399 623 448 paucissimis
643 398 823 448 fugiente,
841 396 962 434 suiad
980 411 1096 435 unum
1113 412 1242 435 omnes
1260 399 1515 438 caederentur:
1540 414 1668 450 neque

211 462 310 497 enim
333 473 552 511 quenquam
575 462 823 499 scelestorum
859 462 984 499 furum
1010 463 1171 499 Romani
1202 463 1338 500 milites
1368 464 1496 500 vivum
1529 477 1668 514 capere

212 524 481 573 dignarentur:
512 532 616 562 tanta
637 524 802 574 denique
822 532 964 575 strages
986 525 1057 563 fnit
1079 533 1181 562 utne
1204 539 1300 562 unus
1322 527 1477 576 quidem
1498 540 1669 576 superes-

212 594 280 632 set,
312 588 379 637 qui
412 588 464 625 rei
499 588 654 626 nuntius
675 589 721 626 ad
746 591 980 639 Drapentem
1004 590 1087 633 iret,
1109 589 1174 639 qni
1197 597 1235 626 ut
1258 600 1351 640 puto
1373 603 1496 627 rerum
1518 591 1668 628 nescius

211 652 248 687 in
270 650 402 688 castris
422 663 551 701 agens,
567 659 603 688 et
625 651 787 690 fortasse
809 653 954 690 socium
971 660 1192 703 expectanS,
1209 655 1336 691 subito
1358 654 1523 691 bostium
1545 654 1669 691 incur-

211 726 255 750 su
275 714 356 763 pari
378 721 501 765 strage
523 715 671 754 deletus
692 724 767 754 est:
789 719 862 754 boc
881 718 1062 763 interfuit,
1086 720 1189 767 quod
1211 718 1304 755 alter
1320 719 1394 755 suis
1413 718 1666 768 pereuntibus

211 777 371 823 abierat,
405 779 466 816 bic
488 779 525 816 in
543 792 677 817 manns
700 781 864 818 bostium
887 781 994 818 vivus
1016 782 1137 819 venit:
1169 784 1380 832 paucisque
1413 790 1501 832 post
1530 782 1668 820 diebus

210 854 277 879 seu
296 841 429 879 dolore
449 844 685 893 captivitatis
719 851 756 882 et
791 845 953 882 fortnnae
980 858 1046 882 seu
1082 843 1233 889 ⁷⁶0di0,
1266 858 1330 882 seu
1364 852 1468 882 metu
1490 847 1670 896 supplicii

209 905 403 953 gravioris,
434 913 647 956 spontanea
668 907 743 945 cibi
765 907 891 946 inedia
912 909 1026 945 vitam
1049 907 1181 946 finivit.
1241 909 1310 946 His
1329 908 1489 946 feliciter
1505 908 1669 947 sortiter-

212 981 286 1017 qne
307 981 375 1018 per
394 970 537 1020 legatos
558 971 686 1020 gestis,
718 972 849 1009 Caesar
877 972 1009 1010 relicto
1044 972 1080 1009 in
1110 972 1321 1010 Bellovacis
1343 974 1476 1010 Marco
1498 973 1671 1012 Antonio

210 1045 297 1070 cum
318 1034 507 1083 praesidio‚
538 1048 584 1071 ne
602 1035 696 1085 quid
718 1036 805 1072 novi
825 1036 1014 1073 tumultus
1035 1036 1210 1080 oriretur,
1241 1049 1310 1086 per
1339 1050 1376 1074 se
1409 1037 1532 1087 ipsum
1560 1038 1672 1078 urbes

208 1096 298 1134 alias
327 1097 476 1136 invisit:
517 1100 767 1150 evocatisque
797 1099 847 1136 ad
881 1101 1102 1137 concionem
1132 1100 1298 1150 populis,
1329 1102 1501 1140 oratione
1523 1103 1603 1140 miti
1625 1117 1669 1142 ac

209 1161 425 1212 magnifica,
456 1176 533 1214 qua
553 1163 590 1200 in
612 1177 650 1201 re
672 1164 864 1214 principes
880 1165 1048 1202 omnium
1071 1165 1284 1203 seculorum
1307 1166 1407 1210 vicit,
1428 1173 1465 1204 et
1486 1174 1670 1216 praestan-

209 1224 371 1262 tissimos
391 1234 562 1265 oratores
583 1229 774 1278 aequavit;
810 1231 930 1267 multa
962 1230 1132 1280 undique
1166 1231 1389 1280 perturbata
1423 1232 1669 1281 composuit:

208 1302 293 1326 narn
313 1297 352 1328 et
372 1292 516 1330 amicos
550 1294 659 1330 ⁷⁷illa
694 1295 801 1338 ravit,
832 1302 870 1332 et
904 1295 1032 1332 hostes
1054 1294 1234 1344 placavit,
1263 1301 1301 1332 et
1329 1295 1470 1332 dubios
1489 1294 1669 1340 firmavit,

208 1352 382 1402 dejectos
408 1355 440 1378 ⁷⁸
456 1356 579 1406 eripit,
608 1364 645 1394 et
665 1365 819 1395 moestos
841 1370 885 1394 ac
907 1357 1069 1408 pavidos
1083 1358 1304 1395 consolatus
1325 1365 1394 1395 est.
1415 1358 1528 1409 [167]
1565 1360 1670 1397 lnter

208 1423 369 1455 caeteros
390 1420 557 1469 populos
578 1433 667 1458 cum
690 1422 879 1459 Carnutes
899 1421 1069 1466 adiisset,
1101 1420 1201 1459 unde
1223 1428 1263 1458 ut
1283 1421 1448 1458 diximus
1472 1422 1589 1459 multa
1612 1436 1670 1460 re-

208 1481 322 1519 bellio
342 1490 427 1520 orta
447 1490 540 1529 erat,
572 1484 746 1534 cogitans
767 1498 833 1522 eos
853 1485 940 1535 plus
961 1485 1110 1522 caeteris
1130 1485 1307 1522 omnibus
1336 1492 1492 1536 propter
1511 1486 1670 1524 offensae

208 1546 485 1584 conscientiam
508 1548 724 1594 formidare,
755 1563 843 1587 mox
878 1558 920 1588 ut
952 1550 1082 1587 urbem
1111 1550 1251 1600 attigit,
1282 1550 1559 1599 conjurationis
1578 1564 1671 1589 auc·

206 1616 326 1646 torem
356 1612 663 1650 ⁷⁹Gutturarium
698 1613 950 1664 depoposcit:
985 1614 1015 1650 is
1051 1614 1207 1664 vulgato
1230 1627 1333 1652 inore
1371 1614 1582 1661 bominum,
1605 1616 1670 1666 qui

205 1673 368 1711 libenter
387 1688 593 1714 commune
612 1678 781 1715 omnium
803 1679 1016 1728 periculum
1040 1678 1152 1715 unins
1173 1678 1209 1715 in
1231 1685 1347 1729 caput
1369 1685 1535 1724 vertunt,
1563 1692 1669 1730 quae-

205 1737 298 1775 situs
320 1750 340 1774 a
360 1740 507 1789 populo
528 1741 733 1792 diligenter
750 1749 788 1779 et
809 1742 985 1779 inventus
1013 1755 1101 1779 cum
1129 1743 1176 1779 ad
1216 1755 1302 1779 eum
1334 1742 1525 1780 adductus
1555 1751 1668 1789 esset,

206 1803 278 1840 vim
297 1811 443 1842 naturae
465 1818 544 1843 snoe
566 1806 697 1842 Caesar
716 1805 868 1847 attulit;
901 1813 1020 1855 utque
1046 1806 1155 1843 nnius
1177 1806 1368 1856 supplicio
1396 1812 1501 1844 metu
1535 1819 1668 1844 omnes

204 1866 432 1914 absolveret,
463 1870 568 1906 illum
590 1883 611 1906 a
632 1883 710 1919 qno
731 1869 871 1908 damna
900 1878 936 1908 et
972 1870 1067 1908 mala
1099 1871 1224 1907 omnia
1256 1870 1440 1907 exercitui
1466 1870 1566 1907 illata
1587 1883 1671 1908 om-

205 1931 308 1967 nium
331 1944 404 1968 una
426 1945 520 1969 voce
541 1934 759 1978 constabat,
782 1934 943 1971 rnilitum
965 1934 1056 1971 odio
1084 1935 1271 1984 permisit,
1301 1941 1339 1971 et
1372 1935 1493 1971 securi
1521 1934 1668 1984 percuti

203 2007 337 2044 passus
375 2001 443 2033 est.
511 1997 654 2034 Caesari
697 1997 800 2045 apud
840 1998 1027 2034 Carnutes
1062 1998 1188 2047 agenti
1226 1998 1360 2034 litterae
1397 1996 1611 2035 redduntur
1647 2010 1669 2034 a

206 2058 353 2095 Cannio
383 2059 521 2109 legato,
545 2059 593 2097 de
623 2066 743 2109 strage
767 2060 946 2105 bostium,
980 2061 1224 2110 Lucteriiqne
1256 2061 1342 2111 fuga
1377 2069 1413 2099 et
1445 2061 1669 2111 captivitate

205 2123 426 2172 Drappetis,
445 2123 598 2174 insuper
621 2130 658 2160 et
679 2124 727 2160 do
747 2124 999 2173 opidanorum
1022 2125 1251 2161 immutabili
1273 2125 1486 2175 proposito,
1508 2125 1574 2175 qni
1595 2138 1667 2163 nec

204 2186 347 2223 (lucum
377 2194 528 2232 eventu,
552 2201 622 2225 nec
644 2189 834 2226 exercitus
861 2189 1126 2226 flecterentur:
1159 2203 1246 2238 quae
1267 2203 1341 2234 res,
1359 2191 1428 2227 etsi
1457 2189 1668 2227 admodum

202 2262 331 2299 parva,
353 2252 518 2288 animuin
542 2251 653 2290 (lucis
675 2254 789 2289 movit
808 2267 817 2297 ;
850 2265 896 2289 ne
918 2252 1067 2290 scilicet
1087 2265 1203 2289 unum
1225 2253 1384 2302 opidum
1409 2253 1536 2289 multis
1565 2253 1668 2289 urbi-

204 2313 276 2350 bus
296 2322 560 2364 argumentum
582 2324 694 2360 esset‚
718 2330 792 2353 non
824 2317 894 2353 sibi
921 2317 1183 2366 superioribus
1205 2318 1312 2353 bellis
1340 2317 1385 2352 ad
1408 2316 1667 2353 defensioni-m

201 2376 398 2422 libertatis,
433 2385 509 2415 tani
543 2380 754 2428 potentium
776 2393 890 2429 quani
925 2380 1175 2417 constantiam
1210 2380 1400 2416 defuisse:
1430 2386 1465 2416 et
1497 2379 1667 2428 potuisse

202 2439 314 2477 urbes
337 2441 469 2485 teneri,
490 2455 576 2478 cnm
595 2442 712 2490 opida
733 2450 976 2479 tenerentur:
1010 2443 1106 2479 lianc
1137 2443 1353 2492 opinionem
1384 2443 1663 2491 extirpandum,

199 2515 245 2540 ne
266 2516 342 2553 qua
362 2502 460 2540 forte
482 2505 743 2542 novandarum
767 2519 889 2542 rerum
913 2519 993 2542 esse
1011 2513 1142 2554 posset
1158 2506 1336 2549 ocensi03
1368 2513 1402 2543 et
1419 2507 1662 2544 omes-sorum

241 2623 282 2651 74
307 2621 410 2661 Lege,
443 2622 764 2653 [ircllodumime—7‘5
790 2623 893 2663 Lege,
918 2623 967 2657 (id
981 2623 1102 2662 oppido,
1126 2632 1182 2662 quo
1198 2622 1425 2660 obsidebantur,
1452 2625 1518 2652 erat
1542 2622 1665 2659 nomen)

198 2676 424 2714 comportandis
454 2675 626 2712 frumentis
651 2675 884 2706 i11tentos.—70
915 2676 1019 2715 Lege,
1051 2676 1240 2707 {mlier-77
1281 2676 1383 2715 Lege,
1411 2675 1664 2707 hilaravit-«75

201 2727 315 2768 forte,
329 2729 527 2760 erexit—79
545 2729 758 2760 Gutturacum
774 2734 825 2760 est
843 2729 876 2760 in
895 2731 1043 2761 Caesare.
