1850 3109
244 183 265 223 1
273 181 359 224 628

243 298 305 330 per
317 289 425 320 Mstos
440 288 563 319 liceret
575 287 748 319 revocabat.

286 341 325 369 13
351 339 388 369 In
402 339 517 379 spatio]
534 338 624 369 Hinc
641 338 784 378 adparet
802 336 942 377 probam

243 397 317 419 esse
355 389 537 419 lectionem
570 388 602 418 in
631 388 752 424 virgil.
786 391 820 416 et
852 387 946 423 Silio,

243 441 252 456 ‘
268 438 409 470 Addunt
435 439 469 468 in
503 438 642 478 spatioz'
669 437 723 467 ubi
742 436 803 466 Vir
826 435 945 466 doctus

242 489 342 521 Misc.
359 489 443 519 Obs.
459 489 534 518 Vol.
555 497 586 518 v.
599 488 636 517 T.
653 490 681 517 3.
700 496 732 527 p.
751 489 803 518 16.
817 495 835 515 e
851 486 945 516 Vett.

244 538 332 569 Edd.
350 538 499 568 malebat
515 537 546 566 in
562 537 676 576 spatia.

286 591 325 618 16
360 588 397 618 In
428 588 538 618 castris
567 585 942 626 incolumes—redierit]

242 638 320 669 Non
339 646 479 668 necesse
497 643 560 677 est,
585 642 622 667 ut
646 647 723 668 cum
751 637 829 667 Pet.
848 636 944 667 Ciac-

240 687 336 718 conio
364 688 514 727 legamus
536 689 569 718 in
595 690 722 724 castr-(U
758 696 835 716 nam
866 686 938 716 ha=e

240 738 446 778 praepositio,
470 738 573 769 etiam
592 748 668 769 cum
685 742 813 768 motum
840 736 942 766 deno·

242 793 305 826 tet,
331 787 479 819 ablativo
495 788 665 828 jungitur,
690 791 728 817 ut
753 787 843 816 inter
859 785 943 816 alios

239 838 391 869 ostendit
416 838 461 869 G.
477 838 510 870 J.
528 838 667 869 Vossius
685 837 727 868 de
749 837 942 868 Construct.

240 896 271 918 c.
288 891 340 919 65.
376 889 487 919 Dauis.
547 888 636 918 Vide
665 897 739 928 quae
771 895 874 926 supra
900 885 943 916 ad

240 937 280 970 B.
295 938 338 970 G.
356 948 406 969 rv.
425 941 475 969 12.
513 939 622 969 Clark.
667 939 759 977 Lego
780 937 813 967 in
828 939 943 967 castra.

240 987 297 1019 Sic
309 988 417 1019 edidit
434 988 628 1029 Gryphius:
653 992 689 1018 et
705 988 754 1018 sic
773 991 940 1028 perpetuo

239 1037 389 1078 loquitur
400 1042 526 1069 noster.
572 1036 659 1068 Vide
675 1046 705 1068 c.
719 1039 770 1068 73.
787 1039 840 1068 76.
877 1036 945 1067 Da-

238 1087 295 1117 vis.
311 1096 382 1118 cur.
398 1095 465 1118 sec.
513 1088 625 1117 Castra
648 1096 783 1127 quoque
803 1085 942 1117 edidere

238 1136 341 1168 Vasc.
356 1141 392 1168 et
407 1137 569 1177 Stephan.
615 1138 660 1167 Et
676 1137 725 1166 ita
742 1136 844 1167 etiam
862 1136 943 1166 mal-

238 1186 317 1218 lem.
353 1187 420 1218 Sed
436 1186 575 1217 obstant
591 1186 675 1216 Mss.
708 1184 807 1216 Adde
824 1190 944 1216 notata

238 1236 280 1267 ad
304 1237 344 1267 B.
361 1236 404 1267 G.
428 1245 467 1267 11.
486 1239 535 1267 17.
551 1236 560 1252 ‘
578 1235 617 1266 In
641 1240 752 1266 castra
771 1236 944 1275 venisset‚’

237 1291 272 1318 et
287 1286 380 1318 alibi.

284 1346 381 1368 LXXI.
397 1341 415 1368 7
433 1338 475 1368 Ee
493 1338 744 1378 quemadmodum
760 1337 821 1368 tela
837 1337 943 1367 mitte-

238 1391 318 1426 rent,
331 1387 491 1428 praecipit]
515 1388 625 1419 Editt.
645 1388 742 1419 Rom.
759 1388 846 1418 Ven.
858 1397 941 1427 proe-

235 1438 340 1478 cepit;
366 1437 399 1468 in
417 1438 484 1469 Ms.
499 1443 614 1469 autem
631 1439 736 1469 Norv.
754 1443 806 1468 est
826 1438 940 1478 pra->ci-

234 1491 354 1528 perent,
381 1488 470 1519 unde
495 1489 613 1529 procul
639 1489 742 1519 dubio
759 1487 940 1527 legendum

235 1538 423 1578 praecipere:
447 1548 549 1578 supra
569 1538 658 1569 euim
676 1537 761 1568 dixit
780 1540 813 1567 ut
829 1537 941 1567 cantela

236 1587 353 1618 tirones
401 1588 593 1627 gladiatores
640 1586 939 1625 condocefaceret‚

239 1648 314 1669 cum
334 1648 400 1679 quo
427 1639 483 1669 hic
509 1639 601 1669 locus
619 1638 776 1678 componi
792 1646 858 1667 non
885 1646 941 1677 po-

240 1692 322 1727 test,
348 1688 411 1718 nisi
437 1687 640 1728 subjiciatur
666 1687 784 1718 modus
804 1686 942 1717 infiniti-

237 1746 310 1768 vus.
345 1737 456 1768 Dacis.
517 1737 707 1777 Praecipere.
762 1735 857 1767 Editi
884 1736 941 1766 lia-

236 1785 342 1824 beut;
363 1787 521 1827 proecipit,
539 1787 591 1818 vel
611 1787 770 1827 proeccpit.
816 1787 883 1818 Ms.
899 1787 942 1817 E-

236 1836 365 1876 liensis,
383 1837 599 1877 proeciperent.
654 1836 754 1868 Unde
780 1837 941 1868 Davisius

238 1897 281 1918 ex
297 1887 496 1926 conjectura
507 1888 634 1927 optime
652 1887 817 1925 restituit,
831 1888 941 1927 ιιι-ατί-

233 1945 324 1976 pere:
366 1937 562 1976 postulante
592 1942 627 1967 et
659 1938 732 1977 ipsa
759 1937 941 1969 Modorum

236 1986 382 2026 ratione,
407 1992 549 2027 propter
567 1988 818 2027 praecedentem
834 1990 940 2019 condo-

234 2035 384 2074 cefacere.
429 2037 545 2077 Atque
568 2037 602 2067 in
626 2038 692 2068 Ms.
708 2038 815 2078 Regio
841 2039 940 2078 plane

237 2087 402 2127 scriptum
429 2092 492 2123 est,
514 2088 694 2127 praecipere.
727 2090 835 2119 Clark.
881 2090 941 2119 Er·

237 2142 315 2168 rant
332 2137 404 2167 Viri
421 2137 526 2174 docti,
549 2138 632 2169 licet
649 2145 685 2170 ct
697 2140 881 2179 proeciperet
898 2140 941 2171 sit

234 2187 269 2217 in
289 2186 410 2217 Petav.
430 2192 465 2217 et
487 2187 582 2217 Leid.
609 2198 661 2228 pr.
706 2189 772 2219 Sed
797 2189 860 2220 hoc
885 2199 942 2220 na·

237 2242 309 2268 tum
348 2247 366 2268 e
414 2238 688 2277 praecedentibus
733 2238 941 2279 inperfectis.

239 2287 483 2325 Condocefacere
509 2294 545 2320 et
568 2290 710 2330 proecipit
735 2290 868 2330 jungit3
903 2295 942 2322 ut

235 2348 266 2368 c.
284 2341 338 2368 25.
366 2338 514 2378 Recipere
543 2344 577 2370 et
601 2339 753 2370 abduxit.-
778 2340 835 2370 ubi
862 2341 940 2371 vide

236 2387 344 2428 plura.

281 2440 317 2468 11
359 2437 482 2468 Jaculae's
497 2437 702 2478 interficiebat
718 2442 746 2468 et
763 2439 784 2468 l.
800 2448 840 2470 m.
854 2439 940 2476 ‹Iesa-

235 2486 375 2526 tr'gubat]
397 2488 453 2518 Sic
469 2488 619 2527 Scaliger
632 2488 784 2529 reposuit
799 2498 841 2519 ex
856 2490 938 2520 Mss.

235 2537 351 2568 Ursini
367 2542 403 2567 et
416 2547 488 2575 suo,
503 2537 624 2578 quibus
642 2538 762 2569 dubito
783 2549 825 2569 an
845 2550 939 2571 acce-

235 2587 295 2618 dat
311 2587 435 2618 Petav.
458 2588 585 2618 Verum
601 2588 786 2619 Leidenses
799 2594 833 2620 et
854 2590 938 2620 Dor-

235 2637 305 2667 vill.
323 2646 399 2667 cnm
423 2637 510 2668 Edd.
528 2638 684 2669 Vetustis
700 2639 832 2670 cunctis
857 2639 939 2670 dant

234 2687 400 2728 pluralem
418 2697 602 2719 numerum.
649 2689 694 2719 Et
712 2694 815 2720 recte.
861 2689 938 2720 Mu—

237 2742 328 2768 tatus
343 2737 400 2769 ille
417 2742 469 2768 est
494 2747 514 2768 a
540 2737 685 2769 librariis
709 2739 938 2771 nescientibus

240 2788 362 2820 crebro
378 2788 412 2820 in
429 2789 638 2831 Conectivis‚
666 2790 747 2822 licet
764 2790 938 2832 praecedat

711 192 851 222 Nn‘rAE
885 191 1148 222 vARlORUM
1181 186 1234 221 'IN

995 285 1187 325 singularis,
1204 284 1297 326 sequi
1318 285 1495 325 pluralem.
1544 283 1611 315 Adi
1628 293 1700 316 om·

995 336 1072 366 uino
1089 335 1131 366 ad
1149 345 1198 367 vt.
1212 339 1242 366 2.
1270 339 1278 352 ⁴
1296 335 1446 376 Quisque
1462 344 1527 366 non
1550 335 1693 375 patitur,

996 395 1103 425 neque
1121 386 1220 416 aliter
1238 386 1263 416 si
1282 386 1432 426 faciant}
1450 388 1515 417 Sec.
1560 385 1698 416 videet

996 435 1115 465 Varias
1132 436 1299 466 lectiones
1319 446 1348 467 c.
1365 439 1417 467 72.
1434 437 1449 476 ξ
1468 440 1499 467 4.

1040 486 1080 513 16
1113 484 1163 514 Ab
1178 484 1226 514 his
1241 485 1423 525 insectatus]
1462 484 1538 515 Hoc
1566 482 1702 524 partici-

995 533 1100 574 pium,
1115 534 1204 575 quod
1224 535 1323 574 vulgo
1349 536 1499 574 deponens
1525 538 1698 572 censetur,

995 583 1048 614 hic
1063 584 1128 614 loci
1141 584 1262 623 passive
1277 584 1457 625 accipitur,
1475 585 1554 625 quin
1572 590 1607 614 et
1625 584 1700 615 aliis

995 634 1030 665 id
1047 644 1152 673 genus
1174 635 1287 666 multis
1303 634 1392 665 idem
1413 635 1570 673 contigit,
1587 643 1700 675 quem-

996 686 1176 716 admodum
1203 685 1354 717 ostendit
1379 686 1423 717 G.
1441 685 1474 717 J.
1492 685 1627 716 Vossius
1657 684 1700 715 de

995 737 1094 768 Aual.
1112 747 1167 769 111.
1184 740 1214 769 6.
1241 737 1332 768 Hinc
1353 736 1493 776 factum,
1507 741 1546 767 ut
1561 736 1698 776 hujusce

994 788 1090 819 verbi
1103 789 1234 819 accitam
1252 788 1525 819 terminationem
1539 786 1699 818 adhibue-

994 837 1039 866 rit
1057 837 1201 868 Plautus
1218 837 1352 877 Captiv.
1377 841 1441 869 act.
1458 845 1514 868 ιιι.
1534 846 1580 868 sc.
1596 839 1627 868 4.
1643 837 1698 867 61.

996 886 1111 917 Daris.

1040 944 1152 967 Lxxn.
1169 938 1188 966 2
1214 935 1307 974 Quia,
1334 937 1538 975 quodcumque
1552 937 1697 975 proelium

995 987 1111 1027 quoties
1125 989 1192 1017 erat
1206 986 1410 1025 commissum,
1439 986 1581 1026 equitatu
1601 996 1698 1017 suo——

994 1037 1127 1068 hostium
1152 1037 1304 1077 equitatui
1333 1037 1412 1067 nullo
1439 1037 1526 1067 modo
1551 1046 1612 1076 par
1635 1045 1698 1067 esse

992 1087 1131 1128 poterat]
1156 1087 1273 1117 Prima
1290 1096 1352 1117 vox
1370 1087 1468 1118 abest
1488 1096 1507 1116 a
1524 1087 1644 1118 Petav.
1662 1091 1699 1118 et

996 1136 1137 1167 Norvic.
1174 1136 1422 1176 Reponendum
1438 1137 1605 1176 suspicor,
1618 1137 1697 1177 quod

994 1196 1126 1226 nempe,
1134 1187 1278 1226 proelium
1287 1186 1405 1226 quoties
1416 1189 1481 1216 erat
1493 1186 1696 1226 commissum,

994 1236 1165 1276 equitatus
1207 1236 1463 1266 suus-hostium
1499 1236 1697 1275 equitatui—-

992 1286 1073 1315 nullo
1087 1286 1172 1316 modo
1186 1295 1244 1325 par
1259 1295 1322 1316 esse
1335 1289 1469 1325 poterat.
1486 1286 1597 1317 Daris.
1621 1295 1698 1318 cur.

993 1345 1062 1367 sec.
1109 1336 1193 1367 Cum
1226 1345 1342 1366 sensus
1369 1336 1402 1366 in
1438 1336 1582 1376 vulgatis
1614 1336 1696 1367 satis

993 1390 1139 1426 constet,
1155 1387 1364 1426 conjecturis
1388 1386 1604 1417 incertiorem
1620 1386 1698 1417 red-

993 1435 1075 1467 dere
1092 1446 1206 1467 veram
1221 1437 1398 1467 lectionem
1411 1437 1502 1467 nolui
1517 1447 1524 1467 :
1550 1436 1609 1467 sed
1623 1437 1696 1476 quia

993 1486 1095 1517 etiam
1111 1487 1209 1517 abest
1225 1496 1243 1517 a
1258 1487 1382 1527 Scalig.
1428 1486 1536 1517 Immo
1563 1497 1581 1516 a
1597 1486 1695 1519 Leid.

993 1546 1045 1576 pr.
1063 1536 1196 1568 desunt.
1248 1537 1370 1568 Vehem.
1385 1547 1491 1568 comm.
1513 1538 1582 1577 quia
1601 1538 1694 1576 quod-

992 1597 1090 1627 cumq.
1107 1587 1140 1617 in
1158 1597 1223 1627 quo
1239 1587 1359 1618 itidem
1376 1597 1436 1627 pro
1457 1588 1610 1628 proelium,
1635 1587 1695 1618 bel-

993 1638 1055 1668 lum
1076 1637 1197 1669 editur.
1243 1638 1371 1668 Forsan
1392 1637 1492 1668 modo
1506 1636 1618 1668 fuerat
1634 1637 1695 1667 ini-

992 1687 1040 1717 tio
1050 1687 1292 1718 commovebatur
1302 1688 1482 1729 (commotus
1492 1687 1598 1718 Dorv.
1607 1686 1694 1718 Edd.

994 1738 1090 1768 Rom.
1104 1737 1198 1769 Med.
1209 1738 1311 1778 Veu.)
1323 1738 1414 1778 quod,
1426 1737 1570 1778 proelium
1579 1736 1696 1777 quoties

992 1787 1046 1817 vel
1062 1788 1305 1828 quotiescumque
1321 1797 1366 1818 er.
1378 1797 1454 1817 com.

1034 1841 1052 1867 5
1085 1837 1215 1876 Autem]
1253 1836 1450 1878 Legendum
1481 1835 1584 1867 credo
1607 1836 1694 1868 item.

993 1887 1106 1918 Daris.
1120 1897 1189 1918 cur.
1204 1897 1274 1918 sec.

1036 1940 1075 1967 10
1101 1937 1162 1967 Cui
1179 1938 1232 1967 uni
1247 1938 1307 1978 rei]
1343 1937 1434 1978 Lege
1455 1938 1503 1968 cui
1519 1937 1566 1968 rei
1580 1940 1695 1977 tamen,

992 1987 1043 2025 &a
1063 1985 1177 2016 deleta
1194 1996 1276 2017 voce
1293 1987 1357 2027 uui,
1375 1997 1473 2028 quam
1492 1987 1694 2027 praetermit-

993 2040 1069 2066 tunt
1085 2036 1208 2067 Petav.
1221 2042 1257 2068 et
1276 2038 1382 2068 Norv.
1413 2038 1523 2069 Dacis.
1538 2047 1607 2069 cur.
1625 2047 1695 2070 sec.

993 2086 1218 2127 Nequaquam
1252 2087 1307 2117 uni
1345 2087 1564 2127 ejiciendum,
1602 2087 1695 2128 quod

992 2146 1086 2168 suam
1103 2138 1156 2168 hic
1171 2138 1274 2168 habet
1295 2138 1482 2178 emphasin,
1510 2143 1545 2169 et
1566 2138 1697 2179 aliquo-

993 2187 1057 2218 ties
1073 2187 1121 2218 ita
1139 2188 1286 2228 loquitur
1299 2189 1414 2219 Caesar
1426 2188 1538 2219 etiam.

1037 2241 1074 2269 ll
1102 2239 1156 2269 Ex
1175 2239 1275 2270 Italia
1290 2238 1512 2278 transportari]
1550 2238 1606 2269 Ita
1627 2236 1697 2270 edi-

993 2289 1043 2319 dit
1059 2289 1133 2321 Jos.
1150 2288 1317 2329 Scaliger,
1341 2294 1376 2319 et
1402 2288 1448 2319 sic
1470 2289 1696 2321 emendarunt

993 2339 1089 2370 Petr.
1126 2339 1328 2370 Ciacconius
1365 2343 1400 2369 et
1438 2338 1528 2370 Just.
1561 2339 1696 2380 Lipsius

993 2388 1104 2419 Elect.
1133 2397 1176 2418 ιι.
1198 2391 1251 2418 22.
1277 2397 1353 2418 cum
1382 2388 1413 2418 in
1437 2388 1532 2419 libris
1550 2389 1634 2420 Mss.
1659 2394 1696 2421 et

992 2438 1180 2478 antiquitus
1205 2437 1337 2468 excusis
1366 2438 1498 2477 legatur
1513 2439 1545 2468 in
1569 2439 1696 2470 Italiam

993 2488 1214 2528 transportari,
1249 2497 1347 2528 quam
1386 2489 1567 2519 lectionem
1606 2490 1696 2520 tueri

992 2536 1121 2567 frustra
1151 2547 1328 2577 aggressus
1359 2543 1413 2569 est
1440 2538 1540 2570 Joan.
1570 2538 1698 2570 Godui-

991 2598 1071 2626 nus;
1098 2598 1173 2619 nam
1199 2588 1368 2619 Cmsarem
1397 2588 1569 2619 στατιώτας
1591 2601 1627 2619 τε
1642 2593 1694 2620 ΕΚ

993 2641 1071 2669 ΤΗΣ
1096 2641 1252 2669 ΙΤΑΛΙΑΣ
1279 2638 1331 2668 καὶ
1354 2642 1583 2670 ΕΛΕΦΑΝΤΑΣ
1601 2651 1696 2677 μετα-

993 2687 1168 2728 πέμψασθαι
1216 2694 1363 2719 testatur
1406 2690 1497 2721 Dion
1536 2691 1557 2722 l.
1591 2699 1694 2723 xun.

990 2748 1024 2779 p.
1047 2742 1121 2770 215.
1166 2739 1300 2770 Vitiosa
1326 2745 1439 2770 tamen
1464 2740 1521 2771 illa
1545 2739 1692 2772 lectione

992 2788 1159 2831 deceptus
1190 2789 1325 2821 videtur
1359 2790 1430 2823 Jul.
1458 2790 1598 2822 Celsus:
1638 2789 1692 2824 hic
