1850 3109
222 144 334 187 1781
648 156 685 186 J,
717 156 854 187 CELSI
888 156 1241 188 COMMENTARtt

219 252 473 304 improvidam
503 253 685 303 pietatem
713 262 750 292 et
784 255 936 293 facilem
969 256 1079 294 nimis
1108 255 1382 305 indulgentiam
1413 260 1667 296 caeterorum:

219 317 333 368 [128]
361 318 658 369 permittendum
688 319 852 356 sortunae
873 332 942 356 suo
974 320 1065 367 jure
1104 321 1170 364 uti,
1201 320 1305 369 quod
1329 319 1381 356 illi
1401 332 1490 357 cum
1524 318 1670 367 ubique

218 393 399 432 magnum
421 389 501 420 tum
535 383 571 419 in
607 383 707 419 bello
740 383 948 420 maximum
973 389 1089 433 atque
1109 384 1415 433 inexsuperabile
1436 384 1495 421 sit.
1554 381 1670 426 Quod

221 445 268 483 ad
291 459 330 483 se
350 447 525 483 attineret
546 458 695 482 summo
715 445 842 482 studio
871 445 1062 482 enisurum
1089 452 1126 483 et
1155 447 1440 484 incommodum
1471 459 1572 483 nunc
1594 446 1673 482 illa-

222 517 303 547 tum
337 509 464 546 multis
485 517 519 546 et
544 509 690 558 magnis
710 508 920 546 commodis
939 510 1120 547 resarciat
1139 517 1176 547 et
1209 516 1453 559 compenset:
1481 517 1600 559 atque
1636 511 1673 547 iu

221 573 351 622 primis
371 572 547 609 civitates
568 585 656 622 quae
677 585 696 609 a
719 584 908 610 consensu
930 573 1089 623 publico
1105 573 1371 611 discessissent
1391 574 1426 610 in
1446 580 1675 612 caeterorum

221 635 446 673 senteutiam
478 635 759 680 traducturum,
802 643 843 674 ut
878 649 996 674 unum
1035 637 1083 674 sit
1121 637 1245 674 omnis
1285 637 1422 674 Galliae
1458 637 1674 683 consilium,

223 710 341 735 unum
362 711 516 749 corpuS,
538 711 612 735 una
634 711 759 736 meus:
792 699 854 735 cui
887 706 1069 737 terrarum
1090 700 1194 738 orbis
1214 701 1334 750 impur
1356 700 1455 738 baud
1485 701 1601 738 dubie
1630 701 1677 739 sit

224 761 393 802 futurus:
425 762 462 799 id
494 776 532 799 se
562 775 637 800 non
660 763 849 800 facturum
883 763 1150 801 tantummodo
1171 765 1235 802 sed
1257 777 1353 814 pene
1382 764 1466 813 jam
1496 764 1676 802 etl'ectum

223 832 411 875 reputare.
470 825 586 870 Quod
627 827 835 864 necessitas
870 839 1038 877 praesens
1067 834 1199 876 poscat
1231 834 1355 865 castra
1376 829 1488 866 saluti
1509 830 1677 866 oninium

225 888 339 939 ⁸⁷pr0
361 889 504 934 futuro,
527 891 656 928 labore
673 891 842 928 omnium
864 904 909 929 ac
928 891 1056 928 studio
1072 891 1280 929 munienda
1299 905 1395 936 esse,
1410 892 1551 942 quibus
1564 892 1680 929 subiti

226 952 394 991 hostium
433 953 605 992 incursus
638 958 868 994 arceantur.’
945 957 1069 993 Grata
1104 956 1281 993 omnibus
1315 957 1396 993 baec
1435 956 1507 993 suit
1543 957 1678 998 oratio,

226 1015 331 1065 quod
361 1029 435 1054 uon
469 1018 596 1055 auimo
624 1018 854 1063 defecissem
891 1018 973 1064 sed,
997 1020 1062 1056 ubi
1091 1018 1209 1057 duces
1233 1019 1296 1056 alii
1329 1020 1477 1068 magnis
1503 1019 1681 1056 cladibus

224 1081 396 1130 acceptis
428 1095 509 1119 sese
540 1082 683 1120 abdere
713 1084 873 1128 soleant,
904 1083 1108 1134 vultusque
1136 1084 1297 1121 militum
1332 1083 1518 1133 refugere,
1554 1083 1614 1120 hic
1644 1084 1680 1120 in

226 1143 427 1192 publicum
461 1146 618 1196 prodiit,
637 1153 676 1184 et
708 1160 850 1184 novum
885 1148 1017 1185 salutis
1036 1148 1109 1185 iter
1127 1147 1310 1192 ostendit,
1331 1160 1455 1197 eoque
1484 1148 1569 1197 plus
1590 1147 1681 1186 fidei

226 1206 278 1244 illi
308 1214 403 1254 erat,
435 1222 512 1259 quo
541 1210 746 1248 Avaricum
782 1211 1063 1249 incendendum
1107 1211 1442 1261 deserendumque
1483 1212 1685 1249 consulue-

228 1277 302 1315 rat,
325 1272 469 1310 clarum
491 1274 745 1324 providentiae
776 1275 859 1324 ejus
894 1276 1103 1313 iudicium:
1135 1277 1185 1312 sic
1205 1288 1294 1313 cum
1310 1282 1533 1313 caeterorum
1565 1274 1683 1313 minui

229 1334 361 1381 soleat,
399 1336 567 1374 adversis
599 1345 769 1376 creverat
801 1339 912 1377 ducis
951 1339 1066 1388 hujus
1101 1339 1323 1377 auctoritas.
1377 1339 1513 1389 Neque
1550 1345 1617 1377 aut
1647 1339 1682 1376 iu

229 1398 364 1436 casu-is
385 1401 704 1447 communiendis,
731 1415 818 1454 quae
839 1403 964 1453 primo
986 1403 1159 1440 Romano
1180 1416 1284 1440 more
1306 1403 1342 1440 in
1365 1403 1491 1440 Gallia
1510 1416 1682 1440 commu—

230 1461 309 1499 nita
329 1469 431 1509 sunt,
454 1464 660 1514 quicquam
692 1479 713 1502 a
735 1465 916 1503 militibus
938 1472 995 1503 est
1015 1467 1214 1513 omissum,
1237 1467 1412 1517 quamvis
1433 1467 1683 1517 impatientis-

230 1525 323 1563 sima
343 1539 434 1575 gens
455 1527 627 1565 laborum
649 1529 708 1574 sit,
740 1536 805 1567 aut
827 1543 848 1567 a
869 1530 968 1567 duce
1000 1531 1035 1567 in
1065 1531 1314 1568 conciliandis
1346 1531 1500 1581 reliquis
1522 1537 1563 1568 ut
1595 1544 1682 1581 pro-

230 1589 384 1627 miserat
417 1591 575 1629 urbibus
609 1592 685 1630 ulla
713 1594 751 1630 in
784 1602 892 1645 parte
922 1601 1129 1632 cessatum.
1185 1596 1389 1646 Cogitabat
1417 1595 1688 1645 aestuabatque

229 1652 372 1698 animo,
405 1655 544 1693 diebus
580 1669 626 1694 ac
665 1658 844 1696 noctibus
874 1659 1091 1705 laborabat,
1131 1659 1365 1697 sollicitabat
1405 1659 1608 1705 universas,
1636 1660 1683 1697 ad

230 1728 289 1754 res
310 1729 429 1755 novas
458 1732 611 1758 omnem
633 1722 798 1759 Galliam
820 1723 1028 1761 excitabat.
1085 1726 1208 1773 Inque
1239 1724 1312 1761 hoc
1343 1737 1442 1773 opus
1473 1737 1570 1773 quos
1599 1723 1687 1760 mit-

230 1785 327 1818 teret
347 1781 447 1819 viros
467 1783 646 1833 elegerat,
668 1785 732 1835 qui
764 1786 821 1822 vel
851 1788 933 1824 noti
961 1787 998 1824 in
1019 1788 1173 1838 populis
1199 1788 1442 1838 acceptique,
1465 1788 1521 1824 vel
1545 1786 1685 1824 blanda

231 1844 402 1881 oratione
436 1852 550 1896 atque
584 1847 749 1897 ingeniO,
772 1849 829 1886 vel
860 1849 1080 1900 principum
1118 1851 1369 1889 familiaritate
1404 1852 1605 1901 pollentes,
1639 1864 1684 1889 ac

230 1907 351 1956 gratia
371 1907 499 1945 idonei
516 1910 582 1946 visi
603 1918 740 1957 erant;
769 1926 834 1950 eos
865 1927 954 1951 vero
984 1916 1049 1964 qui
1080 1915 1126 1953 ad
1150 1929 1235 1953 eum
1258 1916 1444 1953 seminudi
1464 1924 1501 1952 et
1524 1916 1684 1952 inermes

232 1977 350 2020 capto
379 1972 499 2021 opido
531 1974 805 2023 confugeraut3
854 1977 1025 2015 vestibus
1056 1986 1170 2028 atque
1208 1979 1321 2015 armis
1351 1978 1541 2023 instruxit,
1570 1979 1685 2027 inque

230 2033 389 2083 gradum
412 2035 554 2073 militioe
575 2037 777 2086 pristinum
810 2041 985 2079 restituit.
1044 2042 1103 2079 Ad
1141 2044 1223 2080 liaec
1258 2042 1416 2079 diversis
1449 2056 1495 2079 ex
1529 2042 1687 2079 urbibus

232 2097 446 2147 sagittarios
476 2105 514 2137 et
549 2103 670 2138 omnis
708 2104 856 2151 generis
891 2105 1080 2143 contraxit
1118 2106 1271 2150 auxilia,
1305 2106 1447 2155 quibus
1484 2113 1684 2154 acceptum

231 2161 385 2199 Avarici
400 2162 668 2202 detrimentum
687 2167 944 2217 suppleretur.
961 2170 1074 2219 [129]
1095 2171 1271 2207 Accessit
1289 2170 1320 2191 ²³⁸
1332 2170 1565 2207 Oluruconis
1584 2170 1687 2207 fitius

231 2224 528 2272 Theotomotus,
559 2229 863 2280 Nicltioborgum
897 2245 976 2277 rex,
999 2235 1111 2281 cujus
1141 2241 1286 2283 patrem
1319 2234 1513 2270 Romanus
1535 2240 1686 2270 senatus

232 2289 399 2327 amicum
420 2291 681 2340 appellaverat
699 2306 706 2330 :
740 2294 804 2332 sed
828 2301 869 2332 ut
889 2309 990 2345 saepe
1012 2295 1078 2333 filii
1099 2297 1291 2334 derelictis
1311 2303 1508 2346 pareutmn
1531 2296 1687 2340 semitis,

234 2364 353 2389 novas
388 2361 592 2402 quau-unu
637 2355 705 2392 istc
745 2365 877 2395 contra
911 2359 1105 2396 Romanos
1134 2361 1181 2397 ad
1216 2361 1563 2410 Vercingetorigem
1599 2374 1686 2397 cum

235 2415 356 2453 multo
388 2429 426 2453 se
457 2419 620 2455 contulit
657 2420 843 2467 equitatu.
903 2422 1034 2459 Caesar
1071 2423 1118 2460 ad
1159 2424 1366 2461 Avaricum
1402 2424 1688 2473 complusculos

235 2478 314 2516 dies
335 2480 410 2529 egit
426 2487 464 2517 ct
478 2480 655 2519 frumeuti
673 2483 773 2533 larga
794 2485 844 2521 ibi
867 2486 978 2534 copia
999 2495 1112 2536 atque
1129 2488 1297 2524 omnium
1320 2496 1604 2525 commeatuum
1631 2487 1687 2524 in-

281 2636 318 2662 μῖ
348 2634 458 2673 Forte,
482 2636 657 2675 prqsutum.
686 2641 898 2673 (Jtceat'oe—Sb'
925 2643 1104 2674 Olloririnis
1124 2644 1227 2684 filius,
1249 2644 1462 2674 'l'leculwmdus
1490 2643 1689 2682 ,x'r'lulwigum

233 2695 298 2716 nx.
328 2688 382 2718 Sic
409 2690 534 2720 (arsur.
