1850 3109
262 157 374 201 1700
687 167 724 197 J.
754 165 893 198 cELs1
929 164 1279 198 COMMENTARH

260 275 392 302 omnes
411 267 477 301 aut
496 261 689 307 cederent,
708 269 775 301 aut
794 263 981 313 perirent:
1013 263 1075 300 hic
1096 262 1133 299 in
1153 274 1323 312 praesens
1345 260 1557 298 Galliarum
1587 265 1706 298 status

259 333 352 371 erat,
373 332 410 364 et
429 327 677 376 imposterum
697 326 820 363 timeri
840 332 1005 375 poterat,
1038 338 1085 362 ne
1118 325 1242 363 Gallis
1274 323 1500 374 expugnatis
1527 323 1710 361 Germani

260 390 427 428 victores
448 391 484 427 in
507 389 721 440 provincias
741 389 876 438 populi
911 388 1073 424 Romani
1106 388 1326 425 transmisso
1361 386 1541 424 Rhodani
1561 386 1708 436 gurgite

259 460 512 504 penetrarent,
535 461 569 490 et
592 452 763 502 proxima
784 463 950 500 quaeque
972 456 1175 494 vastantes,
1197 450 1300 498 quod
1320 450 1448 488 multis
1468 456 1554 487 ante
1575 449 1712 486 seculis

260 516 445 562 fecerant,
466 517 503 552 in
527 516 673 552 Italiam
689 515 957 563 irrumperent.
1014 512 1161 549 Horum
1183 520 1310 549 tamen
1338 512 1506 549 omnium
1536 518 1710 549 motuum

260 580 388 618 nullus
422 579 593 628 periculo
623 577 831 627 proximior
860 577 1072 625 Romaeque
1102 575 1292 625 vulgatior
1311 588 1423 625 quam
1446 574 1712 612 Helvetiorum

261 649 471 694 apparatus
491 649 527 680 et
547 642 626 680 dies
646 642 694 679 ad
727 641 905 678 Rhodani
939 640 1142 678 transitum
1168 639 1327 689 publico
1354 637 1532 688 praefixus
1565 637 1710 675 edicto.

263 706 387 756 idque
406 706 552 744 Julium
574 706 765 744 Caesarem
782 712 823 742 ut
842 705 890 742 ad
912 718 990 742 rem
1011 704 1163 742 redeam
1180 704 1341 741 celerare
1360 702 1543 751 compulit
1560 715 1569 745 ;
1598 713 1714 751 repu-

260 776 406 808 tantem
427 770 562 820 quanti
582 769 812 806 discriminis
839 775 938 806 esset
971 769 1324 818 quantulacumque
1358 766 1566 807 cunctatio,
1597 771 1714 814 atque

261 833 301 870 id
323 834 523 884 praecipue
556 834 789 871 recolentem
824 832 986 882 qualiter
1018 845 1108 881 gens
1138 832 1271 868 cadem
1293 829 1486 880 quondam
1511 829 1553 865 L.
1576 827 1712 866 Cassio

262 897 421 934 consule
441 898 682 940 obtruncato,
718 897 932 934 Romanum
961 895 1121 932 fudisset
1140 894 1360 936 exercitum,
1382 893 1620 941 misissetque
1640 892 1712 929 sub

257 959 411 1008 jugum.
470 960 681 1009 Eapropter
700 959 876 996 omnibus
897 959 1150 1008 impigerrime
1177 957 1407 1007 comparatis
1439 956 1634 1005 profectus
1663 955 1713 992 ab

265 1023 358 1060 urbe
378 1029 494 1072 atque
529 1022 566 1059 in
597 1022 763 1060 Galliam
790 1023 1006 1059 ulteriorem
1028 1022 1120 1059 mira
1141 1021 1342 1058 velocitate
1363 1026 1614 1069 transgressus
1635 1020 1717 1056 Ge-

261 1086 428 1124 bennam
449 1086 495 1123 ad
513 1086 675 1135 periculi
694 1086 823 1123 locum
843 1085 958 1128 venit,
979 1085 1187 1134 statimque
1205 1083 1408 1133 provinciae
1427 1089 1573 1131 quanto
1595 1083 1715 1120 maxi-

262 1162 368 1186 mum
389 1149 470 1199 pati
490 1155 623 1199 posset
655 1149 819 1186 militum
851 1161 1049 1186 numerum
1083 1147 1297 1198 imperavit.
1355 1147 1519 1195 Cognito
1552 1147 1715 1185 Caesaris

263 1212 432 1250 adventu
454 1213 715 1250 Helvetiorum
736 1212 875 1261 legatio
893 1225 938 1248 ex
960 1212 1191 1261 primoribus
1213 1210 1333 1260 gentis
1364 1210 1469 1247 illico
1502 1223 1589 1247 eum
1620 1210 1713 1256 adit,

263 1282 374 1313 orant
395 1276 464 1312 iter
484 1289 552 1325 per
583 1275 818 1324 provinciam
848 1275 1073 1318 Romanam,
1095 1275 1242 1323 iterque
1272 1274 1344 1311 sibi
1364 1274 1510 1310 nullum
1541 1272 1571 1296 ⁵⁷
1586 1273 1718 1311 adesse

264 1344 469 1382 testantur,
504 1351 622 1388 seque
642 1338 721 1374 sine
752 1338 983 1387 cujusquam
1017 1337 1173 1382 damno,
1209 1337 1289 1374 sine
1326 1336 1462 1385 injuria
1495 1337 1718 1374 transituros

267 1401 474 1450 spondent.
548 1402 675 1438 Caesar
711 1401 783 1437 etsi
820 1400 918 1437 male
957 1400 1098 1437 meritis
1130 1401 1280 1450 placere
1311 1400 1433 1437 nollet
1462 1406 1500 1437 et
1538 1400 1717 1450 pollicitis

265 1464 409 1501 nullam
430 1463 547 1500 fidem
570 1464 741 1508 haberet,
763 1470 876 1513 atque
896 1462 982 1500 ideo
996 1463 1080 1512 jain
1101 1463 1273 1513 responsi
1293 1470 1418 1501 certus
1437 1471 1551 1509 esset,
1583 1477 1630 1501 ne
1665 1472 1719 1502 ta·

265 1540 352 1564 meu
374 1526 581 1564 exercitum
603 1526 733 1563 itinere
761 1526 958 1576 fatigatum
994 1540 1110 1576 seque
1140 1527 1307 1564 ⁵³tamen
1341 1527 1503 1564 maxime
1535 1540 1718 1577 conquae-

266 1591 390 1629 tendis
411 1591 595 1628 militibus
628 1596 858 1640 occupatum
892 1591 1092 1640 repentina
1125 1591 1291 1628 hostium
1325 1592 1497 1628 turbaret
1527 1591 1716 1636 incursio;

266 1654 505 1692 deliberandi
544 1655 711 1704 spatium
751 1654 946 1704 poposcit.
1005 1655 1122 1692 Jussis
1157 1653 1291 1703 legatis
1324 1654 1457 1692 Idibus
1492 1655 1633 1705 Aprilis
1666 1655 1715 1693 ad

267 1731 306 1755 se
328 1718 462 1763 redire,
484 1718 611 1755 medio
632 1725 802 1767 tempore
823 1730 979 1754 suorum
1001 1718 1142 1767 pariter
1160 1724 1198 1754 et
1219 1717 1429 1755 incolarum
1451 1718 1570 1756 fretus
1600 1732 1717 1769 opera

265 1782 314 1819 ab
333 1783 416 1831 ipso
436 1783 522 1819 lacu
544 1782 593 1819 ad
614 1789 780 1819 montem
799 1782 948 1826 Juram,
981 1795 1094 1831 quem
1129 1781 1376 1831 praediximus
1409 1782 1543 1819 decem
1574 1782 1717 1821 ⁵⁹milia

265 1857 447 1893 passuum
471 1859 635 1890 murum,
663 1845 874 1883 altitudinis
906 1844 1050 1894 pedum
1084 1844 1246 1881 sedecim
1278 1843 1496 1894 fossamque
1529 1844 1716 1895 perfecit:

266 1910 451 1958 praesidiis
482 1916 713 1946 armatorum
745 1917 935 1959 oportune
967 1909 1187 1958 dispositis;
1219 1909 1464 1958 castellisque
1492 1915 1529 1946 et
1548 1923 1718 1960 propug—

266 1973 419 2009 naculis
440 1973 652 2022 impositis:
682 1973 768 2022 [⁴22]
797 1986 895 2022 opus
914 1973 1066 2017 mirum,
1100 1973 1161 2009 vix
1188 1973 1386 2017 credibile,
1419 1973 1486 2010 uisi
1519 1987 1539 2009 a
1571 1974 1719 2011 Caesare

266 2035 413 2072 sactum
435 2049 516 2073 esse
535 2043 572 2073 et
593 2049 615 2072 a
635 2036 745 2073 claris
772 2037 995 2073 auctoribus
1018 2037 1215 2085 scriptum,
1250 2036 1551 2085 mandatumque
1579 2049 1720 2074 memo·

266 2099 332 2136 riae
354 2100 417 2150 qui
437 2100 527 2149 ipsis
563 2100 676 2137 rebus
711 2099 916 2137 interfuere
945 2104 962 2121 ἤ
978 2114 1152 2150 magnum
1183 2098 1357 2137 ⁶0tan1en
1378 2099 1621 2137 nihilomiuus
1640 2100 1718 2137 ani-

268 2175 396 2206 mosae,
417 2163 482 2199 sed
504 2163 665 2201 incautae
685 2164 1039 2214 gentisjudicium:
1070 2162 1100 2187 ⁶¹
1114 2163 1274 2214 provide
1304 2164 1437 2212 legatis
1468 2162 1718 2211 redeuntibus

269 2225 316 2263 ad
339 2225 537 2276 praefixum
559 2227 671 2271 diem,
692 2234 804 2277 negat
822 2227 965 2277 aliquid
988 2227 1036 2264 de
1059 2227 1101 2264 iis
1131 2240 1218 2277 quae
1251 2233 1424 2276 peterent
1456 2240 1494 2263 se
1527 2226 1718 2263 facturum

271 2289 424 2326 Caesar:
456 2303 581 2340 neque
601 2291 671 2328 sibi
694 2292 868 2328 Romano
889 2305 993 2328 more
1022 2291 1167 2328 licitum
1197 2290 1290 2327 dicit
1309 2303 1377 2339 per
1395 2289 1604 2326 amicorum
1625 2287 1720 2327 fines

270 2352 421 2388 armatis
438 2353 664 2390 exercitibus
683 2354 780 2390 viam
803 2355 905 2390 dare.
963 2353 1019 2390 Illi
1050 2353 1296 2403 responsione
1329 2352 1458 2389 habita
1491 2365 1530 2389 se
1563 2352 1718 2391 delusos

272 2413 338 2450 ubi
357 2414 625 2451 intellexerunt
647 2416 767 2452 moesti
787 2423 825 2452 et
847 2416 930 2452 irati
949 2429 1016 2465 per
1038 2416 1131 2452 vada
1153 2415 1317 2452 fluminis
1331 2416 1402 2452 alia
1418 2423 1535 2465 atque
1551 2416 1637 2460 alia,
1651 2416 1716 2453 ubi

271 2475 510 2525 profunditas
530 2477 651 2513 minor
663 2485 770 2521 esset,
789 2491 887 2514 nunc
905 2477 1071 2527 pedibus
1090 2491 1190 2515 nunc
1207 2479 1352 2527 junctis
1373 2479 1540 2528 navigiis,
1560 2486 1597 2517 et
1617 2493 1716 2529 saepe

272 2551 339 2588 per
357 2540 532 2576 tenebras
553 2539 699 2576 aditum
721 2547 984 2578 tentaverunt:
1015 2539 1117 2578 ⁶²l1is
1138 2548 1299 2578 conatus
1320 2548 1445 2579 tamen
1468 2542 1606 2580 frustra
1632 2542 1717 2588 suit,

317 2636 356 2663 57
382 2634 495 2673 Forte,
509 2634 594 2665 aliud
605 2639 766 2666 essa—58
786 2635 897 2675 Forte,
915 2639 979 2666 tum
994 2636 1222 2666 „mima—59
1247 2637 1348 2676 Lege,
1363 2636 1577 2668 milium—60
1599 2637 1655 2670 Sic
1671 2636 1719 2668 in-

273 2687 337 2728 fra,
358 2687 768 2720 t‹1mcnnihilominus.-ol
796 2689 910 2730 Forte,
935 2689 1163 2729 proinde-*62
1188 2689 1301 2730 Forte,
1315 2689 1375 2721 hic.
