1893 3109
444 192 538 224 mn.
570 190 622 221 11.
655 185 762 220 cAP.
793 179 835 220 6.
871 188 932 219 nn
966 188 1122 218 annno
1155 188 1326 219 civim.

158 288 232 320 11ωο
258 286 362 318 verba
386 295 461 317 cnm
486 294 539 324 eo,
561 283 651 325 quod
676 282 861 323 antecedit,

159 345 220 372 aut
245 338 406 380 sequitur,
434 346 499 367 non
528 340 620 367 recte
652 336 860 374 cohaeroant,

160 388 350 430 parenthesi
383 391 460 417 sunt
493 385 706 416 includenda.
744 385 860 415 Duris.

159 441 201 472 B.
219 440 261 471 G.
278 448 302 470 1.
320 441 350 469 3.
375 438 384 455 ‘
402 438 448 468 Ut
470 437 502 467 iu
530 437 654 467 itinere
671 436 771 476 eopia
794 434 861 466 fru-

159 489 263 520 menti
279 486 500 528 subpeteret!

201 543 222 570 8
240 539 283 569 Ut
295 541 359 568 ext.
377 541 511 577 tempore
526 548 552 569 c.
568 536 780 576 subvenirent]
797 536 862 567 Vo-

157 589 235 621 cula
248 592 282 619 nt
302 597 368 618 non
387 592 562 627 comparet
579 587 611 617 in
630 587 752 618 Petav.
766 585 861 617 Leid.

154 648 212 680 pr.
239 639 352 669 Palat.
382 638 479 669 Voss.
510 637 655 668 Dorvill.
710 637 754 667 Et
781 645 861 667 sane

156 689 346 729 elegantius
366 687 498 718 videtur
513 687 641 718 abesse.
672 686 760 717 Vide
778 696 862 728 pra:-

160 743 214 770 ter
236 738 314 778 alia,
337 747 413 779 quae
437 737 552 768 notavi
578 737 620 768 ad
645 737 685 769 B.
711 737 755 768 G.
780 745 861 769 vm.

157 791 213 821 20.

203 851 239 880 11
269 847 383 879 [nt-isis
407 848 602 879 latitantibus
618 852 711 889 atque
726 848 864 888 incogni-

156 897 216 938 tis]
239 898 355 930 Verba
368 899 448 929 milii
463 904 647 940 suspecta3
677 904 713 930 et
730 908 863 938 vereor,

158 949 285 991 nequid
307 959 326 980 a
352 949 492 980 librario
514 949 700 990 irrepserit.
729 949 864 980 Vossius.

159 1000 269 1031 Editt.
282 1001 377 1031 Vctt.
396 1001 502 1031 int-isis
517 1001 766 1041 latitantibusque
775 1005 865 1042 atque

155 1051 325 1089 'incognitis
339 1051 451 1087 rebus,·
479 1052 546 1082 Ms.
564 1052 700 1083 Norvic.
718 1053 864 1084 latitatis.

157 1099 293 1140 Ineptit
308 1101 409 1132 Joan.
427 1100 532 1131 Mich.
552 1102 688 1140 Brutus,
702 1102 773 1142 qui,
791 1103 865 1134 loco

159 1148 276 1190 primae
294 1150 400 1190 vocis,
418 1159 460 1181 ex
478 1150 602 1182 Codice
619 1152 751 1183 Carrar.
769 1162 865 1193 repo-

157 1200 209 1231 nit
225 1200 380 1239 immissis,
395 1201 485 1242 quod
501 1201 749 1242 interpretatur
767 1204 865 1234 inrito

156 1251 248 1291 ati1ue
272 1251 388 1282 nolenti
413 1253 495 1282 ultro
520 1252 629 1283 oblatis
657 1257 687 1284 et
713 1253 866 1285 obtrusis:

159 1309 258 1332 nemo
282 1301 370 1332 enim
393 1311 460 1332 nou
476 1302 570 1334 videt
592 1302 678 1334 hanc
699 1303 865 1344 significa-

159 1352 288 1383 tionem
315 1361 436 1392 parum
466 1352 530 1383 huc
560 1354 760 1391 convenire;
794 1355 866 1385 vui-

163 1406 245 1441 gata
272 1406 384 1433 autem
411 1403 514 1433 lectio
543 1403 671 1443 optime
697 1404 864 1444 congruit.

160 1453 275 1484 Inrisoe
296 1463 346 1484 res
369 1458 445 1485 sunt
467 1458 569 1486 antea
594 1464 660 1486 non
680 1455 782 1493 visae;
827 1460 865 1486 ut

160 1503 249 1544 apud
265 1504 401 1534 Florum
419 1514 467 1536 ιν.
488 1508 537 1536 12.
549 1508 602 1536 27.
626 1507 635 1522 ‘
649 1506 802 1537 Invisum
817 1510 866 1537 at-

159 1562 225 1595 que
241 1554 450 1586 inaccessum
471 1555 505 1586 in
528 1555 561 1586 id
579 1560 713 1596 tempus
738 1555 866 1596 Hercy-

157 1603 251 1635 nium
262 1604 383 1636 saltum
396 1604 584 1646 patefecit!
603 1606 715 1637 Etiam
727 1606 866 1637 Vossius

159 1658 320 1694 suspecta
334 1655 453 1686 habuit
469 1655 587 1694 verba,
609 1660 645 1687 et
660 1656 789 1687 veritus
802 1661 866 1695 est,

159 1712 204 1734 ne
227 1703 310 1744 quid
333 1713 352 1734 a
375 1703 529 1735 Librario
552 1705 747 1746 irrepserit:
777 1706 866 1746 quod

159 1752 286 1792 miror-3
315 1762 403 1794 cum,
414 1754 560 1794 optimos
573 1755 757 1795 scriptores
769 1756 867 1796 plura

160 1802 232 1834 fere
271 1803 428 1841 συνώνυμα
466 1805 694 1845 conjunxisse,
738 1806 864 1837 nemini

160 1854 280 1885 lateat.
319 1853 440 1885 Cicero
463 1853 551 1885 offic.
574 1863 630 1885 111.
654 1857 705 1885 13.
731 1854 740 1870 ‘
760 1854 865 1886 Certe

158 1904 315 1945 (hominis
325 1903 393 1943 est)
405 1914 471 1936 non
482 1904 603 1945 aperti,
615 1914 678 1935 non
689 1904 864 1945 simplicis,

159 1962 227 1985 non
244 1953 393 1995 ingenui,
417 1957 481 1986 ἃς.
508 1955 638 1986 versuti
662 1955 787 1995 potius,
809 1955 865 1986 ob-

159 2004 262 2045 scuri,
279 2004 394 2042 astuti,
406 2003 545 2045 fallacis,
556 2005 728 2044 malitiosi,
739 2005 865 2045 callidi,

158 2054 376 2093 veteratoris,
407 2054 515 2086 vafri.'
559 2055 729 2086 Minucius
767 2055 863 2086 Felix

160 2103 288 2136 Octav.
307 2115 342 2146 p.
362 2108 416 2137 22.
455 2106 465 2123 ‘
484 2106 596 2146 Magis
620 2110 698 2137 sunt
722 2110 865 2147 angusta

158 2154 316 2196 (templa)
332 2155 522 2187 numinibus
543 2156 674 2195 incolis,
690 2157 866 2197 praesenti-

160 2204 235 2245 bus,
261 2204 454 2246 inquilinis.'
486 2205 576 2236 Vide
599 2210 634 2236 et
658 2206 701 2237 G.
723 2206 756 2238 J.
782 2207 866 2236 Vos-

161 2253 246 2285 sium
261 2253 348 2284 Inst.
363 2254 461 2286 Orat.
478 2263 512 2285 v.
531 2257 582 2285 ll.
600 2257 630 2285 4.
669 2254 780 2285 Dat-is.
805 2256 865 2295 Sy-

159 2303 319 2344 n‘onymia
350 2303 508 2345 frequens
532 2305 725 2345 prtesertim
748 2310 864 2336 nostro

156 2358 226 2394 est,
249 2359 288 2386 ut
305 2354 482 2396 aliquoties
499 2356 572 2396 jam
589 2355 791 2387 monendum
807 2357 864 2387 ha-

159 2400 304 2436 buimus.
327 2405 414 2436 Vide
431 2405 474 2436 ad
487 2406 528 2436 Β.
547 2405 636 2437 Gall.
650 2415 690 2436 11.
705 2408 758 2437 20.
783 2407 864 2437 For-

158 2460 222 2485 'sa'n
250 2458 363 2486 tamen
392 2455 446 2486 hic
476 2455 672 2486 latitantibus
696 2465 715 2487 e
742 2456 865 2487 Glossa

161 2503 254 2534 vocis
268 2503 378 2534 invisis
393 2504 587 2545 inrepserit,
604 2506 657 2536 vel
677 2505 766 2536 aliud
785 2507 862 2547 quid

161 2552 282 2585 lateat.
319 2553 408 2585 Nam
433 2555 466 2585 in
488 2555 609 2586 Petav.
633 2556 730 2587 Leid.
748 2566 800 2597 pr.
828 2561 865 2588 et

164 2604 289 2635 Lovan.
303 2605 403 2636 etiam
421 2606 557 2637 latitatis
572 2607 644 2637 sine
657 2617 766 2639 sensu.

168 2673 172 2678 ·
200 2656 245 2684 15
275 2654 467 2695 Tauro‘e’nta]
487 2655 733 2695 Accusativus;
751 2667 770 2688 a
783 2658 864 2689 Ταιι-

164 2698 404 2743 νοΐέ,Ταυρόεις.
442 2705 614 2743 Editores,
634 2707 669 2738 iu
690 2707 866 2738 Indicibus

163 2751 245 2793 suis,
264 2751 380 2792 inepte
397 2754 570 2786 Τοιινοέηία
592 2756 626 2787 in
647 2757 865 2789 Nominativo

250 2804 364 2846 Delph.
376 2808 408 2837 et
427 2806 501 2838 Var.
520 2808 602 2840 Clas.

834 2811 942 2841 (ῥαθαπ-

1496 179 1610 222 1409

910 288 1084 324 usurpant.
1123 283 1231 314 Clark.
1270 281 1446 314 videndus
1469 283 1523 315 hic
1546 294 1614 316 om·

909 333 986 364 nino
1003 333 1180 364 Cellarius.

953 393 986 415 v.
1017 387 1056 414 10
1097 386 1268 424 Omnesque
1300 385 1469 424 superioris
1495 387 1616 427 aetum]

911 434 1033 466 AEtatis
1051 435 1285 475 provectioris,
1298 435 1466 466 Seniores.
1500 435 1617 467 Raris·

910 486 992 516 sima
1016 490 1069 516 est
1097 486 1242 524 locutio;
1279 490 1390 517 tamen
1417 486 1519 517 simili
1541 486 1616 519 fere

911 535 1010 566 modo
1033 535 1198 576 Apuleius
1223 537 1366 571 Metam.
1393 537 1416 568 l.
1435 546 1458 568 1.
1487 547 1563 578 pag.
1582 541 1616 570 9.

911 585 965 616 ed.
991 586 1156 617 Pricaean.
1183 586 1192 602 ‘
1213 586 1346 625 Video‚’
1370 588 1490 629 inquit,
1519 592 1529 607 ‘
1545 599 1617 621 mu-

911 635 1009 667 lieres
1041 636 1122 666 duas
1156 637 1278 667 altior-is
1310 638 1448 669 aetatis.’
1486 639 1615 670 Eodem
1646 654 1654 663 .

913 695 1013 716 sensu
1036 687 1181 723 majorem
1203 689 1328 717 atatem
1348 687 1435 718 dixit
1455 688 1617 719 Tertulli·

913 745 996 766 anus
1021 736 1052 766 in
1071 736 1216 776 Apolog.
1230 745 1260 767 c.
1277 740 1307 766 9.
1338 737 1448 768 Dacis.
1480 738 1616 778 Lipsius

914 787 1088 818 adleverat
1107 786 1182 817 libri
1199 787 1341 826 margini
1353 787 1487 819 serioris.

913 858 917 861 -
958 840 996 867 14
1016 837 1079 872 Qui
1090 847 1148 868 non
1162 837 1195 867 in
1207 838 1270 876 ejus
1281 839 1344 868 diei
1359 838 1446 878 casu]
1465 838 1540 870 Hoc
1554 844 1618 880 est,

915 892 1052 927 eventu,
1065 887 1202 918 fortuna
1214 899 1222 925 ;
1236 892 1271 919 et
1284 889 1448 929 explicat,
1461 899 1537 920 cum
1551 890 1616 921 ait:

915 940 924 954 ⁴
943 938 1063 979 quibus
1076 939 1159 969 urbe
1176 943 1278 979 capta
1300 939 1419 970 eadem
1435 944 1524 970 esset
1538 939 1620 971 belli

915 987 1053 1019 fortuna
1070 989 1255 1029 patienda.'
1285 990 1340 1020 Sic
1358 990 1444 1020 infra
1453 989 1620 1028 fortunam

916 1039 1003 1070 dixit
1019 1049 1082 1079 pro
1097 1050 1178 1070 casu.
1203 1041 1212 1056 ‘
1226 1040 1345 1071 Nostri
1360 1041 1537 1080 repentina
1552 1039 1620 1071 for·

916 1093 997 1120 tuna
1028 1091 1188 1129 permoti,
1227 1100 1330 1129 arma,
1364 1101 1438 1131 quae
1467 1095 1620 1131 possunt,

915 1139 1107 1178 arripiunt.'
1147 1139 1246 1170 Unde
1273 1140 1375 1170 miror
1399 1141 1620 1171 Ciacconium

916 1193 1029 1219 tamen
1056 1189 1237 1221 emendare
1262 1189 1324 1221 hoc
1346 1190 1423 1221 loco
1448 1195 1623 1231 conatum,

915 1240 947 1269 in
975 1239 1041 1277 ejus
1065 1239 1128 1269 diei
1155 1243 1274 1271 eventu.
1312 1240 1448 1271 Vossius.
1486 1241 1527 1271 B.
1547 1240 1621 1272 Civ.

917 1301 958 1322 11.
978 1294 1027 1322 14.
1059 1292 1067 1307 ‘
1083 1291 1225 1331 proximi
1241 1291 1311 1322 diei
1329 1291 1432 1322 casu.'

960 1346 999 1374 19
1024 1342 1060 1373 Se·
1075 1343 1314 1383 superavissent]
1339 1343 1430 1383 Lege
1452 1343 1502 1374 sin
1515 1352 1621 1384 super-

916 1393 1059 1425 avissent.
1089 1394 1144 1424 Sic
1165 1393 1253 1423 enim
1277 1393 1368 1433 loqui
1394 1394 1480 1424 solet
1495 1393 1621 1433 Caesar,

917 1444 1043 1484 aliique
1060 1443 1242 1483 scrIptores
1257 1442 1386 1482 optimi.
1411 1443 1524 1473 Datis.
1548 1452 1621 1473 cur.

916 1504 982 1525 sec.
1020 1493 1124 1533 Apud
1151 1498 1304 1524 nostrum
1334 1499 1447 1523 tamen
1476 1492 1508 1522 in
1534 1492 1619 1523 Mss-

916 1544 1053 1584 optimis
1070 1549 1214 1584 utroque
1237 1544 1310 1574 loco
1334 1543 1458 1583 passim
1480 1542 1508 1572 si
1525 1551 1622 1582 repe·

916 1595 1012 1635 titur,
1028 1595 1198 1625 rarissime
1213 1594 1272 1625 sin.
1303 1593 1392 1623 Vide
1409 1602 1511 1633 quum
1527 1592 1621 1632 alibi,

916 1650 988 1676 tum
1004 1646 1036 1676 iu
1053 1645 1154 1675 variis
1167 1643 1373 1675 lectionibus
1389 1642 1431 1673 ad
1450 1643 1487 1673 B.
1504 1642 1622 1673 G.vn.

917 1698 982 1726 32:
1019 1699 1054 1726 et
1080 1696 1128 1726 ita
1155 1694 1223 1725 alii.
1249 1694 1318 1725 Adi
1343 1694 1436 1725 Cort.
1463 1693 1506 1723 ad
1530 1692 1621 1723 Plin.

917 1745 981 1785 Ep.
1006 1754 1031 1775 1.
1060 1747 1090 1775 3.
1117 1755 1150 1785 p.
1180 1748 1231 1775 ll.
1269 1742 1449 1774 Drakenb.
1477 1742 1519 1772 ad
1543 1741 1620 1772 Liv.

915 1803 966 1825 1v.
984 1798 1013 1826 5.
1041 1796 1058 1835 ς
1081 1797 1111 1826 6.
1158 1793 1307 1825 Bentlei.
1336 1793 1378 1824 ad
1406 1793 1528 1824 Horat.
1552 1793 1619 1833 Ep.

916 1853 939 1875 1.
958 1848 988 1876 1.
1006 1848 1036 1876 5.

959 1903 1008 1925 vr.
1050 1897 1069 1925 7
1105 1895 1258 1926 Deductis
1285 1895 1450 1935 paullatim
1476 1893 1621 1934 nat-ibus]

914 1945 972 1977 Sic
988 1946 1090 1986 vulgo
1113 1946 1167 1977 hic
1188 1946 1282 1977 locus
1299 1945 1435 1985 legitur,
1458 1945 1551 1976 nullo
1567 1944 1622 1975 vel

914 1996 1032 2035 inepto
1049 2005 1161 2026 sensu.
1188 1996 1314 2027 Brutus
1329 1996 1418 2026 enim
1435 1999 1506 2025 tum
1517 2004 1620 2025 naves

917 2045 1025 2076 adhuc
1054 2045 1218 2077 subdioems
1247 2056 1314 2077 non
1344 2045 1505 2084 habebat,
1535 2055 1620 2087 quas

916 2096 1092 2135 paullatim
1105 2098 1266 2127 deduceret
1279 2097 1311 2126 in
1326 2106 1427 2127 mare.
1451 2097 1538 2128 Nam
1546 2095 1620 2136 jam

915 2149 1106 2179 commissum
1131 2147 1235 2179 fuisse
1259 2149 1307 2180 ait
1329 2153 1447 2179 auctor
1468 2149 1620 2189 proelittm.

916 2201 1089 2242 Rescripsi
1103 2201 1210 2241 igitur
1225 2200 1292 2232 fide
1311 2201 1479 2232 Mstorum
1496 2201 1620 2232 Petav.

915 2251 1042 2282 Lovan.
1060 2251 1153 2282 Leid.
1178 2261 1230 2291 pr.
1245 2252 1451 2291 aliorumque
1478 2255 1514 2281 et
1530 2250 1621 2281 Edd.

914 2301 1093 2339 Veterum,
1117 2301 1199 2332 item
1226 2302 1343 2342 steph.
1369 2301 1500 2341 Gryph.
1526 2300 1621 2340 Aldi,

915 2350 1029 2382 Plant.
1051 2351 1255 2391 diductisque,
1280 2351 1314 2382 id
1342 2357 1407 2391 est,
1430 2351 1620 2391 explicatiS,

915 2401 1069 2432 diversis.
1109 2402 1175 2433 Adi
1201 2402 1242 2433 ad
1267 2402 1418 2433 Frontin.
1441 2411 1481 2433 11.
1499 2405 1530 2432 5.
1554 2402 1620 2442 §8.

914 2452 923 2467 ‘
942 2452 1103 2483 Diductis
1119 2452 1154 2482 in
1170 2452 1279 2483 latera
1293 2451 1444 2482 viribus.'
1470 2451 1564 2483 Cort.
1576 2450 1620 2481 ad

914 2502 1052 2533 Sallust.
1078 2503 1158 2542 Jug.
1180 2512 1209 2532 e.
1228 2505 1280 2533 25.
1316 2503 1325 2518 ‘
1343 2502 1496 2533 Diducta
1521 2510 1620 2531 manu

914 2553 1082 2584 hostium?
1108 2561 1164 2584 111.
1181 2555 1233 2584 40.
1257 2554 1266 2570 ‘
1284 2553 1332 2584 Ut
1348 2553 1621 2583 adversariorum

914 2613 1032 2634 manus
1061 2603 1261 2635 diduceret.’
1298 2614 1328 2635 c.
1357 2606 1389 2634 3.
1425 2604 1433 2619 ‘
1459 2601 1620 2634 Diductis

915 2654 1045 2695 copiis.'

960 2707 1000 2735 14
1012 2705 1134 2744 Magna
1146 2705 1193 2735 tis
1207 2705 1325 2735 eminus
1340 2703 1430 2734 missa
1446 2703 1621 2733 telorum—

916 2753 1103 2793 inserebant]
1152 2754 1229 2786 Hac
1269 2752 1440 2784 rocutione
1472 2750 1619 2783 offensus

1455 2807 1475 2836 4
1501 2805 1529 2837 U
