1850 3109
262 159 376 202 1⁷62
691 170 727 202 J.
758 170 897 202 cnm
932 170 1282 200 commearunt

266 267 570 321 quamplurimos
591 276 705 321 atque
725 271 951 308 exarmavit:
984 271 1105 307 mullo
1125 271 1253 318 plures
1273 269 1471 307 occisurus
1494 268 1562 307 uisi
1585 269 1716 319 prosn-

264 346 335 385 gos
355 333 501 383 insequi
521 334 625 370 silvis
644 333 692 371 de
713 347 818 371 more
839 341 1018 370 terrarum
1041 348 1083 369 ate
1106 333 1311 383 paludibus
1331 341 1534 371 vetaretur.
1577 334 1719 383 Coepto

265 396 396 447 itaque
419 410 642 446 progressus
661 397 794 433 itinere
814 395 950 433 eodem
972 396 1034 433 die
1055 397 1167 433 saliis
1200 397 1277 434 suis
1297 397 1473 435 omnibus
1492 397 1540 434 ad
1563 397 1720 436 Cicero-

266 459 327 499 nis
355 461 513 498 hiberna
542 459 727 509 pervenit.
784 458 929 496 Turres
963 473 1057 509 quas
1091 460 1126 496 in
1162 460 1326 498 circuitu
1359 469 1569 507 erexerant,
1603 469 1719 512 atque

266 536 386 576 opera
409 523 575 561 bostium
612 523 784 567 miratus,
820 522 1092 573 inveniensque
1113 539 1133 560 e
1155 524 1338 562 militibus
1359 525 1517 575 legionis
1539 525 1637 562 illius
1657 524 1721 562 vix

267 586 465 626 decimum
488 598 681 635 quemque
701 586 780 624 sine
800 585 975 624 vnlnere:
1007 593 1152 637 quanta
1171 587 1224 625 ibi
1246 601 1333 625 cuin
1356 589 1494 625 virtute
1530 602 1588 626 res
1616 595 1725 637 gesta

267 657 368 690 esset
387 650 544 700 agnovit
562 656 599 687 et
620 649 845 687 Ciceronem
876 657 913 687 et
946 650 1132 700 legionem
1166 664 1256 700 ergo
1276 650 1402 701 dignis
1424 651 1603 689 laudibus
1623 651 1726 690 cele·

271 713 400 760 branis,
419 713 534 765 [100]
555 713 798 752 centuriones
819 714 1040 752 nominatim
1062 721 1101 752 et
1132 715 1303 753 tribunos
1325 715 1502 761 militum,
1524 722 1566 753 ut
1595 715 1727 764 cujus-

271 789 350 829 que
369 778 489 816 virtus
509 785 625 828 atque
659 777 834 828 operatio
868 777 1123 816 merebamur.
1179 778 1413 817 ⁴²³Postren10
1441 779 1503 817 die
1536 779 1725 817 concione

271 841 474 887 advocata,
508 842 752 879 confirmavit
783 853 938 878 suorum
973 840 1133 886 animos,
1165 841 1388 891 solaturque
1422 855 1537 892 super
1569 843 1726 890 damno,

270 905 409 944 fraude
442 906 574 951 nostis,
609 914 646 944 et
681 906 793 954 legati
829 907 1042 943 temeritate
1079 912 1282 955 suscepta:
1315 906 1522 943 ostendens
1554 905 1726 945 coelitum

271 969 403 1008 favore
423 976 461 1007 et
482 971 621 1007 virtute
644 969 817 1014 militum,
835 969 932 1006 illius
955 968 1060 1005 malis
1080 968 1224 1006 artibus
1246 969 1418 1019 quaesitae
1432 969 1604 1007 vietoriae
1624 967 1726 1008 haud

272 1033 488 1084 longaevam
523 1033 638 1071 fuisse
672 1032 862 1070 laetitiam:
894 1045 1135 1082 consequens
1155 1046 1248 1078 esse,
1272 1039 1312 1071 ut
1345 1045 1415 1070 nec
1435 1034 1487 1071 eis
1508 1033 1730 1074 diuturnior

274 1096 388 1136 dolor
407 1097 469 1135 sit.
527 1097 656 1146 liujus
675 1097 776 1135 fama
795 1096 962 1134 victoriae
989 1097 1035 1134 ad
1062 1096 1273 1134 Labienum
1295 1103 1402 1134 tanta
1423 1097 1626 1136 velocitate
1646 1109 1731 1149 per-

273 1161 352 1200 tata
370 1169 441 1207 est,
462 1162 566 1211 quod
598 1175 685 1199 cum
719 1162 810 1198 liora
840 1160 915 1198 diei
951 1174 1049 1198 nona
1081 1168 1293 1210 pugnatum
1327 1167 1439 1204 esset,
1461 1168 1545 1198 ante
1565 1160 1730 1200 mediam

273 1233 430 1264 noctem
452 1226 587 1264 Rhemi
608 1226 656 1263 ad
679 1233 889 1263 castrorum
908 1233 1038 1275 portas
1054 1238 1141 1276 quae
1160 1226 1354 1275 sexaginta
1374 1238 1554 1275 passuum
1576 1224 1730 1262 milibus

276 1290 450 1334 aberant,
478 1290 690 1339 jubilantes
730 1289 864 1327 vicisse
896 1290 1087 1327 Caesarein
1125 1289 1358 1326 nuntiarent.
1426 1289 1515 1332 Qua
1546 1302 1585 1326 re
1618 1288 1730 1327 latius

274 1354 442 1404 vulgata,
465 1354 771 1398 Induciomarus,
792 1351 959 1391 ”omnia
975 1360 1098 1391 castra
1122 1353 1280 1391 Labieni
1301 1353 1337 1391 in
1360 1353 1567 1390 crastinum
1589 1352 1730 1392 adoriri

276 1418 517 1469 propositum
540 1425 634 1463 erat,
656 1431 743 1455 cum
766 1417 942 1455 omuibus
965 1418 1041 1455 suis
1062 1424 1179 1455 noctu
1200 1417 1307 1462 abiit,
1336 1416 1605 1467 Trevirimque
1625 1429 1735 1467 repe-

275 1482 348 1521 tiit.
380 1484 510 1522 Caesar
529 1483 566 1520 in
589 1483 747 1520 hiberna
767 1482 970 1526 concessit,
992 1483 1135 1520 nullum
1158 1481 1194 1520 in
1216 1481 1269 1519 eis
1291 1480 1457 1518 otiosum
1478 1479 1576 1518 diem
1598 1492 1731 1530 agens,

277 1547 373 1598 quin
394 1547 567 1596 quotidie
586 1547 731 1596 legatos
753 1552 791 1584 et
819 1545 1078 1595 exploratores
1116 1545 1286 1596 undique
1304 1544 1524 1590 destinaret,
1546 1557 1615 1594 per
1632 1556 1732 1595 quos

216 1650 220 1654 ,
275 1616 415 1649 statum
437 1624 480 1648 ac
501 1611 741 1661 propositum
762 1610 958 1648 civitatum
980 1616 1175 1648 nosceret:
1197 1607 1292 1646 tanti
1313 1614 1351 1646 et
1371 1615 1448 1646 tani
1465 1607 1590 1646 crebri
1606 1614 1734 1646 motus

278 1674 497 1714 Galliarum
518 1674 685 1712 omnium
709 1674 941 1721 ferebantur,
955 1680 993 1712 et
1014 1673 1254 1713 clandestina
1269 1686 1370 1724 saepe
1391 1672 1568 1718 concilia,
1583 1678 1622 1710 et
1642 1684 1736 1710 noe-

279 1744 388 1777 turna
409 1739 522 1776 etiam
544 1739 579 1775 in
601 1738 702 1775 silvis
728 1738 906 1776 50habere
934 1738 1139 1789 colloquia,
1159 1744 1198 1776 et
1218 1737 1266 1775 ad
1289 1749 1473 1775 summam
1495 1735 1623 1786 pacati
1643 1734 1737 1775 nibil

278 1801 519 1841 audiebatur.
578 1803 682 1840 Inter
700 1809 838 1840 caetera
860 1803 1000 1840 Lucius
1023 1802 1185 1840 Roscius
1206 1802 1271 1851 qui
1299 1801 1419 1839 tertiae
1435 1800 1598 1838 decimae
1618 1812 1738 1850 praee-

277 1872 337 1904 rat
355 1866 493 1916 legioni
514 1866 699 1904 nuntiavit
720 1866 851 1916 copias
872 1866 1043 1915 ingentes
1065 1856 1266 1903 Gallorum
1294 1863 1342 1902 ad
1373 1863 1634 1914 oppugnanda
1653 1863 1738 1914 ejus

280 1936 407 1968 castra
427 1932 622 1967 venientes
642 1937 804 1979 accepta
821 1930 989 1968 victoriae
1011 1943 1089 1967 suoe
1112 1930 1212 1967 sarna
1232 1930 1359 1967 subito
1382 1928 1615 1975 fugientibus
1636 1929 1738 1966 simi·

279 1995 336 2033 les
356 1994 509 2031 abiisse.
549 1994 702 2036 Quibus
723 1993 869 2031 indiciis
887 2007 1003 2031 uuum
1025 2000 1158 2030 eontra
1179 2006 1218 2030 se
1235 1992 1404 2030 animuin
1421 1992 1633 2029 Galliarum
1650 1991 1737 2030 luce

280 2057 420 2096 clarius
442 2057 666 2105 intelligens,
688 2069 766 2094 non
787 2064 914 2094 tamen
935 2056 1098 2094 destitit.
1149 2056 1329 2094 Ex-ocatis
1352 2055 1400 2093 ad
1425 2069 1464 2093 se
1485 2056 1739 2106 principibus,

282 2122 354 2161 hos
375 2122 580 2166 blanditiis,
613 2127 652 2158 et.
686 2122 754 2158 lios
789 2121 898 2158 minis
933 2126 1076 2170 quanta
1109 2120 1232 2169 quivit
1265 2119 1462 2170 diligentia
1492 2120 1529 2156 in
1549 2119 1738 2171 obsequio

283 2185 429 2225 studuit
450 2187 627 2223 retinere.
683 2185 702 2204 ³¹⁶
734 2185 858 2235 quue
892 2184 942 2222 ad
974 2184 1201 2222 continuum
1237 2184 1298 2221 bic
1335 2184 1433 2221 male
1466 2184 1634 2221 studium
1666 2183 1742 2222 suit

283 2252 463 2295 Senones,
496 2263 660 2300 quorum
694 2250 793 2287 inter
825 2262 957 2287 omnes
990 2257 1028 2286 et
1062 2249 1161 2286 fama
1193 2256 1231 2286 et
1263 2248 1470 2286 auctoritas
1491 2260 1628 2298 inagna
1647 2254 1740 2293 erat,

282 2314 487 2352 Cavarium
509 2314 711 2364 quendam,
733 2313 824 2351 alibi
845 2314 1077 2352 Cavarinum
1111 2313 1276 2358 invenio,
1309 2312 1433 2361 stirpis
1466 2312 1592 2361 regiae,
1624 2324 1739 2362 quem

283 2378 413 2416 Caesar
427 2378 498 2415 illis
520 2391 646 2427 regem
668 2378 841 2423 dederat,
865 2378 1022 2428 publico
1048 2377 1096 2414 de
1115 2390 1303 2414 consensu
1325 2375 1503 2414 occidere
1525 2377 1741 2414 voluerunt.

282 2442 460 2492 Cumque
493 2442 521 2480 is
553 2443 653 2490 fugae
681 2441 863 2491 praesidio
897 2442 1029 2479 mortis
1061 2441 1272 2490 periculum
1307 2441 1500 2486 evasisset,
1530 2439 1740 2490 persecutis

284 2505 362 2544 suis
392 2508 521 2543 ⁵¹cum
545 2504 685 2543 tinibus
706 2505 949 2555 expulerunt.
1006 2505 1104 2542 Cuni
1136 2511 1262 2542 autem
1284 2517 1399 2553 snper
1430 2505 1486 2542 liis
1517 2512 1740 2542 excusatum

282 2570 431 2621 legatos
451 2572 498 2607 ad
534 2570 725 2607 Caesarem
762 2568 966 2614 misissent,
999 2568 1110 2618 [101]
1140 2576 1258 2618 atque
1286 2569 1365 2618 ipse
1385 2575 1557 2606 senatum
1577 2567 1740 2606 civitatis

370 2712 412 2743 48
437 2709 543 2752 Lege,
556 2708 789 2740 Ponam-49
810 2707 929 2749 Forte,
941 2708 1094 2741 cmx—60
1109 2709 1216 2751 Lege,
1230 2707 1438 2741 haberi.-—51
1456 2707 1562 2751 Lege,
1576 2717 1657 2742 eum.
