1850 3109
340 226 434 256 ΜΒ.
468 224 539 255 111.
569 224 677 254 cap,
708 212 807 252 104.

95 329 161 351 una
191 319 425 361 quadriremis,
461 318 623 359 depressa
661 317 793 355 altera‚’

91 375 128 401 et
144 380 173 402 c.
191 373 242 401 16.
277 369 318 400 V.
335 374 430 399 notas
447 368 624 399 doctorum
641 367 682 398 ad
701 368 791 407 Nep.

93 418 176 450 Con.
215 428 243 450 c.
279 421 310 449 4.
363 419 372 434 4
391 416 510 448 Nullas
549 425 649 447 naves
686 415 793 456 capit,

93 470 282 510 complures
299 466 484 508 deprimit!
515 467 555 497 B.
587 467 660 498 Civ.
690 475 712 496 1.
741 467 792 497 58.

88 520 97 535 4
116 524 246 560 partem
263 518 395 548 navium
417 516 623 556 deprimunt,
653 516 794 546 nonnul-

91 570 141 600 las
168 567 329 608 capiunt‚’
359 576 424 597 non
452 567 692 607 deprehendant.
739 566 793 597 In-

93 618 168 649 veni
195 617 228 648 id
256 622 368 648 tamen
395 617 430 647 in
457 617 569 657 Marg.
600 617 740 646 Vascos.
759 620 794 647 et

93 667 158 700 Ed.
175 668 215 699 R.
229 667 405 708 Stephani.
430 668 518 698 Mire
536 667 618 707 legit
635 666 726 697 Leid.
742 676 793 706 pr.

92 719 130 750 de
143 721 282 760 presente
297 719 424 749 tirones.

134 772 228 801 ειμι
257 769 414 804 Quantum
429 765 569 806 itineris]
595 767 673 798 Non
698 766 794 807 potui

90 828 154 850 non
172 819 310 860 obsequi
329 819 412 849 Mss.
428 817 580 848 omnibus
597 817 692 854 meis,
710 817 793 847 item

91 869 202 900 Ursin.
220 869 355 901 Cari-ar.
373 873 408 900 et
424 868 510 900 Edd.
525 868 656 908 primis,
670 867 793 908 juben-

91 919 183 951 tibus
201 919 338 950 rescribi
355 923 626 959 quantumcumque
642 918 778 949 itineris.

135 972 175 1000 12
196 969 384 1000 Emistimari
401 979 458 999 non
471 967 610 1008 poterat]
627 969 721 1008 Lego
738 977 794 998 oes-

91 1019 211 1058 timori,
236 1023 274 1049 ut
303 1019 500 1059 plerumque
532 1018 563 1048 in
592 1018 692 1048 Mstis
719 1017 792 1048 haec

92 1068 159 1099 duo
197 1068 457 1099 confunduntur.
502 1069 577 1100 Nisi
614 1068 793 1099 existimari

91 1127 154 1159 pro
178 1119 329 1149 <estimari
354 1123 510 1158 ponatur.
548 1119 683 1149 Vossius.
713 1119 794 1149 Dio-

90 1177 166 1209 nys.
194 1168 313 1199 vossio
339 1166 520 1207 legendum
550 1167 687 1198 videtur
710 1167 795 1198 oesti-

92 1219 172 1250 mari
197 1228 256 1249 non
280 1221 424 1258 poterat.-
447 1217 506 1249 sed
522 1218 602 1248 nihil
628 1227 712 1258 opus
741 1222 794 1248 est

93 1279 193 1300 manu
222 1269 365 1309 medica,
392 1278 469 1299 nani
487 1268 520 1298 in
536 1268 672 1308 optimis
688 1267 794 1307 scrip-

92 1319 222 1350 toribus
246 1319 297 1349 hae
324 1328 422 1350 voces
444 1317 708 1349 confunduntur.
732 1318 794 1348 Te-

92 1370 222 1401 rentius
255 1369 382 1400 Heaut.
414 1368 494 1400 Act.
526 1378 565 1399 ιι.
595 1369 651 1400 Sc.
683 1370 713 1399 3.
740 1371 794 1399 41.

91 1420 99 1436 ‘
120 1419 206 1451 Nam
224 1430 263 1451 ea
280 1429 333 1450 res
350 1419 447 1450 dedit
471 1424 542 1450 tum
566 1418 795 1449 existumandi

92 1471 225 1511 copiam
256 1471 445 1502 Cotidianae
476 1471 555 1501 vitae
579 1468 796 1501 consuetudi-

94 1520 193 1553 nem!
237 1521 332 1551 Ideni
359 1521 494 1552 Pliorm.
525 1519 602 1551 Act.
628 1529 653 1551 1.
681 1520 736 1551 Sc.
764 1522 794 1550 1.

95 1573 145 1602 11.
171 1571 180 1588 ‘
201 1570 302 1602 Haud
319 1570 515 1601 existimans
528 1570 665 1602 Quanto
679 1568 794 1600 labore

94 1619 249 1660 partum!
275 1619 342 1651 Ubi
359 1620 527 1658 Donatus,
553 1627 614 1659 pro
638 1619 796 1648 (estimans

94 1670 214 1710 inquit.
257 1669 450 1707 Sallustius,
472 1670 481 1685 ‘
499 1669 545 1707 Si,
561 1668 724 1707 Quirites,
737 1677 795 1707 pa-

94 1729 167 1751 ceni
183 1719 445 1750 existimaretis!
469 1719 583 1749 Livius
607 1726 716 1748 xxm.
743 1720 793 1748 15.

94 1774 102 1788 ‘
123 1770 208 1802 Inde
231 1770 427 1801 existimatu
451 1769 551 1801 facile
568 1768 663 1800 esse.'
705 1768 794 1799 Vide

94 1826 129 1853 et
144 1822 178 1855 J.
195 1822 232 1852 F.
249 1821 456 1853 Gronovinm
475 1820 517 1850 ad
535 1828 635 1850 xx1v.
656 1821 687 1849 2.
727 1819 796 1849 Da-

93 1873 150 1904 vis.
195 1871 295 1903 Adde
312 1872 406 1903 Cort.
423 1871 465 1901 ad
483 1871 616 1901 Sallust.
637 1869 718 1909 Jug.
741 1871 793 1899 31.

90 1924 107 1963 ᾧ
126 1925 177 1954 19.
223 1923 232 1938 4
249 1921 390 1953 Scilicet
412 1919 661 1957 existimabitis,
686 1920 794 1961 qualis

90 1973 149 2004 illa
165 1972 256 2014 pax‚'
281 1972 410 2003 Comm.
427 1971 468 2002 ad
495 1972 583 2012 Nep.
606 1970 681 2002 Cat.
707 1979 742 2001 c.
765 1973 794 2000 1.

93 2023 104 2041 ‘
117 2023 297 2064 magnique
311 2022 384 2063 ejus
396 2031 500 2063 opera
515 2020 707 2052 existimata
720 2020 794 2058 est‚'

96 2073 246 2114 aliosque
262 2073 396 2113 saepius.

140 2126 178 2155 15
197 2124 241 2154 Et
256 2124 294 2153 ad
313 2123 496 2164 Mitylenas]
511 2123 567 2154 Sic
584 2122 668 2154 Mss.
709 2121 797 2153 Vide

95 2183 197 2214 supra
212 2173 254 2203 ad
271 2183 300 2204 c.
320 2175 393 2203 100.
425 2173 548 2213 Vulgg.
565 2175 595 2203 et
611 2173 796 2213 Mitylenae.

98 2224 205 2254 Clark.
250 2223 291 2254 In
307 2223 398 2253 nullo
414 2232 564 2253 meorum
580 2227 637 2253 aut
653 2223 793 2253 aliorum

97 2273 196 2305 adest
225 2273 442 2314 praepositio;
479 2277 517 2303 ut
547 2282 611 2303 nec
642 2272 676 2303 in
707 2271 795 2303 Edd.

96 2323 234 2365 Ubique
251 2323 339 2353 illam
356 2322 543 2360 intrudere,
558 2322 711 2363 ineptum
730 2327 794 2352 est.

98 2373 245 2404 Mimans
261 2377 313 2403 est
328 2373 361 2403 in
378 2373 460 2404 Mss.
476 2372 658 2413 plerisque,
684 2377 720 2403 et
741 2381 795 2402 ve-

94 2423 305 2455 tustioribus.
377 2422 546 2464 Mytilenas
574 2422 650 2452 Pal.
685 2423 794 2461 Bong.

96 2473 183 2504 Vide
198 2474 295 2504 Voss.
312 2472 354 2503 ad
371 2473 453 2503 Mel.
471 2481 511 2504 11.
526 2475 556 2503 7.
591 2472 624 2504 J.
642 2472 794 2503 Gronov.

96 2523 139 2553 ad
155 2522 285 2554 Herod.
302 2531 327 2552 1.
344 2525 418 2552 160.
437 2526 538 2563 atque
552 2522 600 2552 ita
614 2531 634 2552 e
649 2523 795 2552 numinis

98 2572 248 2604 exhibuit
275 2573 376 2603 etiam
404 2572 582 2604 Cellarius.
619 2573 745 2604 Graece
760 2582 794 2603 e-

99 2624 178 2654 tiam
193 2623 363 2660 Μυτιλήνη.
380 2624 561 2664 Inscriptio
572 2629 668 2656 vetus
682 2635 689 2655 ε
714 2626 723 2642 4
738 2625 797 2656 Ci-

99 2684 157 2705 ves
182 2675 334 2713 Romani,
358 2677 414 2716 qui
432 2676 607 2707 Mutilenis
623 2677 796 2716 negotian-

99 2726 176 2757 tur.’
221 2726 370 2766 Reposui
385 2727 499 2767 itaque
515 2728 616 2759 etiam
633 2729 743 2769 Mytil.

143 2777 180 2805 17
206 2775 243 2805 In
261 2775 413 2816 Cyprum]
432 2777 489 2807 Sic
504 2777 585 2808 Mss.
603 2777 695 2808 Editi
713 2788 796 2818 prae-

95 2825 299 2868 positionem
325 2825 499 2858 omittunt.
528 2827 636 2859 Clark.
671 2828 795 2869 Neque

841 222 903 252 nr.
938 222 1093 252 nanno
1127 222 1299 251 CIVlLI.
1434 212 1547 252 1525

845 317 897 347 hic
915 317 947 347 in
965 317 1062 353 meis,
1080 320 1137 346 aut
1155 316 1309 355 aliorum,
1327 315 1414 356 qnod
1433 315 1548 355 sciam,

845 367 1042 407 praepositio
1069 371 1264 407 comparet:
1306 366 1365 397 sed
1398 366 1431 396 in
1461 367 1548 397 Edd.

847 417 941 448 Rom.
960 418 1046 447 Vcn.
1063 421 1097 446 et
1116 415 1256 447 Mediol.
1273 415 1422 446 additam
1439 415 1546 447 video.

888 470 929 497 20
946 467 1057 498 Arcem
1072 470 1144 497 ante
1158 465 1295 506 captam]
1316 466 1371 496 Sic
1388 475 1428 495 ex
1447 466 1549 496 Glan-

846 515 956 556 dorpii
974 517 1103 547 monitu
1128 520 1163 547 et
1193 515 1306 546 L'rsini
1331 515 1416 545 libro
1440 514 1549 545 edidit

845 568 1008 607 Scaliger,
1035 573 1069 598 et
1092 568 1171 597 olim
1189 567 1292 597 ctiam
1315 566 1401 597 Edd.
1419 566 1537 606 primae

845 617 955 657 Vulgo
972 621 1045 647 erat
1067 626 1167 646 arcem
1189 616 1388 647 Antiochiam
1413 627 1440 646 c.
1460 616 1550 647 unde

846 667 1032 698 Glareanus
1049 666 1103 697 vel
1120 666 1293 696 Antiochia>
1310 666 1360 697 vel
1384 667 1552 697 Antioche-

845 728 915 748 nam
933 717 1148 748 emendabat.
1195 716 1359 746 Ultimum
1381 716 1551 754 reperitur

846 769 878 799 in
899 768 984 799 Edd.
1008 769 1148 799 Vascos.
1175 767 1242 797 Str.
1271 766 1390 806 Steph.
1419 766 1551 806 Gryph-

845 822 933 858 post.
975 819 1085 849 Arcem
1114 820 1185 848 ante
1215 827 1241 848 c.
1279 816 1499 847 confirmatur
1531 825 1551 846 a

844 869 954 909 Bong.
1000 869 1040 899 In
1064 869 1162 899 Voss.
1186 872 1238 898 est
1263 877 1363 898 arcem
1379 876 1466 896 aram
1482 876 1551 905 cap-

845 923 918 951 tam.
965 918 1005 949 In
1024 919 1151 949 Lovan.
1169 928 1256 948 aram
1272 921 1344 948 aule
1360 920 1441 957 capt.
1465 921 1500 946 at
1518 916 1551 946 in

846 969 963 1009 anac.
987 969 1111 1008 Scalig.
1137 973 1172 999 et
1194 968 1290 999 Leid.
1309 978 1360 1008 pr.
1378 977 1464 998 aram
1480 977 1551 1007 cap·

844 1022 919 1050 tam.
967 1020 1006 1050 In
1039 1020 1160 1050 Petav.
1189 1028 1283 1057 veru,
1312 1019 1424 1049 Palat.
1452 1017 1550 1049 Leid.

845 1079 914 1101 sec.
945 1074 980 1100 et
1012 1069 1159 1100 Dorvill.
1189 1078 1291 1100 arcem
1319 1072 1441 1108 captam
1474 1077 1550 1098 esse.

846 1121 920 1151 Nec
937 1120 1049 1159 video,
1075 1119 1157 1160 quid
1189 1120 1300 1150 valeat
1328 1119 1380 1149 hic
1403 1117 1440 1147 τὸ
1462 1121 1549 1156 ante,

846 1169 1028 1209 quodcum
1056 1169 1207 1200 Grutero
1235 1174 1270 1199 et
1299 1168 1384 1198 Mss.
1412 1167 1551 1208 optimis

843 1218 970 1249 idcirco
1008 1217 1104 1258 ejeci.
1161 1216 1361 1249 Antiochiam
1399 1221 1435 1246 et
1473 1216 1550 1246 hinc

843 1272 916 1300 ante
932 1279 975 1300 ex
999 1268 1243 1300 abbrevatione
1269 1267 1325 1297 τοῦ
1352 1268 1430 1298 Aut.
1458 1276 1552 1297 mera

845 1323 897 1351 est
915 1319 1047 1351 Giossa.

888 1372 926 1400 25
954 1368 1148 1409 Qui‚quum]
1179 1368 1324 1400 Codices
1350 1368 1405 1399 alii
1420 1368 1550 1399 habent

844 1421 1023 1461 quicunque,
1040 1420 1096 1450 alii
1113 1420 1198 1451 Nam
1212 1419 1400 1460 quicumque.
1447 1418 1550 1449 Unde

845 1471 1025 1511 legendum
1043 1471 1094 1501 vel
1111 1471 1163 1510 qui
1179 1480 1282 1510 quum,
1307 1471 1360 1509 syc.
1390 1469 1480 1510 quod
1509 1478 1552 1499 ex

846 1522 962 1553 Ursini
993 1520 1122 1553 Codice
1146 1525 1283 1551 secutus
1309 1524 1361 1551 est
1389 1519 1552 1559 Scaliger.

846 1572 922 1612 Vel,
945 1571 1035 1613 qnod
1056 1571 1201 1611 conjecit
1219 1570 1380 1601 Davisius
1408 1570 1550 1608 Namque

845 1633 948 1663 quum,
964 1624 1018 1661 ᾇτ’.
1051 1622 1162 1653 Clark.
1198 1620 1414 1652 Ciacconium
1432 1618 1552 1649 debuit

845 1673 984 1703 laudare
1009 1682 1071 1713 pro
1088 1671 1231 1703 Davisio
1248 1670 1414 1701 Clarkius.
1460 1668 1551 1699 Ursi-

846 1723 946 1753 niano
963 1720 1073 1753 codici
1089 1721 1226 1752 accedit
1243 1721 1408 1760 Scaliger.
1426 1720 1551 1750 Petav.

847 1775 963 1813 etiam,
980 1775 1107 1805 Lovan.
1122 1773 1218 1804 Leid.
1237 1782 1287 1812 pr.
1305 1773 1401 1802 Υοεε.
1417 1776 1551 1802 tantum

846 1825 973 1856 habent
991 1825 1192 1864 Quicumque.
1220 1823 1318 1855 Adeo
1337 1828 1372 1853 ut
1389 1823 1422 1853 in
1438 1831 1553 1853 recen-

846 1875 989 1906 tioribus
1005 1875 1103 1906 modo
1129 1878 1237 1905 restet
1264 1873 1347 1904 illud
1373 1874 1457 1903 Nam
1486 1872 1554 1912 qai-

845 1935 980 1965 camque.
1026 1924 1186 1965 Alioquin
1203 1922 1304 1954 facile
1322 1924 1553 1963 amplecterer

847 1974 1017 2006 Ciacconii
1033 1975 1266 2015 conjecturam
1291 1974 1432 2013 Namque
1447 1982 1552 2013 qaam.

889 2028 930 2056 28
963 2026 1069 2057 Nares
1094 2023 1262 2064 solt-erunt]
1288 2023 1344 2054 Sic
1369 2032 1411 2053 ex
1437 2022 1553 2053 Ursini

848 2075 932 2106 Cod.
947 2079 981 2106 et
993 2074 1080 2105 Edd.
1094 2074 1210 2114 primis
1224 2073 1374 2104 restituit
1388 2072 1554 2112 Scaliger,

848 2125 972 2166 quibus
991 2124 1126 2155 accedit
1140 2123 1264 2154 Petav.
1299 2123 1411 2163 Vulgo
1431 2121 1552 2153 edeba-

849 2179 905 2206 tur
920 2185 951 2206 n.
969 2176 1085 2205 solt-ere
1099 2174 1310 2213 jubebantur.-
1334 2174 1384 2204 uti
1401 2177 1453 2203 est
1469 2181 1552 2213 quo-

848 2235 913 2267 que
928 2227 962 2256 in
972 2225 1038 2255 Ms.
1049 2223 1276 2255 Brant.Leid.
1291 2233 1359 2254 sec.
1374 2227 1410 2253 et
1422 2223 1551 2253 Lovan.

848 2275 1046 2306 Ciacconius
1063 2274 1262 2314 conjecerat
1278 2273 1477 2312 cogebantur.
1518 2271 1553 2302 S.

836 2325 987 2364 jubebant
1014 2325 1122 2364 Bong.
1147 2328 1182 2355 et
1208 2324 1316 2354 Dorv.
1329 2322 1461 2362 jubebat
1485 2321 1553 2352 Pa-

847 2376 906 2406 lat.
937 2374 997 2405 sed
1027 2374 1151 2414 Scalig.
1183 2373 1280 2404 Leid.
1312 2382 1364 2413 pr.
1393 2377 1429 2403 et
1454 2373 1552 2403 Voss.

846 2434 939 2456 nat-es
966 2424 1138 2455 soli-erent.-
1174 2422 1262 2453 unde
1293 2422 1399 2462 magis
1426 2421 1553 2462 placet,

848 2475 1015 2516 quodjam
1025 2477 1267 2513 expresserunt
1276 2472 1415 2503 Vascos.
1430 2472 1550 2511 Steph.

847 2524 980 2565 Gryph.
1007 2528 1095 2564 post.
1122 2523 1191 2554 Str.
1220 2523 1395 2553 soli-erant.-
1420 2526 1458 2551 ut
1474 2529 1552 2551 con·

846 2574 962 2606 veniat
979 2573 1122 2614 praeced.
1138 2572 1253 2611 recepti
1269 2582 1325 2602 non
1342 2573 1442 2602 erant.

891 2633 969 2656 cin.
987 2628 1004 2655 5
1023 2624 1149 2655 Partim
1165 2623 1252 2663 quos]
1270 2619 1479 2660 Transponit
1497 2618 1552 2650 Ci-

846 2674 1019 2713 acconius,
1043 2683 1116 2714 quos
1134 2673 1266 2713 partim,
1293 2672 1345 2709 85c.
1386 2669 1451 2699 Sed
1468 2667 1551 2698 nihil

847 2735 943 2765 opus.
971 2725 1078 2755 Clark.
1098 2722 1196 2754 Idem
1209 2721 1295 2752 male
1307 2720 1433 2760 quisque
1446 2718 1552 2749 abun·

847 2776 929 2806 dare
944 2778 1074 2805 censet.

890 2833 961 2856 clv.
977 2828 997 2855 9
1019 2823 1206 2865 Septimium
1226 2820 1382 2852 tribunam
1401 2819 1550 2859 militum]
