1850 3109
241 206 354 248 1430

240 310 405 347 hominum,
427 311 475 340 cui
500 311 532 340 id
553 311 657 341 liceret
673 310 693 340 l.
713 309 744 348 f.
760 314 790 340 et
815 320 839 340 s.
861 311 937 350 quod

242 360 340 391 vellet.
387 360 484 390 More
500 360 637 400 antiquo
655 359 744 399 prius
761 365 936 390 exaratum

241 415 315 442 erat
328 410 396 450 quoi
414 411 458 449 id,
471 410 547 440 hinc
562 410 694 440 inscitia
719 407 844 439 librarii
869 409 938 440 fac-

243 465 314 490 tum
343 461 430 500 quud.
478 460 552 490 Nou
576 459 694 490 dubito
720 458 762 489 de
793 459 938 489 veritate

241 510 342 550 hujus
375 510 590 550 conjecturae.
658 510 700 539 Et
740 508 939 539 confirmant

240 561 328 598 haec,
372 561 506 597 legiones
545 568 599 589 ece.
644 558 776 588 roseius.
844 558 938 589 Vellet

243 611 345 641 etiam
361 610 426 640 Ms.
440 610 517 640 Urs.
531 609 652 639 Petav.
666 608 761 639 Lcid.
775 618 825 648 pr.
839 608 938 639 Voss.

243 665 278 691 ct
310 660 365 691 alii
397 670 471 690 cum
512 660 637 699 Scalig.
667 663 702 690 et
729 668 821 700 seqq.
853 659 940 691 Edd.

243 711 441 742 ciacconius
476 710 633 741 emendat
668 710 762 740 Civili
790 709 865 740 bello
893 710 941 740 illi

241 761 348 800 generi
371 761 538 799 Ιιυηιίηυιη,
553 762 630 800 quud
644 760 770 790 liberet.-
791 759 942 797 licere-su-

238 821 307 842 cere
329 814 358 842 et
373 812 466 851 srqni,
489 813 570 851 quod
595 812 795 850 1·ell‹·t.·quml
825 810 944 849 liberet,

241 861 332 892 licere
346 861 591 901 voluitquoquc
609 861 762 891 Ursinus.
780 860 942 891 Ill.ctiam

243 911 385 942 Heinsio
412 912 592 942 videbatur
621 912 686 946 legi
713 911 839 942 debere
866 913 943 952 quod

242 961 348 993 liberet
366 963 456 993 licere
475 962 594 1001 facere,
611 965 640 992 et
667 962 764 1001 scqui,
781 963 859 1001 qnod
887 963 943 992 rel-

242 1012 305 1042 lcnt
321 1013 453 1051 legiones
464 1013 510 1042 leoe
522 1024 531 1042 :
555 1012 603 1042 sic
621 1013 709 1042 euim
727 1012 783 1042 ille
803 1013 942 1051 jungit:

242 1070 306 1100 pro
333 1061 439 1091 liberet
463 1066 557 1092 certe
575 1061 666 1092 licere
679 1065 731 1091 est
758 1061 791 1090 in
819 1062 943 1092 Lovan.

244 1111 358 1142 Paiat.
376 1116 410 1141 et
434 1111 567 1143 Dorvil.
589 1111 698 1141 cellen!
723 1111 849 1142 liabent
872 1111 945 1141 reli-

244 1160 301 1201 qui
320 1161 403 1191 Mss.
419 1170 495 1191 cum
523 1160 610 1191 Edd.
630 1160 724 1191 Vett.
764 1161 827 1190 Ha>
844 1166 894 1191 est
912 1161 945 1190 iu

245 1211 362 1241 multis
389 1211 473 1242 Mss.
494 1211 537 1242 de
562 1216 716 1250 more,et
744 1211 831 1242 Edd.
848 1213 943 1242 Vett.

244 1261 342 1292 abest
357 1271 375 1292 a
388 1262 498 1292 Palat.
543 1262 669 1293 Verum
688 1262 734 1292 nil
750 1262 946 1292 mutandum

244 1311 395 1349 videtur,
420 1311 482 1341 nisi
505 1312 582 1351 quod
608 1311 642 1340 in
672 1311 723 1341 cui
749 1311 782 1341 id
809 1312 862 1342 vel
887 1312 946 1341 cui.

245 1360 378 1392 Reddit
410 1361 556 1391 rationes
589 1361 704 1392 Caesar
730 1360 949 1401 confusionis,

249 1419 326 1451 quae
339 1415 414 1441 erat
436 1411 469 1440 in
492 1411 613 1442 castris
630 1411 798 1450 Curionis,
814 1416 849 1442 et
869 1421 948 1443 enu-

251 1464 363 1490 merat
380 1470 536 1499 caussas;
558 1461 678 1500 primo,
697 1462 798 1492 Civile
827 1461 949 1502 bellum,

250 1509 330 1540 dein
361 1511 438 1550 quod
471 1511 509 1541 sit
548 1521 645 1550 genus
682 1512 846 1551 hominum,
884 1513 951 1553 qui-

253 1560 310 1590 bus
336 1561 419 1599 licet,
442 1562 645 1601 quodcumque
669 1561 764 1592 libet.-
786 1562 810 1592 i.
833 1571 862 1592 c.
891 1562 949 1593 mi-

251 1611 346 1648 lites,
396 1612 587 1651 pra‘sertim
633 1612 666 1642 in
703 1612 796 1643 civili
827 1612 916 1643 bello
939 1624 948 1651 ς

247 1661 365 1699 tertio,
401 1663 480 1702 quod
508 1662 571 1692 sint
608 1662 672 1693 iuae
709 1662 856 1702 legiones,
884 1673 951 1703 quoe

248 1711 362 1750 paullo
380 1716 458 1742 ante
485 1711 540 1741 sub
557 1712 703 1752 Pompeio
725 1713 949 1744 militaverant.

246 1760 461 1791 Sententiam
488 1771 597 1792 meam
623 1762 721 1793 unice
746 1762 858 1794 firmat
887 1764 951 1794 Lu-

248 1819 350 1842 canus
367 1820 417 1841 iv.
433 1814 509 1842 694.
531 1815 539 1829 ’-
559 1813 634 1844 Hac
652 1813 755 1853 igitur
779 1814 868 1854 regis
884 1818 951 1845 tre-

249 1860 346 1901 pidat
370 1862 443 1901 jam
470 1862 572 1893 Curio
597 1862 698 1902 fama,
712 1863 756 1893 Et
771 1863 859 1903 quod
878 1864 950 1894 Cae-

249 1911 354 1941 sareis
371 1921 550 1952 numquam
567 1913 693 1943 devota
705 1912 868 1953 juventus
886 1913 951 1944 Illa

250 1961 348 1992 nimis
364 1963 499 2000 castris,
512 1971 574 1993 nec
590 1962 701 1993 Rheni
725 1963 820 1993 miles
845 1963 878 1993 in
895 1973 952 1994 un-

249 2011 301 2042 dis
325 2012 532 2052 Exploratus
557 2018 648 2049 crat;
680 2011 806 2044 Corfini
829 2018 951 2053 captus

250 2060 285 2091 in
320 2071 412 2100 arce,
450 2061 647 2103 Infidusque
675 2063 770 2093 novis
797 2063 950 2104 ducibus,

251 2109 441 2152 dubiusque
469 2111 571 2152 priori
598 2113 662 2143 Fas
690 2116 872 2155 utrumque
891 2124 951 2155 pu-

249 2166 311 2194 tat.
372 2163 438 2194 Sed
470 2169 647 2204 postquam
674 2164 829 2205 languida
857 2167 950 2208 segni

250 2213 365 2244 Sensit
381 2218 503 2244 cuncta
520 2213 634 2252 metu‚’
650 2217 714 2245 «stc.

294 2264 315 2293 9
339 2263 519 2293 Mutat-erat
556 2266 738 2295 consuetudo
770 2277 837 2307 qna:
860 2265 951 2307 offer-

248 2315 366 2344 rentur.
415 2314 589 2354 Municipia
605 2316 700 2347 etiam
715 2318 852 2348 adversis
873 2328 948 2358 par-

252 2363 336 2393 tibus
351 2364 526 2404 conjuncta]
551 2364 618 2396 Alii
632 2366 774 2398 Codices
785 2378 844 2408 qua
861 2368 951 2409 effer-

252 2416 320 2443 rent
346 2414 525 2453 municipia,
555 2425 668 2446 omnes
687 2426 765 2448 vero
793 2419 886 2448 etiam
908 2419 953 2448 di-

251 2464 346 2494 versis
359 2464 511 2503 partibus,
537 2475 634 2505 quam
649 2467 831 2498 lectionem
849 2472 952 2498 teme-

253 2523 290 2545 re
314 2514 459 2544 mutavit
478 2514 554 2544 Pet.
573 2515 783 2555 Ciacconius,
807 2526 951 2558 eumque

255 2569 393 2595 secutus
422 2565 494 2596 Jos.
525 2565 689 2605 Scaliger.
733 2567 858 2597 Sensus
887 2567 952 2598 erit

256 2613 389 2654 aliquis,
402 2613 440 2653 si,
456 2613 567 2644 verbis
585 2615 778 2654 parenthesi
804 2616 952 2656 inclusis,

254 2664 439 2695 scribamus
472 2675 543 2695 nam
580 2666 673 2696 etiam
705 2666 840 2696 Casan-is
867 2666 953 2698 bene-

245 2713 356 2754 ficium
378 2717 550 2745 mutaverat
579 2717 770 2756 consuetudo,
789 2727 847 2756 qua
861 2717 953 2757 effer-

253 2767 322 2795 rent
346 2765 514 2807 municipia
538 2765 632 2797 etiam
653 2767 784 2799 diversis
811 2767 954 2808 partibus

708 215 848 247 NoTAE
880 215 1143 248 VARIORUM
1181 217 1228 247 ΙΝ

987 311 1157 349 conjuncta.
1215 311 1393 342 Suetonius
1422 310 1564 350 August.
1596 320 1626 341 c.
1650 314 1693 343 2¹

986 365 994 378 ‘
1015 363 1068 392 Ne
1092 371 1284 392 enumerem
1310 365 1391 402 quot
1415 365 1450 391 et
1477 369 1560 401 quos
1585 361 1685 391 direr-

985 420 1086 441 sarum
1113 412 1250 452 partium
1272 411 1369 441 venia
1396 416 1431 442 et
1455 411 1686 443 incolumitate

987 461 1147 492 donatos?
1190 461 1359 502 Sulpicius
1386 462 1528 491 Severus
1555 461 1615 491 vit.
1646 461 1686 492 B.

988 511 1129 542 Martini
1146 520 1174 542 c.
1190 514 1222 541 9.
1246 513 1254 527 ‘
1273 513 1350 543 Quo
1366 511 1470 549 lecto,
1487 511 1614 541 clamor
1628 520 1686 550 po-

990 561 1057 600 puli
1073 561 1210 597 tollitur,
1225 570 1298 600 pars
1311 560 1433 591 dit-ema
1446 559 1686 592 confunditur.'

989 611 1076 641 Vide
1088 616 1120 641 et
1134 611 1165 642 J.
1175 611 1211 641 F.
1223 611 1251 641 G
1260 611 1429 641 ronovium
1443 612 1483 642 ad
1496 611 1633 642 Senecae
1646 611 1687 642 de

990 661 1039 692 ira
1065 670 1105 692 ιῐ.
1123 664 1174 692 23.
1202 661 1314 691 Duris.
1361 660 1452 691 Male
1474 670 1493 691 e
1517 661 1613 692 Carr.
1638 671 1688 692 re-

990 711 1101 751 posuit
1118 712 1266 748 Scaliger
1279 710 1428 750 ada-ersis,
1441 720 1515 751 quae
1532 715 1585 741 est
1601 710 1688 750 glos-

991 771 1026 792 sa
1040 762 1096 792 τοῦ
1106 762 1247 800 dirersis,
1264 762 1349 802 quod
1365 765 1479 792 exstat
1493 765 1690 792 constanter

992 811 1024 841 in
1042 812 1125 842 Mss.
1147 811 1229 841 meis
1247 810 1409 848 omnibus,
1426 815 1461 841 et
1484 810 1577 841 Edd.
1591 811 1690 841 Vett.

992 861 1171 892 Suetonius
1184 861 1365 900 saepissime
1379 865 1414 890 et
1430 869 1460 891 c.
1475 863 1503 890 l.
1520 859 1590 892 Jul.
1605 859 1615 877 ‘
1631 859 1693 890 Di-

994 922 1165 943 versarum
1183 912 1328 952 partium
1344 911 1554 942 habebatur.'
1574 912 1690 943 Frout.

995 971 1049 992 ιιι.
1077 965 1108 992 ὓ.
1135 965 1164 992 l.
1188 963 1196 978 ‘
1214 962 1368 991 Diversa*
1397 961 1502 1000 partis
1532 960 1691 1000 praesidio

995 1011 1139 1041 obtineri
1152 1014 1169 1041 :’
1186 1010 1240 1041 ubi
1256 1010 1331 1041 vide
1347 1010 1492 1041 Tennul.
1503 1015 1538 1041 et
1554 1018 1692 1041 sexcen-

995 1061 1071 1091 ties.
1131 1062 1293 1092 Ccterum
1321 1060 1474 1091 minuerat
1504 1060 1691 1092 rescribere

995 1110 1142 1141 tentavit
1172 1110 1380 1141 Ciacconius.
1437 1109 1502 1141 Ina
1526 1120 1606 1141 vero
1633 1120 1693 1151 qua

994 1161 1097 1201 (Edd.
1129 1160 1209 1201 qdd.
1236 1165 1318 1200 (ματ)
1342 1159 1541 1201 offerrentur,
1561 1162 1615 1200 ξε.
1639 1170 1693 1192 me

996 1220 1060 1241 non
1075 1220 1198 1250 capere
1228 1210 1356 1241 fateor:
1381 1210 1527 1251 efferrent
1557 1211 1693 1242 Carrar.

996 1260 1085 1290 unde
1120 1261 1245 1291 Brutus
1280 1259 1487 1300 efferrentur:
1525 1260 1694 1302 quomodo

996 1309 1098 1340 habet
1116 1310 1208 1340 Leid.
1234 1320 1303 1340 sec.
1325 1310 1496 1350 offerentur
1522 1311 1608 1342 Edd.
1635 1321 1693 1352 pp.

997 1367 1034 1390 et
1057 1360 1177 1391 Daris.
1202 1360 1256 1390 Ill.
1274 1360 1433 1391 Heinsius
1458 1361 1541 1402 legit
1573 1361 1640 1396 Quo
1663 1371 1695 1392 se

990 1410 1128 1448 ferrent.
1154 1411 1271 1441 Mnnic.
1289 1411 1383 1442 etiam
1397 1412 1460 1442 dir.
1484 1422 1516 1452 p.
1534 1412 1610 1451 conj.
1642 1413 1696 1444 Ci-

999 1470 1116 1491 accon.
1134 1470 1173 1490 ex
1187 1461 1323 1491 adversis
1334 1471 1366 1501 p.

1044 1513 1083 1541 10
1109 1510 1179 1545 Qua
1192 1511 1393 1551 offa-rentur]
1428 1512 1483 1543 Sic
1515 1513 1694 1544 l’etavian.

1000 1561 1075 1592 Pal.
1093 1567 1127 1593 et
1156 1563 1262 1603 Boug.
1279 1573 1316 1594 ac
1345 1568 1414 1595 vet.
1436 1570 1551 1595 noster
1576 1564 1695 1595 codex.

1000 1611 1070 1643 Alii
1095 1623 1152 1652 qua
1182 1612 1341 1653 efferrent.
1376 1614 1463 1644 l'tra
1490 1623 1568 1645 vera
1594 1614 1696 1645 lectio

1000 1662 1057 1702 sit,
1071 1672 1137 1694 non
1147 1669 1226 1695 aute
1244 1663 1375 1704 dixero,
1391 1674 1491 1705 quam
1505 1674 1575 1695 rem
1590 1665 1696 1705 ipsam

999 1712 1212 1745 intellexero.
1249 1715 1336 1745 Tota
1352 1714 1525 1745 enimhaec
1540 1713 1698 1755 periodus

1001 1764 1256 1804 corruptissima
1272 1769 1335 1796 est.
1375 1765 1419 1795 Et
1435 1764 1545 1796 felicis
1557 1774 1632 1796 eum
1652 1765 1699 1795 in-

1001 1814 1276 1854 geninjndicabo,
1294 1815 1349 1855 qni
1367 1815 1493 1855 absque
1515 1815 1698 1854 libris‚non

1002 1865 1081 1896 dico
1098 1875 1231 1896 sensum
1252 1866 1374 1897 bonum
1400 1875 1565 1907 reponere
1582 1867 1699 1908 possit,

999 1915 1059 1946 sed
1075 1916 1179 1956 illum,
1195 1926 1261 1957 quo
1286 1917 1402 1947 Caesar
1418 1916 1563 1957 scripsit.
1610 1917 1698 1948 Nam

1001 1966 1028 1996 si
1060 1971 1193 1997 mutare
1221 1972 1255 1997 et
1283 1971 1504 2007 transponere
1534 1967 1698 2007 libuisset,

1001 2025 1067 2047 non
1085 2015 1225 2048 difficile
1241 2017 1384 2048 alterum
1399 2016 1430 2048 id
1448 2016 1597 2048 futurum
1614 2024 1698 2049 erat.

1007 2066 1139 2098 Vossius.

1047 2119 1083 2147 ll
1114 2118 1216 2157 Neque
1254 2117 1334 2148 enim
1371 2128 1410 2149 ex
1454 2117 1587 2158 Marsas]
1633 2118 1702 2150 Alii

1003 2167 1103 2198 codd.
1136 2169 1275 2208 Namque
1303 2170 1405 2200 enim:
1429 2169 1456 2200 si
1482 2170 1563 2200 enim
1588 2169 1699 2208 tollas,

1002 2217 1065 2249 hoc
1082 2218 1290 2258 praetulerim
1306 2230 1313 2249 ι
1339 2229 1415 2250 nam
1429 2229 1511 2260 quas
1528 2220 1630 2252 Curio
1645 2220 1700 2251 ha-

1001 2269 1106 2301 bebat
1129 2271 1277 2311 legiones
1306 2281 1347 2302 ex
1372 2271 1495 2302 Marsis
1526 2277 1701 2303 venerant.

1002 2320 1069 2351 Sed
1086 2321 1230 2352 obscura
1246 2331 1299 2352 res
1315 2326 1377 2353 est.
1421 2321 1551 2352 Vossius.
1599 2322 1703 2353 Intel-

1002 2371 1080 2412 ligit
1112 2372 1274 2411 legiones,
1306 2381 1386 2412 quas
1413 2371 1549 2403 Corfinii
1581 2376 1700 2412 captas

1003 2422 1142 2453 Curioni
1166 2422 1355 2453 tradiderat
1369 2422 1494 2454 Caesar.
1539 2423 1623 2455 Cum
1642 2423 1699 2463 igi-

1005 2477 1059 2503 tur
1074 2472 1192 2503 Codex
1206 2473 1339 2504 Carrar.
1364 2481 1439 2503 cum
1463 2473 1535 2503 aliis
1563 2474 1702 2504 nonnul-

1005 2522 1044 2552 lis
1068 2522 1226 2553 exhibeat
1248 2532 1376 2563 namqne
1405 2522 1486 2553 enim
1510 2532 1548 2553 ex
1572 2523 1709 2561 Marsis,

1002 2572 1050 2602 ita
1074 2572 1306 2612 reponendum
1329 2571 1487 2603 arbitror.
1533 2572 1587 2602 Sic
1602 2572 1702 2603 Plau-

1004 2626 1056 2653 tus
1070 2622 1219 2653 Trinum.
1231 2622 1310 2653 Act.
1327 2632 1351 2653 1.
1369 2623 1423 2653 Sc.
1440 2626 1489 2653 ll.
1501 2625 1554 2653 23.
1572 2624 1581 2640 ‘
1602 2623 1702 2654 Nam-

1003 2683 1068 2714 que
1086 2673 1172 2704 enim
1188 2678 1238 2713 tu,
1255 2673 1369 2713 credo,
1387 2673 1466 2703 mihi
1495 2673 1702 2713 imprudenti

1003 2723 1221 2763 obrepseris,’
1239 2723 1328 2754 unde
1345 2727 1442 2764 patet
1465 2723 1543 2754 Pet.
1563 2723 1703 2755 Ciacco-

1003 2773 1094 2804 nium
1118 2776 1153 2805 ct
1178 2773 1226 2804 D.
1242 2772 1400 2804 Vossium
1425 2773 1626 2829 particulam
1654 2782 1703 2804 se-
