1850 3109
573 170 634 199 υκ
670 168 783 196 νιΤΑ
816 167 947 196 sumi
985 167 1212 197 cass-Aius.
1493 159 1604 202 1799

148 267 277 301 Caesar
301 264 506 301 AEduorum
531 263 618 300 fidei
639 264 798 300 credens
818 262 970 300 obsides
990 276 1036 300 ex
1066 263 1171 299 omni
1205 263 1333 300 Gallia
1365 270 1402 300 et
1438 264 1604 302 frumen—

148 333 227 363 tum
247 333 284 364 et
305 328 508 376 pecuniam
543 327 777 377 reipublicae,
816 335 854 364 et
888 340 955 364 sua
982 333 1021 364 et
1040 326 1230 364 exercitus
1253 339 1388 374 magna
1419 340 1465 363 ex
1497 337 1603 376 parte

146 389 415 438 impedimenta
436 390 676 440 deposuerat,
697 404 884 440 equorum
907 405 1104 428 numerum
1127 391 1318 440 ingentem
1341 390 1374 426 in
1395 403 1483 426 usus
1502 390 1602 434 belli,

146 465 190 488 ex
212 453 324 489 ltalia
358 460 474 503 atque
508 454 693 503 Hispania
712 454 991 492 deductorum:
1023 460 1221 503 comperto
1254 453 1356 504 quod
1394 453 1601 490 Litavictus

145 515 194 555 ‘ab
213 516 346 553 AEduis
370 531 456 555 cum
481 519 623 555 honore
645 524 847 567 susceptus
868 525 982 561 esset,
1018 525 1055 554 et
1076 518 1363 567 magistratuum
1385 529 1429 553 ac
1451 523 1602 553 senatus

145 592 322 624 occursu,
361 581 543 631 missique
564 582 610 619 de
631 581 797 618 amicitia
829 580 983 630 publice
1018 580 1064 616 ad
1090 580 1436 629 Vercingetorigem
1472 579 1601 629 legati,

145 649 184 679 et
205 649 355 693 tempus
385 646 454 682 sibi
476 645 641 682 audendi
661 645 807 695 aliquid
839 644 1038 682 advenisse
1061 645 1155 688 rati;
1189 657 1258 681 nec
1280 643 1450 680 contenti
1473 643 1605 692 praeda

144 706 214 743 nisi
234 715 391 746 cruenta
413 709 637 746 crudelitate
657 722 831 759 respersa
850 715 964 753 esset,
984 707 1090 758 opidi
1110 707 1338 745 custodibus
1359 713 1397 743 et
1421 706 1603 743 Romanis

146 772 448 819 negotiatoribus
479 772 526 809 ad
562 785 678 810 unum
700 773 822 817 caesis,
865 785 1111 823 quaecunque
1145 772 1196 808 ibi
1218 779 1365 820 reperta
1387 776 1487 814 sunt,
1526 776 1607 805 tan-

146 845 261 882 quam
301 834 404 872 bello
443 835 501 872 vel
541 835 761 874 haereditate
791 837 980 886 quaesita;
1019 835 1140 885 aequis
1171 835 1268 871 inter
1296 847 1332 870 se
1362 832 1604 882 portionibus

147 897 380 941 diviserunt;
413 906 553 948 praeter
573 899 742 944 obsides,
777 912 875 949 quos
896 899 942 936 ad
977 898 1221 948 magistratus
1242 897 1291 934 ab
1328 896 1399 933 illis
1433 895 1606 932 libertati

146 959 362 999 reddendos
384 962 653 1000 deduxerunt:
684 963 841 1014 opidum
873 976 961 1000 vero
997 963 1118 1012 ipsum
1154 968 1211 998 sat
1231 959 1400 997 validum
1423 959 1607 996 extiman—

147 1030 215 1067 tes·‚
250 1036 296 1061 ne
316 1025 473 1073 quando
506 1027 688 1064 Romanis
711 1027 802 1064 utile
823 1040 904 1063 esse
940 1032 1082 1075 posset,
1118 1023 1277 1061 flammis
1300 1022 1475 1059 immissis
1497 1034 1607 1058 exus-

148 1094 304 1125 serunt:
336 1094 374 1125 et
407 1088 586 1125 frumenti
620 1097 727 1138 parte
749 1089 967 1126 ⁷0manibus
990 1094 1172 1137 quantum
1209 1085 1341 1136 paucis
1377 1085 1476 1122 horis
1503 1084 1608 1121 licuit

145 1152 242 1195 (erat
262 1151 360 1188 enim
393 1152 430 1188 iu
465 1152 546 1201 ripa
569 1152 710 1200 Ligeris
732 1151 910 1202 opidum)
931 1153 1134 1187 ⁷¹annecta
1152 1164 1161 1194 ;
1194 1158 1299 1198 parte
1316 1155 1383 1185 aut
1403 1147 1608 1184 ⁷2flammis

147 1212 306 1262 injecta,
328 1227 372 1252 ne
394 1215 486 1264 quid
509 1215 661 1265 penitus
683 1214 866 1252 Romanis
888 1220 996 1251 tanto
1017 1227 1063 1250 ex
1084 1212 1203 1262 opido
1221 1216 1459 1261 superesset:
1482 1222 1607 1259 neque

147 1277 207 1314 his
228 1278 400 1316 contenti
425 1278 502 1316 duo
521 1278 573 1316 illi
592 1279 733 1328 egregii
762 1278 922 1316 Caesaris
944 1277 1073 1322 amici,
1102 1275 1280 1325 colligere
1301 1274 1402 1312 omni
1422 1287 1467 1311 ex
1498 1280 1607 1323 parte

146 1341 323 1391 praesidia
357 1342 498 1391 quibus
531 1342 674 1380 Caesari
705 1342 918 1385 obstarent,
955 1341 1054 1391 ripas
1086 1339 1251 1376 fluminis
1286 1337 1493 1382 custodire,
1530 1350 1607 1386 quo

150 1405 280 1442 ⁷³cum
304 1406 504 1443 transitum
533 1406 807 1456 prohiberent:
839 1405 1108 1454 frumentaque
1127 1403 1256 1440 omnia
1277 1414 1522 1451 corrumpere
1543 1406 1610 1438 aut

149 1474 357 1517 asportare,
379 1475 421 1507 ut
441 1483 527 1507 eum
550 1470 580 1507 si
601 1483 676 1507 non
696 1469 817 1513 aliter,
840 1468 972 1506 saltem
994 1467 1093 1505 fame
1113 1466 1361 1516 repellerent3
1384 1478 1459 1514 qua
1481 1464 1517 1501 in
1540 1477 1607 1514 spe

149 1531 261 1569 valde
282 1531 365 1569 illos
387 1533 499 1583 Liger
528 1533 648 1570 amuis
668 1533 864 1582 erigebat;
895 1531 1115 1582 liquefactis
1135 1536 1272 1567 auctus
1293 1528 1459 1573 nivibus,
1482 1534 1523 1564 ut
1545 1541 1609 1563 va-

149 1594 233 1632 dari
254 1608 437 1645 nusquam
459 1610 571 1646 posse
593 1596 825 1634 crederetur.
875 1596 1003 1633 Caesar
1023 1595 1106 1632 haec
1126 1594 1176 1630 ita
1193 1592 1273 1630 fieri
1293 1591 1469 1636 audiens,
1490 1590 1607 1628 credo

150 1671 383 1707 cognoscere
413 1660 531 1710 coepit
551 1673 589 1698 se
611 1660 897 1698 clementiorem
919 1672 1028 1703 esse;
1060 1670 1136 1695 non
1158 1669 1271 1707 quam
1294 1655 1382 1701 sibi,
1404 1654 1471 1692 sed
1493 1667 1609 1704 quam

148 1722 371 1772 reipublicae
389 1723 614 1773 expediret:
645 1724 760 1775 [148]
787 1723 880 1760 nihil
913 1730 1041 1760 tamen
1062 1722 1189 1758 animo
1217 1720 1404 1769 dejectus,
1440 1717 1505 1755 sed
1527 1729 1610 1766 per-

149 1784 284 1823 fidiam
318 1787 355 1824 in
387 1795 567 1825 auctores
600 1794 746 1825 vertere
765 1784 1276 1837 ⁷⁴cogitatishcelerandum
1313 1781 1472 1825 statuit;
1502 1788 1544 1818 ut
1578 1780 1610 1818 si

149 1847 230 1886 fieri
260 1857 388 1899 posset
422 1864 510 1888 cum
532 1851 708 1888 hostibus
729 1857 816 1887 ante
837 1849 1148 1900 congrederetur,
1180 1859 1294 1898 quam
1322 1858 1452 1884 eorum
1483 1844 1610 1894 copiae

151 1924 196 1948 ox
217 1913 319 1950 omni
340 1914 554 1952 Galliarum
575 1914 717 1964 angulo
737 1913 999 1957 convenirent,
1022 1924 1110 1961 quae
1129 1916 1219 1948 ante
1240 1916 1418 1958 retroque
1436 1908 1610 1944 innume-

149 1975 290 2014 rabiles
311 1983 349 2014 et
381 1977 575 2015 immensae
591 1985 686 2015 erat.
743 1976 951 2027 Cogitabat
971 1982 1100 2013 autem
1136 1973 1302 2024 Ligerim
1336 1971 1443 2009 sacto
1471 1970 1608 2020 raptim

149 2046 268 2089 ponte
287 2042 457 2079 transire.
514 2040 577 2079 Ad
599 2054 710 2091 quem
732 2053 821 2077 cum
848 2039 910 2076 die
942 2046 1140 2088 noctuque
1173 2048 1371 2086 nunquam
1392 2033 1611 2071 intermissis

150 2102 345 2141 itineribus
363 2105 614 2154 pervenisset,
649 2104 782 2142 melius
802 2104 874 2141 sibi
909 2116 1024 2152 quam
1046 2101 1209 2152 putabat
1229 2098 1386 2137 accidit.
1443 2096 1612 2146 Expedi-

151 2166 282 2204 tissimi
305 2167 461 2217 quidam
483 2168 656 2217 equitum
677 2181 828 2205 suorum
850 2167 990 2204 vadum
1021 2166 1059 2203 in
1092 2165 1249 2202 flumine
1269 2161 1470 2212 reperiere,
1491 2161 1608 2197 altum

151 2230 310 2279 quidem
329 2244 375 2268 ac
396 2231 563 2276 difficile,
584 2231 651 2268 sed
674 2244 743 2280 pro
764 2231 950 2280 qualitate
970 2228 1153 2278 temporis
1175 2233 1424 2277 oportunum.
1474 2224 1610 2271 Itaque

153 2293 257 2343 quod
288 2307 460 2344 persaepe
492 2302 531 2333 et
560 2295 705 2332 fecerat
737 2301 775 2332 et
808 2294 979 2331 facturus
998 2298 1091 2337 erat,
1128 2288 1351 2328 transversis
1382 2288 1419 2323 in
1457 2285 1609 2323 flumine

150 2358 258 2408 equis
280 2361 489 2409 majoribus
509 2361 573 2410 qui
595 2359 781 2397 undarum
804 2360 969 2410 primum
990 2358 1176 2408 impetum
1198 2355 1441 2397 sustinerent,
1464 2352 1609 2389 salvum

153 2422 309 2472 quidem
342 2423 432 2461 licet
463 2437 587 2474 usque
606 2424 655 2461 ad
690 2425 867 2461 humeros
901 2421 1160 2460 madefactum
1195 2418 1364 2457 traduxit
1382 2415 1609 2455 exercitum.

152 2486 203 2523 Et
223 2499 343 2535 quum
370 2495 509 2536 praeter
527 2489 697 2525 omnium
718 2487 935 2539 opinionem
955 2499 1001 2524 ac
1021 2498 1126 2536 spem
1148 2488 1314 2527 venerat,
1335 2481 1416 2518 solo
1437 2477 1608 2517 hostibus

196 2641 238 2670 70
262 2639 377 2678 Forte,
394 2638 614 2670 navibus.—71
639 2640 742 2679 Lege,
763 2639 969 2669 avecta—72
992 2634 1145 2677 Suppleo
1161 2643 1204 2665 ex
1221 2633 1379 2664 Caesare:
1396 2627 1528 2668 flumine
1542 2628 1608 2658 aut.

154 2694 238 2722 —73
263 2692 366 2732 Lege,
383 2703 450 2723 eum
466 2692 702 2723 trunsum—74
726 2691 838 2731 Forte,
852 2689 1002 2729 cogitans.
