1850 3109
405 198 513 229 CAP.
542 187 612 227 41.
645 195 740 225 mu.
773 193 834 224 nn

118 292 316 335 praepositio
351 291 476 332 ubique
510 288 711 322 inculcanda
741 291 818 318 est:

117 344 198 375 licet
224 352 328 384 supra
348 342 471 382 saepins
499 340 679 371 viderimus
705 339 751 369 ita
776 339 822 369 lo-

117 400 215 424 cutos
238 392 394 431 Veteres,
411 397 446 422 et
470 392 501 422 in
526 391 576 421 liis
599 391 714 421 horum
731 399 821 419 com-

117 443 357 474 mentariorum
389 441 569 473 Auctores.
615 439 702 471 Vide
731 439 821 471 Indi-

116 502 204 525 cem.

160 551 231 574 xm.
256 546 271 573 l
300 543 399 579 Quem
420 544 486 584 ipse
507 543 546 573 acl
571 542 722 573 Mundam
741 551 822 582 pra·-

113 593 229 625 sidium
244 595 480 634 oppugnandum
502 593 682 633 reliquerat]
712 593 821 624 Editt.

117 644 213 674 Rom.
228 644 315 674 Ven.
334 643 492 674 Beroald.
510 644 631 675 omissa
656 642 751 681 voce,
766 652 822 673 ex-

115 694 233 726 hibent
255 704 344 735 quem
363 695 428 735 ipse
449 696 489 725 ad
513 694 694 734 praesidium
710 703 823 734 oppug-

114 745 249 775 nandum
280 745 468 785 reliquerat:
502 745 568 776 Ms.
600 744 740 776 Norvic.
772 753 822 774 re·

116 799 304 836 praescntat
319 805 407 835 quem
429 805 490 826 una
512 796 552 826 ad
575 795 757 836 prce-sidium
773 803 823 834 op·

112 847 314 886 pugnandum
341 847 530 886 reliquerat:
561 846 651 877 unde
681 845 822 886 legerim

115 906 204 937 quem
220 897 350 927 Mundae
364 898 403 928 ad
423 896 619 937 praesidfflm,
634 898 686 936 «850.
732 895 822 927 Nam

114 947 189 978 liaec
220 947 359 978 Mundae
391 952 488 988 gesta
516 945 619 978 fuisse
657 956 699 977 ex
729 956 823 988 seqq.

115 997 235 1039 liquet.
259 997 371 1028 Daris.
394 1002 430 1029 et
456 998 563 1029 Clark.
589 997 740 1028 Mundam
756 997 822 1038 pri-

116 1057 191 1078 mus
214 1048 361 1079 intexuit
384 1048 548 1088 Scaliger.
585 1048 654 1088 Ipse
679 1047 776 1078 abest
804 1057 823 1077 a

116 1097 212 1128 Leid.
245 1106 297 1136 pr.
330 1097 451 1128 Petav.
484 1102 519 1128 et
547 1097 636 1128 Scal.
668 1098 823 1128 Blandum

116 1151 237 1178 contra
249 1145 344 1177 deest
359 1146 462 1177 etiam
480 1145 577 1177 Leid.
595 1155 662 1177 sec.
679 1151 715 1176 et
732 1146 822 1176 Gall.

115 1199 224 1232 Dorv.
242 1198 300 1230 sed
323 1209 383 1230 una
404 1199 445 1228 ad
465 1207 516 1238 pr.
539 1197 662 1229 Petav.
685 1199 726 1228 ad
749 1197 823 1228 Mu-

115 1259 188 1280 nam
215 1249 339 1289 Scalig.
378 1250 418 1279 ad
456 1249 609 1279 Mimdam
638 1248 736 1280 Leid.
768 1259 821 1290 pr.

117 1299 200 1330 Fors
229 1300 270 1330 ad
300 1299 453 1330 Mundam
479 1300 518 1330 ad
543 1310 593 1339 pr.
622 1300 676 1330 vel
703 1300 742 1330 ad
772 1300 821 1330 M.

112 1359 207 1391 proes.
233 1350 503 1390 obpugnaturum5
534 1353 592 1381 aut
620 1351 661 1380 ad
688 1350 823 1380 Munda-

115 1410 188 1431 num
214 1409 307 1441 prees.
346 1400 604 1440 obpugnandum;
637 1400 727 1441 quod
757 1409 824 1431 non

116 1449 300 1492 displicet:
340 1461 403 1483 nec
433 1451 521 1482 enim
553 1451 726 1483 adsentior
756 1451 824 1483 Go-

117 1501 220 1533 duino
247 1507 282 1533 et
309 1501 468 1543 Cellario,
490 1502 548 1544 qui
571 1501 725 1534 Glossam
749 1511 823 1534 esse

117 1555 268 1583 censent.

160 1604 181 1632 2
204 1601 348 1633 Assiduis
360 1601 442 1640 ***;
466 1602 634 1643 hostesque,
651 1602 720 1644 ξω]
753 1603 824 1634 De-

118 1660 193 1683 esse
221 1651 357 1682 videtur
383 1652 524 1693 aliquid.
578 1653 681 1686 Quod
711 1658 824 1684 tamen

118 1710 184 1732 non
202 1700 424 1732 adverterunt
447 1701 620 1733 Editores.
647 1704 758 1734 Clark.
782 1703 824 1734 Id

118 1753 249 1783 monuit
261 1753 332 1793 jam
357 1752 600 1793 Glandorpius.
635 1753 753 1784 Hostes
768 1753 825 1784 ha-

119 1801 178 1833 bet
192 1802 298 1833 Dorv.
314 1801 385 1833 sine
402 1811 470 1842 quc.
516 1801 565 1833 At
589 1802 712 1834 Petav.
729 1802 824 1834 Leid.

117 1861 171 1893 pr.
187 1852 313 1893 Scalig.
335 1852 448 1883 Adsid.
461 1853 640 1893 diurnisque
655 1853 826 1894 (lurnz'sque

119 1904 214 1936 Leid.
231 1910 268 1936 et
282 1904 389 1945 scal.)
402 1905 517 1936 circum
531 1914 563 1936 se
576 1905 762 1936 interclusis.

161 1958 182 1987 6
230 1955 384 1996 capiunt]
435 1955 503 1986 Ms.
533 1955 681 1987 Eliensis
717 1955 825 1995 addit,

118 2014 194 2038 ΧΠ.
223 2007 309 2038 Mss.
340 2007 425 2047 Reg.
459 2011 495 2038 et
523 2006 634 2038 Vossii
664 2010 699 2037 et
729 2007 823 2038 Edit.

118 2057 216 2088 Rom.
235 2056 378 2096 addunt,
396 2065 462 2088 xrv
478 2057 586 2089 millia.
613 2058 720 2089 Clark.
741 2057 824 2089 Mss.

119 2107 200 2139 Pet.
226 2108 313 2138 Scal.
335 2108 434 2139 Leid.
461 2118 512 2149 pr.
538 2109 646 2140 Dorv.
674 2113 709 2140 et
735 2108 824 2139 Edd.

121 2158 216 2189 Rom.
245 2157 340 2189 Med.
363 2159 450 2189 Ven.
475 2167 541 2190 xrv
564 2160 673 2190 milia:
696 2160 768 2190 sine
791 2170 828 2190 ac

119 2208 239 2240 deinde.
283 2209 378 2239 Bene
409 2209 543 2241 scilicet
569 2209 664 2241 Leid.
692 2219 762 2242 sec.
791 2214 827 2240 et

119 2259 208 2292 Edd.
236 2260 337 2291 Vasc.
363 2260 481 2301 Steph.
513 2261 643 2302 Gryph.
672 2265 759 2301 post.
788 2270 827 2292 ac

118 2310 254 2342 Stradae
271 2311 355 2342 viros
367 2311 494 2352 capiunt
511 2321 573 2342 xu·
590 2312 697 2348 milia;
719 2322 754 2342 ac
776 2312 828 2342 de-

121 2361 210 2392 inde.-
234 2361 322 2403 quod
338 2362 467 2393 idcirco
492 2361 639 2393 restitui.
674 2361 763 2392 Vide
784 2360 828 2392 ad

121 2411 164 2442 B.
192 2411 265 2444 civ.
293 2420 347 2442 111.
377 2414 409 2443 4.
443 2411 639 2451 sagittarios,
666 2420 702 2441 ιν
727 2411 827 2441 milia.

122 2461 192 2493 Pro
214 2462 380 2493 Ursaonem
403 2471 482 2492 vero
507 2462 561 2493 liic
577 2467 612 2492 et
628 2460 718 2492 infra
737 2461 830 2492 Urso-

121 2521 190 2543 nem
213 2512 317 2543 habet
341 2512 458 2543 Codex
486 2512 633 2543 Dorvill.
660 2511 828 2553 quomodo

121 2561 195 2593 haec
205 2561 284 2593 urbs
299 2562 470 2602 Straboni,
483 2562 609 2601 Plinio,
623 2567 657 2593 et
670 2561 828 2602 Appiano

123 2617 279 2644 vocatur.
300 2613 388 2644 Vide
400 2612 545 2645 Casaub.
561 2612 601 2643 ad
611 2612 726 2644 Strab.
741 2613 827 2643 Lm.

124 2670 159 2701 p.
174 2664 250 2694 208.
278 2663 459 2694 Ver-saonem
474 2662 563 2694 Edd.
582 2673 640 2704 pp.
657 2662 716 2694 sed
734 2668 828 2694 recte

125 2709 223 2743 infra.
245 2711 314 2743 Adi
329 2713 371 2744 ad
387 2723 417 2745 c.
432 2717 485 2745 28.

169 2763 193 2792 8
217 2760 272 2794 Aa
292 2764 530 2804 oppugnmzdm
552 2764 668 2796 hostem
693 2763 830 2798 obverte-

1467 181 1579 223 1677

872 284 934 325 ret]
961 284 1127 316 Emendat
1142 283 1447 326 Godiiinus,(qu0d
1463 291 1496 317 et
1510 288 1580 318 Da-

872 337 974 366 visius
1006 336 1152 376 probare
1191 335 1355 375 videtur,)
1391 336 1428 366 ab
1463 347 1580 376 oppug-

871 388 984 418 nando.
1029 386 1095 418 Sed
1113 386 1194 416 nihil
1210 396 1306 426 opus.
1353 387 1414 417 Est
1429 387 1516 417 enim
1533 387 1580 419 lo-

873 437 966 467 cutio
983 437 1112 473 similis,
1127 441 1228 477 atque
1254 436 1312 466 illa
1329 437 1452 476 saepius
1469 446 1488 467 a
1504 437 1578 468 Caz-

872 497 945 518 sarc
977 491 1152 526 usurpata,
1173 487 1213 516 ad
1236 487 1451 526 insequendum
1475 488 1581 517 tarda·

873 538 936 568 bat.
965 538 1073 568 Clark.
1107 536 1263 567 Godnino
1281 537 1328 567 ita
1341 538 1455 577 paruit
1472 539 1581 570 Cella·

873 590 952 627 rius,
968 593 1005 619 ut
1022 589 1053 618 in
1070 592 1200 619 textum
1226 589 1397 628 receperit
1414 589 1488 629 ejus
1503 599 1581 620 con-

866 641 1039 681 jecturam
1065 638 1103 669 ab
1132 638 1334 678 obpugnanda
1361 639 1392 670 Ιι.
1415 644 1580 673 averteret.

873 690 1055 721 Abterteret
1086 694 1137 720 est
1175 689 1340 729 Scaligeri
1377 690 1552 722 inventum
1571 701 1579 722 τ

873 750 950 771 nam
965 741 1047 771 Mss.
1066 739 1180 770 cuncti
1204 744 1239 770 et
1264 740 1356 770 Editi
1378 740 1508 781 priores
1528 752 1581 782 ap-

868 795 1009 832 peteret:
1035 790 1123 832 quod
1140 800 1205 822 non
1222 790 1388 831 intelligo.

915 846 936 874 9
963 843 1052 878 Quod
1067 851 1249 882 aquassnon
1273 845 1353 882 erat,
1370 852 1439 873 nam
1455 853 1482 874 c.
1496 842 1582 874 ritus

872 903 1021 933 nusquam
1042 892 1268 933 reperiebatur]
1301 893 1358 924 Sic
1383 898 1582 925 constanter

874 944 999 975 edunt:
1029 943 1089 975 sed
1118 943 1231 974 invitis
1258 943 1445 976 codicibus,
1490 944 1580 976 Nam

874 995 997 1025 Petav.
1020 998 1056 1025 et
1079 993 1204 1025 Ellens.
1221 994 1305 1025 dant
1320 997 1355 1025 ut
1376 1005 1454 1035 aqua
1478 1004 1526 1035 pr.
1548 995 1583 1026 in

872 1045 938 1085 ipso
961 1056 1010 1085 op.
1031 1045 1105 1076 circ.
1130 1054 1277 1085 nusquam
1291 1045 1502 1085 reperiretur:
1525 1044 1582 1076 de·

874 1095 952 1126 lctis
968 1105 1026 1126 non
1042 1100 1110 1127 erat
1124 1106 1194 1127 nam
1208 1096 1306 1126 ricus.
1351 1095 1400 1126 At
1417 1095 1514 1126 Leid.
1529 1105 1582 1136 pr.

875 1150 911 1176 et
933 1146 1057 1186 Scalig.
1081 1150 1116 1177 ut
1137 1156 1251 1187 aquam
1274 1145 1367 1187 (aqua
1390 1145 1486 1177 Leid.
1512 1145 1582 1187 pr.)

869 1206 922 1236 pr.
935 1196 969 1227 in
982 1197 1004 1228 i.
1019 1207 1066 1237 op.
1080 1208 1153 1229 nam
1178 1208 1203 1229 c.
1219 1207 1366 1237 nusquam
1379 1199 1582 1238 reperiretur.

879 1247 922 1277 Ut
935 1257 1044 1287 aquam
1061 1252 1113 1279 est
1130 1248 1235 1279 etiam
1257 1248 1291 1278 in
1308 1249 1418 1279 Dorv.
1434 1248 1506 1278 sine
1518 1249 1584 1279 τοῖς

873 1302 1025 1330 nouerat.
1069 1299 1170 1330 Ritus
1193 1299 1290 1330 abest
1314 1299 1355 1329 ab
1379 1297 1466 1329 Edd.
1486 1299 1583 1330 Rom.

874 1350 960 1380 Ven.
991 1354 1027 1381 et
1054 1350 1199 1382 Mediol.
1247 1349 1348 1381 Unde
1379 1353 1477 1390 patet
1506 1349 1582 1381 luce

874 1399 999 1431 clarius
1016 1400 1273 1432 rescribendum
1295 1401 1340 1431 Ut
1357 1410 1435 1441 aqua
1451 1404 1584 1441 praeter-

874 1462 965 1492 quam
982 1452 1015 1483 in
1036 1453 1102 1493 ipso
1119 1453 1228 1493 oppido
1244 1452 1368 1483 Munda
1390 1451 1469 1493 (hoc
1494 1452 1583 1483 enim

875 1501 1099 1543 depravatum
1123 1507 1175 1534 est
1198 1503 1233 1533 in
1254 1502 1342 1543 nam)
1365 1502 1478 1534 circum
1500 1503 1585 1533 circa

873 1562 1023 1593 nusquam
1058 1553 1258 1594 reperiretur.
1317 1552 1497 1585 Quomodo
1527 1562 1584 1583 ex·

873 1602 979 1634 hibui.

917 1653 1103 1693 Accedebat,
1138 1657 1230 1685 ut—
1244 1663 1304 1685 non
1337 1652 1585 1695 reperiebantur]

874 1703 1029 1735 Barbare
1051 1704 1116 1735 hoc
1140 1713 1291 1745 prorsus,
1315 1708 1349 1736 et
1370 1712 1583 1744 nequaquam

875 1753 1010 1785 Latine.
1038 1754 1238 1794 Legendum
1261 1754 1408 1791 omnino,
1437 1754 1502 1792 vel,
1535 1763 1584 1783 ac-

875 1804 1010 1844 cedebat,
1026 1804 1221 1845 quod—non
1237 1803 1489 1845 reperiebatur,
1506 1814 1585 1845 quo-

875 1854 1057 1895 modojam
1074 1855 1219 1895 snpra,§
1236 1857 1266 1886 3.
1312 1854 1390 1893 Vel,
1412 1853 1585 1891 accedebat,

876 1909 1040 1936 ut—-non
1069 1905 1317 1944 reperirentur.
1362 1903 1586 1937 Quemadmo-

877 1955 956 1987 dum
972 1965 1086 1996 supra,
1102 1956 1151 1996 (in
1165 1955 1285 1986 eodem
1302 1954 1360 1985 illo
1376 1952 1481 1995 10c0‚)
1495 1953 1585 1995 quod

877 2005 1021 2038 Codices
1038 2006 1193 2047 plerique
1217 2004 1395 2045 exhibent,
1410 2004 1584 2043 accedebat,

878 2057 968 2099 quod
991 2067 1173 2098 aqua—non
1197 2061 1283 2095 erat,
1309 2055 1344 2086 id
1368 2055 1403 2086 in
1423 2055 1490 2086 Ms.
1515 2055 1584 2086 Eli-

876 2107 948 2139 ensi
965 2112 1016 2139 est
1032 2106 1205 2146 accedebat,
1229 2111 1267 2137 ut
1288 2115 1471 2145 aqua—non
1488 2114 1586 2145 repe-

875 2157 1015 2189 riretur.
1049 2157 1161 2188 Clarlc.
1200 2156 1244 2187 Ut
1265 2164 1364 2195 agger
1384 2155 1586 2195 materiesque

874 2218 935 2239 non
963 2206 1209 2249 reperiebantur.
1264 2205 1417 2237 Barbare
1448 2206 1586 2246 scripsit

877 2257 1026 2297 Hirtius,
1055 2257 1083 2288 si
1111 2258 1175 2288 hoc
1199 2256 1300 2288 modo
1328 2256 1477 2297 scripsit.
1522 2257 1586 2288 Le-

876 2309 1021 2348 gendum
1049 2309 1127 2348 quod
1152 2316 1252 2347 agger
1278 2306 1586 2346 materiesque—non

876 2358 1109 2398 reperiebantur
1121 2367 1132 2394 ;
1154 2357 1208 2388 vel
1226 2359 1259 2387 ut
1274 2366 1373 2396 agger
1386 2356 1586 2397 materiesque

876 2419 980 2439 —non
1006 2408 1264 2448 reperirentur-3
1299 2405 1586 2448 quemadmodum

878 2459 983 2491 etiam
1000 2459 1051 2491 Cl.
1065 2459 1222 2491 Clarkius
1241 2456 1493 2488 animadvertit.
1516 2456 1585 2487 Da-

876 2510 935 2541 ris.
960 2520 1032 2541 cur.
1050 2519 1117 2541 sec.
1155 2509 1243 2540 Haec
1261 2517 1375 2539 rursus
1392 2506 1586 2547 prodigiose

878 2565 1041 2602 corrupta
1055 2564 1144 2592 sunt.
1190 2559 1350 2599 Aggerem
1366 2557 1462 2589 Leid.
1480 2567 1530 2597 pr.
1549 2561 1585 2587 et

878 2613 984 2644 Dorv.
999 2613 1033 2643 in
1051 2622 1117 2654 quo
1133 2611 1237 2643 etiam
1262 2610 1498 2648 materiemque.-
1522 2617 1583 2647 pro

878 2663 980 2694 solitoe
1009 2662 1104 2694 Leid.
1136 2672 1188 2703 pr.
1218 2661 1336 2692 soluti:
1371 2658 1456 2689 soliti
1494 2656 1583 2688 Edd.

879 2714 975 2744 Rom.
1008 2713 1104 2744 Med.
1134 2713 1209 2744 loco
1238 2711 1295 2742 τοῦ
1319 2710 1373 2748 agi
1399 2708 1526 2738 habent
1553 2710 1583 2738 et

877 2763 967 2795 Scal.
985 2768 1021 2794 et
1044 2762 1141 2795 Leid.
1162 2772 1233 2795 sec.
1257 2760 1318 2793 sed
1340 2759 1418 2791 vide
1439 2757 1483 2790 ad
1505 2767 1534 2790 e.
1550 2761 1581 2790 ῒ.

867 192 1024 221 BELLO
1057 192 1253 222 ulsrAN.
