1850 3109
238 163 349 205 1812
665 172 701 203 J.
734 172 871 203 CELsi
906 172 1254 202 COMMENTARM

239 282 280 311 ut
301 287 339 311 se
359 272 529 317 dederet,
566 284 739 322 pugnans
770 271 863 309 mori
893 271 1050 315 maluit;
1081 271 1192 308 fracti
1220 283 1265 307 ac
1285 270 1424 318 dejecti
1445 270 1580 306 animis
1602 283 1687 307 cum

236 338 369 375 adesse
397 337 588 375 Caesarem
626 335 824 379 audirent;
856 335 1034 382 clangore
1066 334 1244 371 tuburum
1265 333 1370 370 velut
1401 332 1449 369 ad
1483 332 1689 369 consilium

238 401 472 451 congregati,
494 398 662 436 unanimi
677 398 844 434 clamore
864 396 1057 433 diffiniunt
1074 396 1278 433 mittendos
1300 396 1348 434 ad
1365 410 1451 433 eum
1472 396 1628 433 obsides
1643 408 1689 432 ac

238 466 399 515 legatos,
416 462 529 512 [164]
543 469 751 510 notamque
771 459 1135 509 ad·misericordiam
1158 460 1453 496 convolandum.
1483 459 1621 496 Nullus
1641 459 1690 496 ab

238 529 311 566 lioc
333 525 491 564 consilio
511 523 687 561 dissensit
709 529 850 572 praeter
869 535 987 559 unum
1008 523 1198 566 Comium,
1229 523 1294 571 qui
1328 529 1432 560 metu
1467 523 1570 571 digni
1604 535 1691 570 sup-

237 591 338 641 plicii
367 590 455 638 suga
485 587 717 624 deditionem
739 586 957 630 declinavit,
996 592 1112 634 atque
1141 585 1189 621 ad
1213 586 1426 623 Germanos
1457 598 1496 621 se
1527 585 1693 622 contulit

238 654 340 692 unde
358 651 576 701 6²vquitum
605 662 724 698 nuper
743 648 969 686 adduxerat.
1028 650 1156 697 Legati
1178 662 1266 685 cum
1287 649 1333 685 ad
1357 650 1547 685 Caesarem
1570 648 1692 685 venis·

237 724 322 755 sent
342 715 390 753 ad
414 726 535 765 genua
555 711 749 762 provoluti
769 712 883 748 verba
906 713 940 747 in
962 713 1060 748 lianc
1079 712 1241 749 ⁶³tixere
1261 713 1500 749 sententium.
1538 716 1547 730 ‘
1572 712 1690 748 Parce

237 783 366 819 Caesar
394 791 523 829 parce,
555 789 628 813 non
658 781 817 826 propter
846 774 1053 823 degeneres
1075 781 1184 812 actus
1203 783 1353 813 nostros
1373 782 1477 812 tuam
1501 774 1692 811 nobilissi-

234 857 336 882 mam
357 853 562 891 corrumpe
583 846 780 876 naturam:
811 837 881 874 nisi
912 844 1119 886 peccarent
1149 838 1333 881 homiues,
1374 838 1495 887 segnis
1525 843 1625 874 esset
1652 844 1692 875 et

234 908 356 946 otiosa
377 905 590 949 clementia,
614 915 700 952 quae
721 915 796 938 nou
817 900 938 938 minus
960 907 1067 938 tuum
1089 914 1226 938 nomen
1249 914 1363 951 quum
1385 914 1516 938 omnes
1539 901 1690 938 bellica:

235 971 368 1009 laudes
389 980 599 1016 omnesque
620 965 790 1003 victoria:
811 964 956 1002 clarum
978 965 1082 1002 fecit.
1141 966 1199 1002 Da
1221 965 1368 1002 veniam
1390 964 1581 1002 erroribus
1606 977 1693 1001 nos-

235 1034 314 1078 tris,
350 1045 475 1081 eoque
505 1029 698 1079 supplicio
729 1033 931 1065 contentus
960 1034 1057 1073 esto,
1096 1028 1199 1078 quod
1230 1028 1304 1078 ipsi
1333 1028 1445 1065 nobis
1481 1027 1690 1070 intulimus,

235 1097 340 1148 quod
364 1104 405 1134 tu
427 1106 636 1143 nunquam,
659 1093 688 1129 si
709 1092 805 1129 bene
826 1097 862 1128 te
882 1092 1067 1136 novimus,
1097 1093 1302 1129 intulisses:
1334 1092 1592 1141 peccavimus,
1613 1105 1690 1129 non

233 1174 435 1211 negamus:
468 1158 532 1195 sed
563 1156 714 1207 peccati
745 1155 863 1193 nostri
882 1156 1121 1205 gravissimas
1153 1168 1282 1205 poenas
1303 1155 1462 1192 dumus:
1493 1156 1688 1192 amisimus

234 1239 325 1276 opes
354 1230 498 1261 nostras
528 1228 566 1258 et
604 1226 790 1257 vetustam
820 1219 993 1268 gloriam,
1021 1226 1061 1256 et
1090 1226 1227 1256 matres
1261 1226 1299 1256 et
1337 1219 1435 1255 viros
1471 1218 1692 1256 amisimus:

234 1289 328 1326 nihil
348 1287 459 1324 nobis
478 1291 535 1322 est
556 1284 689 1334 reliqui
709 1291 848 1333 praeter
868 1289 972 1320 tuam
994 1283 1293 1319 misericordiam
1312 1296 1321 1318 ι
1352 1282 1399 1319 de
1419 1282 1485 1319 illo
1500 1283 1580 1319 solo
1601 1295 1691 1333 spe-

233 1364 362 1389 ramus
381 1363 494 1400 quem
516 1347 772 1384 offendimus:
803 1347 877 1383 hoc
898 1345 1013 1382 tantis
1035 1346 1074 1382 iu
1095 1345 1202 1382 malis
1225 1345 1316 1382 boni
1343 1351 1414 1390 est,
1449 1345 1553 1394 quod
1576 1346 1689 1384 simul

233 1422 273 1454 et
310 1414 486 1452 Corbeus
525 1411 648 1448 omnis
683 1409 771 1447 mali
807 1415 943 1446 auctor
974 1410 1175 1454 occubuit,
1211 1422 1289 1458 quo
1319 1409 1457 1458 sospite
1475 1408 1689 1458 64unquam

232 1478 343 1516 nobis
364 1477 585 1527 resipiscere
601 1474 782 1511 licuisset:
807 1474 866 1510 illc
888 1473 1042 1523 plebem
1059 1474 1232 1511 miseram
1251 1486 1501 1522 quocumque
1522 1473 1691 1511 libuerat

234 1542 469 1580 concitabat.
526 1539 616 1576 Plus
637 1538 698 1575 ille
721 1551 818 1575 unus
840 1550 953 1587 quam
974 1545 1127 1575 senatus
1148 1545 1287 1581 noster,
1322 1549 1436 1586 quam
1455 1534 1688 1587 ⁶⁵priuceps,

233 1612 427 1656 postremo
462 1617 574 1653 quam
613 1608 691 1639 tota
712 1601 847 1638 civitas
881 1607 1059 1650 poterat:
1089 1601 1302 1653 gaudemus
1333 1599 1486 1649 periisse
1515 1600 1690 1638 dumille

232 1670 412 1720 perierit!
469 1669 517 1704 Et
550 1668 680 1705 Caesar
711 1664 760 1701 ad
800 1665 906 1701 haec:
939 1670 949 1684 ‘
970 1671 1009 1702 et
1042 1677 1143 1702 anno
1175 1664 1294 1701 altero
1328 1663 1437 1713 primi
1467 1663 1688 1709 furentium,

233 1733 355 1771 ultimi
390 1730 693 1782 resipiscentium
721 1729 864 1774 fuistis,
903 1736 941 1766 et
972 1741 1073 1766 nunc
1107 1729 1212 1766 nulla
1238 1735 1368 1766 nostra
1401 1727 1516 1777 culpa
1544 1728 1689 1765 bellum

232 1798 344 1835 nobis
365 1796 565 1833 intulistis:
597 1795 661 1831 sed
684 1793 785 1830 enim
807 1793 899 1830 fecit
920 1793 1002 1830 haec
1024 1793 1198 1830 Corbeus
1220 1793 1349 1836 solus;
1382 1791 1525 1829 nullum
1549 1791 1585 1828 iu
1607 1791 1688 1829 aliis

233 1862 377 1900 crimen
406 1867 488 1903 est;
521 1859 615 1895 libet
635 1858 672 1894 id
703 1856 857 1906 quidem
879 1857 1054 1907 opinari:
1085 1857 1166 1894 scio
1200 1863 1323 1893 tamen
1358 1868 1473 1905 quam
1505 1868 1689 1893 accusare

232 1930 406 1962 mortuos
428 1936 499 1960 nec
519 1934 768 1971 responsuros
802 1921 884 1958 leve
910 1927 981 1958 est.
1039 1920 1114 1957 Sed
1149 1933 1344 1969 nunquam
1365 1925 1513 1956 tautum
1536 1932 1631 1956 unus
1652 1919 1689 1956 iu

233 1987 380 2038 populo
403 1991 545 2035 potest,
579 1985 671 2033 quin
703 1984 789 2032 plus
822 1983 940 2032 possit
961 1983 1136 2020 universa
1165 1983 1357 2027 nobilitas,
1398 1982 1427 2019 si
1456 1982 1687 2019 adsalutem

231 2051 427 2101 publicam
464 2049 566 2085 hona
586 2047 662 2084 fide
683 2047 905 2084 concordet.
963 2048 1044 2096 Ego
1071 2054 1197 2084 autem
1230 2059 1306 2082 non
1335 2046 1510 2083 omittam
1545 2059 1686 2083 morem

233 2128 361 2152 meum
379 2114 414 2150 in
432 2113 559 2155 vobis:
584 2124 738 2162 parcam
759 2111 816 2148 vel
836 2111 1022 2160 indignis3
1046 2123 1120 2147 non
1142 2109 1236 2159 quid
1255 2123 1321 2146 vos
1336 2110 1471 2146 deceat
1485 2110 1691 2158 aspiciens,

234 2179 298 2216 sed
332 2177 425 2227 quid
462 2189 544 2213 me:
577 2189 644 2211 vos
678 2174 880 2224 peccastis,
915 2181 953 2210 et
973 2187 1038 2210 vos
1059 2174 1169 2210 vobis
1206 2186 1358 2222 poenam
1393 2173 1584 2222 irrogastis
1612 2186 1688 2223 qua

233 2248 439 2279 contentus
478 2240 589 2276 aliam
623 2252 699 2275 non
738 2238 958 2287 imponam.’
1015 2237 1124 2273 Datis
1153 2236 1353 2274 obsidibus
1391 2249 1465 2285 pax
1498 2238 1688 2282 convenit,

233 2313 377 2342 secutae
400 2304 613 2352 exemplum
638 2304 748 2338 urbes
783 2302 939 2351 reliquae
973 2314 1060 2350 qua:
1095 2314 1182 2338 cum
1210 2301 1284 2337 illis
1316 2299 1617 2347 conjuraverant,
1649 2309 1688 2338 et

230 2375 402 2417 petentes
421 2367 580 2403 similem
601 2365 845 2402 clementiam
875 2365 1111 2402 invenerunt.
1141 2364 1253 2413 [165]
1281 2365 1367 2400 Jam
1388 2362 1492 2412 quod
1514 2363 1564 2400 ad
1585 2364 1686 2413 pub-

230 2432 324 2469 licos
345 2430 533 2467 amm-bai
554 2437 680 2466 motus
701 2441 920 2477 compressa
940 2435 977 2465 et
998 2435 1135 2477 pacata
1156 2439 1281 2463 omniu
1307 2427 1534 2464 videbantur
1548 2434 1688 2476 praeter

229 2495 428 2538 Treveros,
465 2505 657 2542 uunquam
693 2492 760 2528 uisi
792 2504 860 2540 per
883 2491 956 2527 vim
987 2491 1173 2540 imperata
1194 2489 1376 2535 facturos,
1407 2502 1452 2526 eo
1475 2490 1684 2528 Labienum

272 2641 314 2670 62
351 2639 466 2679 Forte,
489 2639 757 2679 equitatum->03
796 2637 898 2677 Lege,
918 2635 1118 2673 secem—fil
1159 2637 1261 2676 Lege,
1291 2638 1540 2676 nunquanz.—65
1581 2636 1685 2676 Lege,

231 2702 396 2733 prmctpcs.
