1850 3109
501 171 608 202 oAP.
638 162 796 202 7.1.1ss.
831 173 894 202 Du
928 173 1086 204 nanno
1119 176 1283 209 nuuc.

162 267 283 300 Cicero
298 266 378 298 alibi
392 267 661 308 q110q11ejungit.
698 268 807 308 Supra
824 269 857 298 in

162 319 203 351 B.
220 318 319 350 Alex.
336 327 366 348 c.
389 320 442 348 46.
465 318 474 334 ‘
491 316 643 349 t'ortuitae
672 318 861 350 dimicatio-

161 369 214 400 nis
236 367 393 399 fortuna!

203 427 252 449 lv.
275 422 292 448 5
319 417 418 448 Simul
442 421 534 458 atque
563 422 644 458 capt.
671 419 774 459 perta]
816 421 856 451 In

158 471 241 502 Mss.
270 469 502 509 Leidensibus,
525 471 648 508 scalig.
675 472 773 503 Voss.
797 473 858 504 Lo-

157 530 232 551 van.
265 520 371 550 Dorv.
401 520 487 551 Edd.
526 522 664 553 Vascos.
692 524 856 563 Stephan.

157 569 301 610 Gryphii
329 570 453 609 legitur
492 571 675 611 simulatque
713 574 858 613 captivus

152 629 221 650 cum
234 629 320 659 perv.
367 620 471 651 Quasi
484 621 666 662 simulatque
681 632 750 653 cum
764 623 855 654 idem

151 674 243 702 esset
271 679 310 700 ae
338 671 428 701 simzd
470 672 522 702 vel
553 673 690 703 simulac.
756 675 855 706 Quod

151 720 210 752 vix
237 725 330 761 puto.
377 722 495 753 Potius
523 723 662 753 credam
684 724 855 755 excidisse

150 771 278 803 litteris.
306 772 347 803 V.
364 782 392 803 c.
412 776 442 803 8.
487 773 553 804 Sed
572 775 679 804 tutius
703 779 768 814 est,
784 776 855 806 vul-

151 826 230 862 gato
257 823 487 862 acquiescere,
520 823 610 864 quod
634 823 856 857 confirmatur

150 881 172 902 a
187 872 308 903 Petav.
329 878 363 903 et
380 873 467 904 Edd.
487 874 612 914 primis.

193 925 212 952 8
242 922 336 953 Venio
351 932 369 952 a
384 923 523 962 Caesare]
560 924 705 955 Primam
723 934 854 965 vocem,

148 976 268 1012 utpote
291 983 389 1013 quam
408 973 587 1004 delendam
604 976 780 1015 censebat,
798 986 855 1007 nn-

149 1024 196 1055 cis
214 1024 349 1055 inclusit
365 1024 438 1056 Jos.
454 1025 631 1066 Scaliger:
668 1027 727 1057 sed
746 1029 852 1058 multo

147 1073 266 1104 melior
278 1078 327 1104 est
344 1074 439 1104 Petri
457 1076 628 1106 Ciaccouii
641 1077 854 1108 animadver-

147 1124 211 1162 sio,
233 1125 289 1164 qui
309 1134 350 1154 ex
368 1134 530 1163 responso
547 1127 701 1157 Considii
722 1128 853 1158 notavit

145 1173 264 1205 deesse
294 1184 410 1205 vocem
438 1176 643 1215 Imperatore,
670 1187 775 1217 quare
803 1188 852 1209 re-

143 1224 258 1265 posuit
275 1225 358 1254 renio
371 1234 390 1254 α
403 1225 526 1255 Coesare
542 1225 744 1265 Imperatore,
763 1236 851 1258 eam-

145 1284 209 1315 que
223 1275 466 1315 conjecturam,
479 1285 570 1306 suam
585 1274 741 1307 fecerunt
757 1277 850 1309 Just.

146 1324 280 1364 Lipsius
299 1325 408 1356 Elect.
425 1333 464 1355 11.
481 1328 533 1356 22.
551 1330 587 1356 et
599 1326 699 1358 Joan.
720 1327 852 1358 Godui-

142 1383 216 1406 nus.
236 1375 317 1406 Mss.
338 1384 379 1405 11.
402 1375 574 1414 Thuauaei,
598 1382 850 1416 repraesentant

143 1425 234 1455 immo
248 1435 267 1455 α
285 1426 418 1463 Coemre,
431 1425 572 1456 Not-vic.
589 1435 658 1466 ymo
670 1437 689 1456 α
704 1428 848 1459 Caesare:

141 1475 232 1507 unde
244 1474 335 1507 facili
352 1475 589 1507 emendatione
601 1477 750 1508 rescribo
765 1479 846 1519 Imp.

139 1537 160 1557 α
178 1527 321 1562 Coesare‚·
346 1525 596 1567 Imperatorem
614 1528 704 1558 enim
721 1532 759 1559 nt
774 1529 847 1569 plu-

140 1577 261 1608 rimum
286 1576 539 1617 compendiarie
562 1577 759 1609 scribebant
790 1589 844 1610 ve-

140 1631 241 1667 teres,
265 1627 354 1668 quod
376 1637 419 1658 ex
446 1628 529 1658 Mss.
547 1632 582 1658 et
610 1628 846 1669 Inscriptioui-

140 1676 203 1707 bus
233 1676 366 1707 abunde
390 1677 508 1717 liquet.
533 1678 643 1709 Daris.
690 1678 846 1711 Certissi-

139 1737 193 1758 ma
220 1733 272 1758 est
288 1728 482 1759 emendatio
504 1729 697 1769 Imperatore
725 1740 744 1760 a
777 1732 845 1762 Coe-

137 1787 226 1809 sare:
249 1787 349 1819 quam
360 1779 434 1819 jam
447 1779 591 1819 protulit
605 1780 706 1811 etiam
719 1781 843 1812 Barth.

139 1827 284 1860 Advers.
304 1837 379 1859 xm.
393 1832 423 1860 5.
440 1836 478 1860 et
495 1830 530 1860 in
548 1835 680 1862 textum
696 1837 774 1862 ante
790 1840 844 1863 me

139 1879 274 1920 recepit
306 1879 473 1911 Clarkius.
537 1881 624 1912 Nam
663 1891 725 1921 pro
756 1882 843 1913 venio

138 1930 242 1960 etiam
259 1929 293 1960 in
308 1929 432 1960 Petav.
454 1931 580 1962 Lovan.
598 1931 725 1971 Scalig.
743 1931 841 1963 Leid.

138 1988 192 2020 pr.
222 1980 318 2010 Voss.
346 1986 508 2012 exaratur
538 1982 637 2013 Immo
666 1983 718 2013 vel
755 1983 843 2015 Ymo.

139 2030 258 2062 Celsus
276 2035 389 2062 tamen
403 2031 605 2071 simpliciter
617 2032 721 2064 habet
737 2044 756 2064 α
774 2035 843 2065 Coe-

135 2089 223 2112 sare:
260 2084 297 2111 et
319 2080 474 2113 defendit
506 2082 683 2122 Cenantis,
710 2083 842 2125 fingens

140 2129 349 2169 suspicatum
378 2129 483 2163 fuisse
511 2133 723 2173 Considium,
751 2135 842 2166 litte-

139 2188 254 2210 rarum
284 2187 520 2220 argumentum
550 2193 623 2214 esse
650 2185 752 2216 Urbis
776 2191 842 2217 tra-

142 2229 318 2260 ditionem.

181 2283 220 2310 ll
252 2279 342 2311 Sicut
370 2286 460 2313 erant
489 2283 638 2324 signutae]
677 2285 841 2318 Ultimam

137 2339 256 2361 vocem
283 2331 458 2371 Barthius,
485 2338 524 2364 ut
551 2333 706 2366 Glossam
723 2335 839 2373 delet3

137 2379 293 2412 sufficere
324 2382 469 2413 credens
497 2383 578 2414 sicut
613 2388 712 2416 erant.
773 2386 840 2417 Sed

138 2431 235 2462 male.
282 2431 358 2462 Hac
389 2433 478 2464 enim
508 2443 586 2464 cum
609 2439 752 2466 utuntur
773 2435 840 2467 for-

136 2481 229 2512 mula
244 2486 391 2522 veteres,
415 2484 631 2523 praemittunt
655 2491 769 2517 tamen
785 2488 838 2518 vel

136 2530 360 2572 subjungunt,
390 2543 455 2574 quo
482 2534 582 2566 modo
613 2535 696 2576 quid
722 2536 838 2568 fuerit.

137 2579 178 2610 ld
194 2581 249 2612 hic
260 2591 324 2612 non
342 2582 527 2623 diceretur,
541 2584 568 2615 si
581 2585 716 2624 signatae
729 2587 838 2618 tollas.

139 2627 227 2660 Vide
242 2630 284 2661 ad
301 2631 418 2664 Front.
442 2642 492 2664 iv,
520 2637 549 2664 1.
575 2637 631 2666 28.
674 2637 684 2653 ‘
701 2637 751 2667 Ut
763 2641 839 2667 erat

138 2676 264 2710 foedato
280 2681 420 2713 habitu!
465 2683 561 2714 Infra
587 2694 618 2716 c.
643 2687 696 2716 17.
712 2689 767 2716 77.
783 2689 837 2718 78.

137 2728 148 2743 ‘
164 2727 262 2759 Sient
283 2734 363 2769 erat
384 2730 591 2773 instructus.'
642 2734 782 2766 Sueton.
802 2735 838 2766 in

1503 173 1615 217 1581

914 266 1034 298 Claud.
1064 277 1093 300 c.
1122 271 1174 300 34.
1212 271 1326 301 ‘sicut
1353 278 1428 304 erat
1458 278 1617 315 togatus!

912 316 1053 357 Apulei.
1083 327 1146 350 vn.
1180 323 1252 351 135.
1280 322 1288 337 ‘
1307 327 1343 352 ut
1369 328 1442 354 erat
1471 326 1615 360 vinculis

911 368 1055 399 onusta!
1080 370 1196 401 Valer.
1216 371 1309 402 Max.
1330 381 1377 403 vt.
1395 378 1424 404 5.
1438 378 1469 404 6.
1502 378 1509 392 ‘
1528 377 1617 409 Scri-

911 419 1001 450 nium
1018 420 1104 460 ejus,
1128 425 1159 452 nt
1191 426 1258 452 erat
1284 424 1456 464 signatum,
1479 427 1521 457 ad
1539 437 1613 459 eum

911 473 1062 504 remisit!
1126 475 1241 514 Nepos
1275 476 1395 516 Pelop.
1425 487 1455 508 c.
1493 487 1547 509 ιιι.
1582 484 1614 512 2.

909 524 918 539 ‘
937 524 1137 565 Epistolam‚
1179 526 1259 557 sicut
1289 531 1356 558 erat
1383 528 1521 570 sig-nata,
1552 531 1613 562 sub

909 574 1090 612 pulvinum
1107 575 1313 615 subjiciens!

954 631 984 653 v.
1021 627 1041 653 6
1079 624 1287 666 Dffcilisque
1314 629 1354 658 ad
1380 629 1518 669 obpugn.
1546 635 1615 663 erat

907 672 1058 712 accessus]
1096 674 1212 705 Primo
1242 676 1274 706 in
1304 678 1388 708 Mss.
1419 680 1574 711 omnibus
1594 691 1615 712 a

907 731 960 752 me
982 723 1061 753 visis
1078 729 1238 756 exaratur
1253 730 1284 756 et
1307 727 1451 769 difficilia
1498 732 1612 763 Quare

906 772 953 803 ita
983 775 1129 813 reposui.
1154 775 1194 805 In
1221 777 1319 808 Voss.
1338 784 1389 809 est
1415 782 1444 809 et
1471 780 1613 821 difficiles

906 826 1005 853 erant.
1067 824 1242 856 Aclscensus
1272 826 1350 857 dein
1384 837 1447 868 pro
1475 840 1613 862 accessus

906 873 1068 905 exhibent
1087 876 1170 906 Lov.
1187 877 1283 908 Voss.
1306 878 1412 910 Dorv.
1428 879 1524 911 Leid.
1542 890 1610 911 sec.

905 929 940 954 et
954 924 1041 955 Edd.
1061 926 1179 965 primae
1197 937 1236 958 ac
1254 927 1355 960 Vasc.
1372 929 1484 970 Marg.
1509 932 1609 963 Quod

904 982 970 1004 non
996 974 1168 1015 displicet,
1190 979 1381 1017 praesertim
1406 980 1433 1010 si
1455 981 1489 1010 in
1516 982 1609 1013 edito

904 1025 978 1055 loco
1002 1026 1103 1057 situm
1128 1028 1231 1059 fuerit
1255 1029 1494 1063 Adrumetum.
1539 1033 1609 1064 Adi

904 1081 1023 1106 notata
1039 1077 1080 1107 ad
1099 1079 1216 1109 Front.
1236 1089 1291 1110 111.
1308 1083 1357 1110 15.
1376 1084 1408 1112 5.
1438 1082 1448 1099 ‘
1463 1083 1609 1115 Thraces

905 1127 937 1155 in
954 1126 1058 1158 arduo
1075 1134 1190 1160 monte
1207 1130 1347 1170 obsessi,
1363 1132 1397 1162 in
1416 1142 1515 1173 quem
1533 1134 1608 1166 hos-

904 1176 994 1206 tibus
1011 1187 1166 1209 accessus
1187 1189 1250 1210 non
1268 1182 1366 1212 erat!
1397 1183 1515 1214 Ubivis
1533 1184 1606 1216 fere

902 1225 975 1256 haec
1008 1232 1193 1258 mutantur.
1257 1230 1310 1260 Sic
1342 1231 1436 1261 etin
1466 1233 1606 1265 Lucano

904 1283 943 1305 11.
977 1278 1051 1307 609.
1096 1278 1295 1310 ‘Brundisii
1338 1284 1429 1311 tutas
1457 1282 1606 1324 Magnus

901 1325 1103 1357 conscendit
1139 1326 1173 1358 in
1206 1329 1336 1359 arcesz’
1375 1330 1433 1361 ubi
1462 1332 1606 1365 Grotius

900 1374 1055 1407 ediderat
1072 1378 1220 1409 concedit.
1245 1379 1379 1420 Apulei.
1398 1382 1420 1412 l.
1436 1391 1486 1414 tv.
1501 1394 1535 1424 p.
1552 1388 1605 1418 42.

900 1425 909 1441 ‘
927 1425 1067 1457 Plateas
1112 1429 1301 1468 proximam
1344 1435 1604 1467 conscendimus

900 1475 1103 1508 civitatem.'
1150 1478 1245 1510 Male
1281 1481 1377 1512 Colv.
1400 1486 1602 1526 concedimus,

897 1526 953 1557 vel
965 1529 1193 1560 contendimus:
1218 1529 1341 1561 Graece
1357 1531 1544 1568 ἀναβαίνειν.

941 1584 988 1606 vl.
1026 1580 1065 1608 10
1108 1579 1346 1622 Urguerentque
1376 1583 1410 1614 in
1438 1585 1602 1627 oppidum]

899 1624 986 1657 Haec
1010 1627 1112 1659 lectio
1136 1628 1355 1662 confirmatur
1370 1642 1390 1663 a
1417 1634 1502 1666 Cod.
1523 1636 1603 1668 Pet.

898 1676 1011 1708 Quare
1028 1686 1101 1708 eam
1114 1688 1179 1709 non
1196 1684 1325 1712 temere
1340 1683 1499 1716 sollicito.
1535 1686 1602 1717 Sed

895 1725 1020 1765 Scalig.
1046 1728 1140 1759 Leid.
1158 1739 1209 1769 pr.
1233 1735 1269 1761 et
1295 1732 1380 1773 Reg.
1406 1734 1498 1766 Gall.
1524 1745 1601 1768 cum

896 1775 959 1806 Ed.
972 1777 1092 1817 Steph.
1111 1777 1192 1809 dant
1208 1788 1227 1810 e
1244 1779 1363 1811 Glossa
1375 1782 1601 1825 fugarentque.

896 1827 998 1858 Quod
1041 1837 1202 1868 perverse
1249 1830 1374 1870 probat
1411 1833 1601 1875 Goduinus,

897 1876 1100 1916 fugarentur
1140 1879 1258 1919 anac.
1289 1881 1499 1924 fugerentque
1531 1886 1600 1917 Ms.

894 1929 1025 1961 Victor.
1053 1935 1089 1962 et
1114 1932 1243 1964 Thuan.
1260 1934 1350 1967 Edd.
1375 1935 1476 1968 Rom.
1503 1938 1600 1971 Med.

894 1980 980 2011 Ven.
1025 1981 1074 2012 At
1097 1983 1225 2015 Lovan.
1251 1985 1348 2017 Voss.
1376 1987 1484 2019 Dorv.
1501 1989 1598 2020 Leid.

893 2039 977 2069 see„
1007 2031 1097 2063 Edd.
1125 2033 1278 2065 Florent.
1303 2035 1442 2068 Vascos.
1466 2037 1600 2079 Gryph.

893 2086 982 2120 post.
1014 2081 1284 2125 Refugerentque,
1312 2090 1349 2117 et
1383 2088 1468 2128 Reg.
1506 2089 1598 2122 Gall.

891 2129 1144 2173 refugat-eratque.
1190 2135 1269 2166 Non
1299 2135 1499 2176 displiceret
1527 2140 1598 2178 reji-

891 2185 1070 2222 cerentque:
1099 2185 1182 2215 nihil
1209 2185 1296 2216 enim
1324 2191 1377 2218 est
1405 2187 1595 2229 frequenti-

892 2240 930 2261 us
953 2234 1207 2271 permutatione
1232 2235 1424 2268 litterarum
1451 2248 1467 2268 c
1495 2244 1530 2270 et
1549 2249 1599 2278 g.-

892 2280 982 2311 unde
998 2280 1108 2313 facilis
1131 2285 1276 2315 mutatio
1304 2286 1408 2318 etiam
1432 2297 1475 2318 ex
1491 2289 1599 2327 rejice-

890 2333 1017 2369 rerutque
1046 2331 1079 2362 in
1108 2338 1346 2374 urguet-eatque.
1369 2336 1412 2367 B.
1439 2337 1482 2369 G.
1507 2347 1548 2370 11.
1564 2344 1596 2371 5.

891 2382 900 2397 ‘
919 2380 1051 2412 Occisis
1067 2382 1109 2413 ad
1125 2383 1297 2416 hominum
1321 2386 1457 2419 milibus
1473 2398 1523 2431 ιν,
1544 2400 1594 2422 re-

890 2431 972 2473 liqui
988 2433 1022 2464 in
1035 2434 1200 2474 oppidum
1213 2436 1333 2476 rejecti
1349 2439 1451 2470 sunt.’

931 2491 997 2514 vu.
1022 2487 1039 2514 1
1065 2484 1143 2515 Inde
1159 2486 1268 2526 movit]
1303 2487 1346 2518 In
1372 2489 1461 2521 Edd.
1489 2491 1585 2524 Vett.

891 2533 1094 2574 quibusdum
1113 2535 1308 2576 junguntur
1323 2540 1401 2571 Kal.
1426 2541 1503 2572 Jan.
1519 2543 1592 2574 inde

888 2583 994 2614 movit.
1039 2584 1107 2615 Sed
1123 2586 1224 2617 male.
1261 2587 1351 2619 Nam
1377 2599 1440 2630 seq.
1455 2591 1505 2621 die
1532 2591 1591 2622 de-

889 2645 979 2667 mum
1004 2646 1024 2667 a
1051 2638 1203 2678 Ruspina
1232 2639 1408 2679 profectus
1442 2647 1507 2680 est,
1549 2647 1590 2673 ut

888 2690 988 2726 patet
1009 2697 1053 2718 ex
1076 2697 1108 2718 c.
1133 2691 1165 2718 9.
1189 2689 1279 2720 Item
1295 2700 1326 2721 c.
1344 2693 1375 2720 2.
1391 2694 1422 2721 5.
1460 2691 1589 2723 Forsan

887 2736 958 2767 tale
975 2736 1057 2777 quid
1070 2738 1214 2769 excidit.
