1850 3109
547 200 610 228 nr,
644 198 757 228 vri-A
789 198 921 228 sumi
956 199 1182 231 cAESAms.
1461 193 1578 234 1753

131 300 245 343 tibus,
266 298 362 335 duos
383 297 446 341 illi,
469 308 632 345 quorum
655 297 690 332 in
714 295 1020 344 praecedentibus
1042 297 1184 334 mentio
1204 303 1261 334 cst
1281 297 1424 342 habita,
1453 300 1572 342 Quin-

130 371 210 399 tum
239 360 432 398 Titurium
462 359 659 403 Sabinum,
695 366 730 396 et
760 360 917 396 Lucium
941 360 1215 408 Aruneulejum
1238 361 1390 398 Cottam
1426 361 1571 409 legatos

127 424 323 461 attribuit:
356 424 454 460 sorte
490 422 587 466 ideo,
621 423 723 471 quod
747 431 811 459 aut
847 423 970 460 minus
995 423 1114 459 ¹novo
1148 423 1285 461 fideret
1317 424 1467 470 legioni,
1505 431 1570 464 aut

126 487 423 537 suspicationem
447 486 603 524 liaberet
626 486 727 522 ²tide
759 487 927 534 gentium
952 486 1111 531 illarum,
1147 488 1322 524 Rhenum
1346 489 1441 525 inter
1461 489 1572 526 ³Mo-

127 563 207 588 sam
227 551 468 600 degentium:
501 550 640 599 quibus
663 557 750 586 tunc
783 551 818 586 in
841 550 935 588 locis
961 551 1169 596 Ambiorix,
1206 553 1260 589 vir
1293 552 1475 601 ⁴quidem
1496 552 1574 590 cal-

124 613 326 651 lidissimus
359 627 403 650 ae
438 615 636 663 pessimus,
673 614 863 663 simulque
897 615 1084 651 Cavalcus
1106 615 1163 651 vir
1190 616 1398 664 simplicior
1419 616 1571 666 ⁵inspe-

123 678 278 715 rabant:
324 677 387 714 sed
426 678 624 714 Ambiorix
664 678 785 715 otioso
823 681 880 724 (ut
913 691 1015 728 saepe
1048 679 1204 725 accidit)
1240 681 1381 727 collega
1418 680 1572 730 negotia

123 741 281 791 publica
301 741 536 778 ventilabat:
568 741 684 777 ambo
716 747 840 778 tamen
862 742 1098 779 venientibus
1131 742 1261 791 legatis
1288 743 1390 779 obuii
1420 755 1571 792 proces-

122 811 262 848 serunt,
296 810 334 841 et
355 804 545 840 frumenta
566 811 602 841 et
624 818 710 853 quae
733 805 814 841 usui
842 811 966 842 essent
991 805 1130 854 legioni
1151 805 1310 841 convelli
1330 813 1570 843 curaverunt.

123 868 200 906 Sed
224 875 265 906 ut
292 875 380 905 sunt
407 868 563 905 mobilia
585 868 825 916 quorundum
849 867 1043 904 hominum
1066 868 1238 916 ingenia:
1269 867 1285 891 ⁶
1300 882 1382 904 mex
1401 869 1571 918 acceptis

123 932 302 969 ⁷nuntios
324 932 584 969 Inducioinari
610 932 859 976 Trevirensis,
892 932 957 981 qui
979 932 1166 969 Caesarem
1189 939 1227 969 et
1258 933 1451 969 Romanos
1479 931 1570 970 ode-

120 1003 203 1039 rat;
235 995 283 1032 ab
315 995 502 1044 obsequio
534 995 582 1032 ad
617 995 861 1032 rebellionem
895 995 1041 1031 animos
1080 1001 1361 1033 converterant.
1435 998 1571 1045 ltaque

122 1058 374 1108 popularibus
394 1059 581 1108 instigatis
599 1066 635 1096 et
657 1073 765 1096 suum
789 1060 823 1096 in
847 1059 1087 1108 propositum
1117 1059 1307 1103 adductis,
1338 1060 1419 1109 jam
1440 1066 1571 1109 aperte

119 1121 336 1159 inimicitias
356 1134 528 1158 exercere
556 1122 649 1166 ausi,
686 1122 867 1158 Romanis
889 1121 1114 1159 ⁸colonibus
1144 1122 1429 1167 circumventis,
1462 1122 1573 1173 quasi

121 1197 260 1234 magno
281 1185 413 1234 proelio
433 1185 596 1222 victores
629 1185 804 1234 protinus
837 1185 883 1222 ad
919 1191 1046 1221 castra
1075 1185 1267 1235 prodeunt
1287 1187 1569 1235 oppugnanda:

121 1251 260 1302 quibus
279 1249 428 1300 egregie
449 1261 526 1284 non
548 1247 713 1285 defensis
735 1247 874 1292 modo;
906 1249 991 1298 [89]
1019 1247 1084 1285 sed
1107 1248 1246 1286 emissu
1267 1249 1437 1299 equitum
1459 1249 1572 1286 victis

120 1314 295 1352 hostibus
314 1326 359 1350 ac
381 1312 554 1361 repulsis,
592 1312 789 1348 Ambiorix
811 1312 989 1349 vincendi
1023 1326 1090 1363 spe
1110 1313 1295 1362 privatus,
1329 1313 1376 1349 ad
1411 1312 1572 1350 fallendi

121 1391 228 1428 spem
249 1389 472 1420 conversus,
499 1375 692 1412 exclamat
725 1381 766 1412 ut
785 1375 855 1413 sibi
877 1375 993 1426 aliqui
1026 1376 1074 1413 ad
1111 1377 1349 1425 colloquium
1383 1376 1573 1414 mitteren-

118 1449 206 1487 tur;
238 1453 318 1478 esse
345 1439 442 1476 enim
465 1439 530 1489 qui
564 1438 611 1475 de
632 1437 744 1475 rebus
765 1439 1034 1477 communibus
1054 1440 1161 1489 loqui
1185 1440 1298 1484 velit;
1330 1452 1439 1489 posse
1464 1439 1571 1477 litem

118 1505 312 1555 colloquio
333 1503 500 1541 diffiniri.
558 1503 768 1540 Mittuntur
787 1502 879 1548 duo,
901 1504 1096 1540 Romanus
1118 1516 1228 1546 unus,
1250 1504 1345 1540 alter
1374 1504 1571 1553 Hispanus

118 1583 139 1608 a
160 1570 312 1607 Caesare
339 1568 387 1605 ad
420 1567 548 1616 ipsum
581 1566 841 1615 Ambiorigem
870 1567 967 1604 mitti
986 1567 1135 1604 solitus.
1192 1567 1275 1604 Hos
1296 1566 1495 1603 Ambiorix
1517 1567 1571 1604 sic

118 1633 326 1684 alloquitur
344 1644 353 1668 ε
396 1636 406 1652 ‘
423 1630 535 1680 Ego,’
569 1629 706 1679 inquit,
727 1635 736 1650 ⁶
759 1629 902 1666 Caesari
922 1643 990 1679 pro
1011 1630 1087 1667 suis
1108 1630 1145 1666 in
1167 1643 1226 1667 me
1248 1629 1389 1666 meritis
1409 1630 1570 1668 multum

120 1698 261 1735 debere
282 1693 476 1745 profiteor.
533 1693 622 1742 Ipse
655 1705 740 1729 nam
769 1692 938 1737 memini,
973 1693 1077 1729 omni
1108 1707 1166 1738 eo,
1201 1694 1306 1742 quod
1329 1693 1459 1730 vicinis
1478 1693 1571 1731 meis

116 1760 283 1811 pendere
302 1758 448 1802 ⁹soleo,
483 1756 628 1794 tributo
655 1769 714 1792 me
747 1768 874 1792 annuo
908 1755 1096 1793 liberavit.
1153 1756 1242 1805 Ipse
1262 1756 1354 1793 mihi
1382 1755 1502 1793 filium
1523 1769 1570 1794 ac

117 1829 312 1874 nepotem,
335 1834 433 1872 quos
453 1820 506 1857 illi
526 1819 705 1857 obsidum
727 1819 800 1856 sub
822 1819 972 1857 nomine
995 1820 1188 1857 habebant
1207 1821 1244 1856 in
1268 1819 1442 1864 vinculis,
1463 1819 1574 1857 remi·

117 1887 177 1924 sit.
231 1886 347 1924 Nunc
378 1897 449 1934 ego
483 1882 589 1933 quod
617 1882 677 1920 hic
710 1881 756 1918 de
786 1883 1074 1932 oppugnatione
1095 1890 1310 1919 castrorum
1330 1881 1472 1919 accidit
1491 1894 1569 1920 non

116 1963 201 1988 meo
220 1949 394 1993 consilio,
416 1947 483 1985 sed
504 1945 638 1996 patriae
658 1945 819 1994 imperio
834 1952 982 1995 gestum
1003 1952 1074 1983 est.
1122 1947 1318 1995 Quicquid
1342 1945 1414 1982 feci
1434 1951 1572 1983 contra

117 2014 307 2052 Caesarem
337 2017 495 2049 coactus
515 2009 614 2047 feci:
645 2009 696 2046 ita
715 2009 816 2046 enim
838 2022 922 2046 sum
943 2009 1135 2054 domiuus,
1169 2016 1210 2046 ut
1231 2022 1305 2046 non
1334 2010 1419 2060 plus
1439 2022 1510 2060 ego
1529 2009 1570 2047 in

116 2076 277 2127 populo,
311 2087 429 2125 quam
462 2075 498 2110 in
529 2085 587 2110 me
614 2071 784 2122 populus
805 2085 910 2109 meus
930 2073 1063 2122 possit.
1121 2073 1261 2123 Neque
1280 2086 1369 2110 vero
1391 2073 1474 2123 ipsa
1492 2073 1569 2110 hoc

116 2139 249 2178 civitas
269 2151 316 2176 ex
334 2151 371 2175 se
392 2136 497 2181 facit,
526 2135 592 2172 sed
614 2142 748 2173 coacta
767 2136 962 2173 similiter:
995 2150 1073 2186 quo
1093 2143 1265 2187 cogente,
1297 2136 1328 2174 si
1361 2136 1569 2186 quaeritur:

115 2202 273 2241 consilio
294 2206 397 2238 certe
417 2199 588 2236 omnium
623 2199 837 2236 Galliarum
872 2213 991 2248 quum
1022 2201 1175 2237 obstare
1206 2213 1283 2237 non
1314 2201 1434 2249 possit
1454 2199 1571 2236 invita

114 2265 344 2306 consentiat.
402 2265 469 2300 Est
502 2262 602 2300 enim
634 2266 696 2310 (ne
729 2263 823 2312 quid
860 2263 1031 2312 ignotum
1065 2263 1174 2300 vobis
1206 2264 1342 2312 patiar,
1377 2263 1480 2312 quod
1500 2274 1570 2299 vos

115 2332 262 2380 tangat)
290 2327 493 2366 consilium
514 2325 728 2376 publicum,
765 2326 836 2363 hac
857 2326 894 2362 iu
916 2338 954 2363 re
976 2333 1083 2363 tauto
1104 2326 1272 2363 omnium
1296 2338 1496 2370 consensu,
1527 2331 1570 2363 ut

115 2407 162 2432 ne
190 2405 284 2431 unus
305 2391 461 2442 quidem
481 2389 700 2439 discrepet:
730 2401 878 2426 summa
897 2394 954 2426 est
973 2394 1014 2426 ut
1047 2388 1205 2427 hiberna
1225 2389 1354 2426 omnia
1373 2389 1569 2426 Romano-

113 2470 199 2495 rum
219 2469 296 2493 uno
318 2463 488 2504 tempore
509 2458 792 2502 oppugnentur,
813 2457 856 2489 ut
875 2451 952 2489 suis
973 2451 1137 2502 quisque
1159 2451 1333 2501 periculis
1353 2457 1567 2501 occupatus

113 2520 197 2559 aliis
229 2532 343 2569 opem
373 2517 470 2554 ferre
501 2529 576 2553 non
610 2516 752 2566 possit:
793 2515 856 2553 hic
887 2515 1184 2566 oppugnationis
1217 2515 1449 2565 praestitutus
1487 2519 1568 2550 erat

159 2609 175 2637 1
200 2606 303 2646 Lege,
326 2605 489 2635 nomn-2
514 2603 618 2642 Lege,
634 2601 791 2642 fidei.—-3
825 2601 938 2640 Forte,
965 2601 1217 2640 Nasumque—4
1251 2601 1357 2639 Lege,
1386 2597 1565 2637 quidam.—

114 2663 133 2691 ὅ
157 2658 274 2698 Forte,
289 2656 558 2698 imperabant.—·6
581 2655 687 2698 Lege,
709 2657 856 2687 maxe-7
880 2654 983 2696 Lege,
998 2653 1194 2685 nunciis.—S
1218 2652 1322 2692 Lege,
1347 2648 1567 2682 Catonibus.-

117 2716 138 2744 9
161 2712 264 2753 Lege,
280 2711 419 2744 solebam.
