1850 3109
502 225 608 255 cnr.
636 214 679 254 3.
716 225 808 254 nin.
844 225 905 254 nn
941 225 1095 254 nunno
1131 227 1292 257 Arme.

175 322 234 350 aut
250 317 442 356 ambiguum
460 321 511 348 est
529 317 669 353 saltem;
688 321 745 346 aut
763 317 876 356 potius

174 369 207 400 in
223 379 296 401 eam
314 373 445 409 partem
464 368 586 408 vergit,
604 372 641 399 ut
669 367 753 399 falso
770 368 875 406 dicat,

175 417 398 455 Caesarern,in
414 417 521 447 insula
537 423 781 448 commoratum
796 418 876 458 Apo-

174 468 288 503 niana,·
310 476 385 497 cum
402 476 420 497 e
438 468 610 498 contrario
637 467 670 498 id
696 469 777 498 velit
797 469 875 499 Hir-

174 518 253 557 tius,
277 516 422 547 nondum
447 526 523 548 eum
552 518 585 548 in
611 518 752 549 insulam
776 519 874 549 istam

175 567 345 607 transisse,
372 567 444 606 sed,
473 569 656 607 praemissis
680 569 875 608 Aponianam

173 618 328 658 navibus,
371 620 487 650 Ipsum
521 621 655 661 Lilyhoei
687 621 874 660 paullulum

173 674 425 701 commoratum.
445 671 550 702 Clark.
574 672 755 711 Vulgatam
771 671 875 710 scrip-

173 723 284 751 turam
302 721 455 752 vitiosam
474 731 559 760 esse,
575 722 656 752 satis
669 721 773 752 docet
789 721 874 751 vari-

171 774 258 809 etas,
275 781 350 812 quae
377 777 427 802 est
455 772 488 802 in
514 773 597 803 Mss.
643 772 751 812 Ibique
766 782 873 802 comm.

171 822 327 852 exsulant
354 832 371 852 a
405 823 497 854 Leid.
528 833 578 864 pr.
640 823 748 863 Ibique
779 823 875 853 deest

169 870 294 911 Scalig.
311 877 346 903 et
363 873 460 904 Voss.
477 883 569 913 eoque
584 874 710 904 Lovan.
727 878 763 904 et
787 874 873 904 Dor-

170 922 243 952 vill.
268 922 375 954 donec
401 925 528 955 certior
557 923 731 964 adfulgeat
757 924 873 963 lectio,

171 971 315 1003 Eliensis
352 974 436 1006 Cod.
475 975 680 1015 scripturam
710 975 874 1015 optimam

170 1031 248 1053 sane
265 1024 390 1064 recepi.

213 1075 231 1102 7
257 1073 305 1104 De
321 1074 460 1105 omnibus
474 1076 562 1106 rebus
586 1076 755 1116 proecz'pit:
777 1079 819 1115 et,
836 1076 873 1106 ‹le

167 1121 284 1161 reliquo
300 1124 440 1154 exercitu
465 1125 605 1155 celeriter
628 1126 806 1164 imponendo
821 1126 874 1155 da-

168 1171 210 1202 tis
226 1173 392 1212 mandatis,
408 1174 482 1214 ipse,
505 1173 576 1213 ᾅ·ε.]
629 1175 684 1204 Ita
700 1174 873 1214 interpun-

167 1220 314 1261 gendum
347 1223 518 1254 existimo.
567 1223 637 1254 Alii
666 1233 796 1254 omnes:
822 1224 872 1254 De

168 1271 305 1302 omnibus
319 1272 409 1303 rebus
420 1274 574 1314 proecipz't,
590 1277 619 1304 et
635 1274 673 1304 (le
687 1273 804 1313 reliquo
818 1283 872 1304 ea:-

167 1321 267 1352 ercitu
282 1323 422 1354 celeriter
438 1323 628 1363 imponendo.
674 1324 771 1354 Datis
785 1334 871 1355 mtm-

168 1372 252 1404 ‹latis
275 1373 352 1414 ipse,
381 1376 434 1414 ἔμ’.
479 1375 577 1407 Quod
606 1375 712 1406 minus
736 1374 871 1405 videtur

165 1427 354 1456 venustum.
380 1426 487 1456 Clark.
532 1426 670 1456 Vascos.
688 1430 724 1457 et
751 1426 868 1466 Steph.

167 1483 242 1505 cum
263 1474 401 1506 Clarkio
421 1477 570 1517 jungunt
592 1478 629 1507 de
652 1477 768 1517 reliquo
792 1487 818 1507 e.
842 1488 868 1507 c.

165 1522 336 1564 inponendo
364 1526 448 1556 datis
476 1527 644 1566 mandatis,
676 1536 774 1568 quam
806 1527 872 1557 dis-

166 1573 368 1605 tinctionem
406 1576 620 1618 praeferrem,
664 1577 726 1608 nisi
766 1578 870 1609 verba

167 1623 251 1655 datis
276 1627 432 1656 mandatis
457 1627 587 1658 Glossae
612 1633 773 1668 suspecta
789 1628 869 1658 mihi

168 1679 294 1706 essent.
329 1677 417 1707 Nam
432 1678 586 1708 mandatis
602 1677 697 1708 abest
712 1688 731 1708 a
748 1678 869 1709 Petav.

168 1725 290 1766 Scalig.
305 1731 339 1757 et
357 1727 454 1757 Voss.
468 1739 476 1765 3
504 1728 603 1758 immo
617 1729 700 1759 datis
716 1729 872 1759 mandatis

165 1784 230 1806 nou
244 1783 444 1817 comparent
457 1779 490 1808 in
504 1779 619 1819 Cujac.
635 1786 693 1810 aut
707 1779 801 1811 Leid.
817 1789 868 1819 pr.

165 1826 286 1858 Statim
316 1838 407 1859 nares
437 1829 598 1860 scribitur
626 1831 660 1860 in
685 1830 806 1862 Petav.
832 1835 869 1861 et

165 1877 260 1908 Leid.
278 1888 348 1918 pr.:
368 1884 404 1910 at
421 1890 485 1910 vox
501 1890 542 1910 ea
558 1881 656 1912 deest
672 1882 767 1913 Voss.
786 1883 866 1914 Cod.

166 1932 204 1958 ut
220 1931 256 1958 et
271 1928 358 1959 Edd.
373 1929 470 1961 Rom.
487 1931 572 1961 Ven.
589 1941 627 1961 ac
646 1932 788 1962 Mediol.
820 1933 869 1963 Ut

165 1977 229 2009 hoc
245 1978 320 2009 loco
335 1980 530 2011 conscendere
554 1981 756 2021 simpliciter
780 1982 870 2013 dica—

165 2032 221 2058 tur
251 2038 311 2069 pro
341 2039 449 2060 navem
478 2033 699 2062 conscendere:
737 2039 775 2063 ut
802 2043 868 2063 non

167 2087 244 2109 raro
282 2079 402 2111 Cicero
438 2081 560 2121 aliique
598 2082 783 2122 scriptores
822 2084 869 2114 lo-

169 2132 327 2168 quuntur.
386 2130 522 2162 Hirtius
551 2138 664 2163 tamen
694 2138 730 2164 et
755 2134 870 2165 Caesar

167 2177 277 2208 solent
294 2178 494 2220 plerumque
517 2181 616 2220 plene
633 2182 766 2215 efferre.
811 2185 869 2215 Vi-

167 2227 210 2258 de
239 2233 364 2267 tamen,
393 2239 469 2270 quae
502 2230 573 2261 dixi
604 2232 646 2263 de
674 2235 719 2271 τῷ
752 2244 869 2266 movere

167 2286 229 2318 pro
255 2281 358 2309 castra
385 2288 514 2319 inuuere,
538 2286 573 2311 et
605 2283 649 2320 τῷ
669 2284 783 2314 solvere
808 2294 870 2324 pro

164 2337 274 2359 navem
300 2330 424 2368 solvere,
455 2330 609 2372 aliisque,
642 2338 679 2364 ut
705 2335 870 2377 sustinere,

165 2378 356 2419 submittere,
377 2390 540 2421 exponere,
563 2384 615 2422 &a
641 2384 682 2414 ab
707 2385 748 2415 B.
774 2386 817 2416 G.
844 2396 867 2418 1.

166 2432 219 2461 40,
235 2438 285 2461 ιν.
301 2433 353 2461 23.
368 2435 493 2463 v11.86.
506 2437 541 2463 et
557 2433 649 2465 alibi.
696 2434 752 2465 Ita
764 2435 867 2467 ethic

166 2480 333 2521 potuisset
350 2482 615 2515 uticonscendere.
640 2486 728 2517 Nam
742 2492 777 2518 et
793 2488 866 2528 ipse

166 2530 299 2562 Hirtius
315 2542 434 2563 morere
447 2533 603 2566 absolute
624 2538 725 2568 sumit
743 2548 771 2570 c.
787 2542 817 2570 7.

209 2589 265 2612 111.
284 2585 300 2612 1
325 2582 375 2612 Ibi
391 2584 573 2623 praesulium
588 2590 655 2617 erat
678 2589 867 2620 adversario-

167 2639 247 2669 rum,
261 2634 292 2661 et
314 2642 333 2662 a
359 2634 498 2674 Clupeis]
544 2635 594 2665 Ex
618 2637 710 2668 Msto
727 2639 866 2671 Nol-vic.

169 2685 206 2710 et
235 2681 336 2714 editt.
368 2683 465 2715 Rom.
488 2685 574 2716 Ven.
602 2687 760 2720 Beroald.
791 2691 866 2730 lego

168 2728 222 2760 ubi
232 2732 409 2769 proesidium
424 2738 492 2765 erat
505 2737 762 2778 adversariorum,
775 2740 866 2780 quod

170 2779 273 2811 etiam
287 2780 388 2813 Joan.
402 2783 561 2818 Goduino
578 2796 621 2818 ex
637 2788 745 2821 codd.
762 2789 867 2822 Galli-

1515 218 1598 260 157

928 318 1020 348 canis
1038 318 1178 358 placuit.
1224 321 1286 350 Est
1309 323 1422 351 autem
1443 322 1533 352 aliud
1552 324 1628 354 viti-

928 378 996 406 um,
1028 368 1130 409 quod,
1165 370 1245 400 licet
1283 370 1513 409 manifestum,
1552 373 1627 404 libri

929 418 1088 455 retinent,
1116 428 1178 449 nec
1207 419 1421 459 Interpretes
1446 427 1626 459 notarunt;

927 468 959 498 in
985 470 1202 510 sequentibus
1231 471 1319 500 enim
1345 471 1456 501 verbis
1481 472 1630 503 abundat

927 518 1094 557 particula
1119 521 1412 561 ‹eopulans,qnare
1442 521 1628 552 rescriben-

926 568 1004 598 dum
1023 568 1074 598 ubi
1085 569 1266 608 proesidium
1283 574 1349 600 crat
1370 571 1628 611 adversariomm,

927 628 944 646 u
964 617 1099 657 Clupeis,
1129 619 1180 649 vel
1210 630 1228 649 α
1259 621 1385 660 Clupea,
1413 620 1628 661 quemadmo-

928 667 1005 697 dum
1023 672 1074 698 est
1092 668 1125 698 in
1143 668 1241 700 editt.
1257 670 1352 700 Rom.
1367 671 1452 701 Ven.
1467 671 1629 703 Beroald.

929 717 983 748 lta
1006 718 1108 749 ctiam
1135 719 1198 750 hoc
1222 720 1383 760 oppidum
1412 722 1523 760 paullo
1549 726 1628 752 aute

927 768 1063 798 vocavit
1089 774 1215 807 noster,
1238 774 1273 800 et
1297 770 1353 799 alii
1370 780 1484 801 omnes
1500 777 1629 811 praetcr

927 816 1097 848 Caesarem
1126 819 1165 849 B.
1190 820 1229 850 C.
1255 828 1294 850 11.
1324 822 1376 850 23.
1404 820 1516 851 Daris.
1538 821 1546 836 ‘
1567 821 1628 851 L'bi

925 867 1117 906 praesidium
1140 874 1213 899 erat
1229 868 1508 910 adversariorum,
1524 882 1628 909 —3

926 922 961 948 et
989 928 1008 948 a
1035 918 1164 959 Clupea
1179 937 1266 942 -—-—-
1289 920 1349 950 Cn.
1375 920 1454 951 Piso
1570 931 1627 961 ap-

925 969 1038 1008 paruit
1051 979 1059 1007 ;
1074 969 1119 1000 ibi
1136 970 1320 1010 paullisper
1334 970 1470 1010 Caesar,’
1483 971 1546 1002 διο.
1571 972 1626 1002 Sic

926 1018 1008 1048 Mss.
1028 1019 1113 1060 Reg.
1133 1020 1260 1050 Eliens.
1280 1024 1315 1051 et
1331 1021 1454 1060 vossii,
1474 1025 1510 1052 et
1526 1020 1626 1053 editt.

924 1069 1021 1100 Yett.
1038 1071 1178 1109 Vulgati
1194 1071 1320 1101 habent
1341 1072 1508 1111 Postquam
1523 1072 1627 1102 Adru-

925 1123 1039 1149 metum
1061 1120 1205 1156 accessic;
1228 1121 1467 1160 ibiproesidium
1490 1125 1556 1152 erat
1572 1123 1626 1152 ‹111-

923 1171 1127 1200 rersnriorum
1138 1181 1240 1207 ——‚·
1256 1174 1285 1201 et
1301 1183 1319 1202 a
1337 1173 1453 1211 Clupea
1466 1191 1551 1195 ————
1567 1173 1627 1204 Cn.

925 1218 999 1247 Piso
1145 1221 1305 1260 apparuit.
1374 1222 1424 1251 Ibi
1458 1224 1626 1263 paullisper

926 1268 1044 1307 Caesar,
1059 1270 1111 1308 850.
1156 1270 1254 1300 vidit
1279 1271 1450 1311 Davisius,
1467 1282 1528 1312 pro
1545 1273 1625 1313 isto,

923 1317 968 1348 ibi
982 1319 1175 1359 prcesidium,
1191 1320 1316 1351 rectius
1331 1322 1460 1362 reponi,
1475 1324 1532 1354 ubi
1545 1334 1626 1364 prce-

921 1368 1045 1400 sidium.
1077 1371 1205 1401 Verum
1220 1375 1255 1401 et
1272 1372 1364 1402 aliud
1381 1372 1512 1413 vitium,
1525 1375 1627 1415 quod,

921 1418 1004 1450 licet
1019 1420 1246 1461 manifestum,
1263 1423 1339 1453 libri
1363 1428 1476 1455 tamen
1500 1426 1626 1456 retinu-

922 1469 1023 1509 erint,
1035 1480 1096 1502 nec
1109 1471 1317 1513 interpretes
1330 1473 1492 1513 notarint,
1506 1475 1627 1515 depre-

921 1520 1077 1553 hendisse
1095 1532 1130 1553 se
1159 1524 1349 1555 existimat:
1374 1534 1493 1566 nempe
1521 1536 1624 1566 copu-

920 1571 985 1601 lam
1001 1575 1031 1602 et
1049 1583 1337 1613 supervacaneam
1352 1585 1443 1607 esse:
1477 1577 1622 1619 ideoque

922 1624 1091 1663 rescribit,
1116 1625 1285 1666 Postquam
1306 1627 1510 1658 Adrumelum
1525 1639 1624 1659 acces-

920 1674 975 1714 sit,
1003 1674 1055 1704 ubi
1082 1676 1263 1715 praesidium
1289 1681 1355 1707 erat
1379 1678 1625 1710 adversariorum

1017 1735 1029 1761 ;
1051 1735 1070 1754 a
1098 1725 1213 1765 Clupea
1331 1728 1389 1758 Cn.
1417 1728 1494 1758 Piso
1520 1739 1624 1770 appa-

921 1774 1002 1805 ruit.
1049 1775 1111 1814 lbi,
1138 1776 1191 1814 isc.
1246 1776 1314 1807 Sed
1343 1777 1426 1807 nibil
1453 1788 1537 1818 opus
1569 1784 1623 1810 est

920 1824 984 1855 ista
1001 1826 1252 1858 emendatione.
1299 1829 1400 1868 Nam,
1419 1834 1551 1861 mutata
1573 1839 1625 1861 so-

920 1874 1091 1906 lummodo
1108 1876 1338 1917 distinctione,
1351 1878 1489 1909 retineri
1509 1884 1624 1919 potest

921 1924 1003 1955 illud
1030 1928 1071 1964 et,
1099 1926 1189 1966 quod
1207 1926 1241 1956 in
1270 1927 1423 1958 omnibus
1440 1929 1623 1962 Codicibus

920 1975 1101 2014 reperitur.
1146 1976 1300 2018 Ideoque
1319 1977 1429 2009 edidi:
1455 1979 1624 2020 Postquam

920 2025 1126 2056 Adrumetum
1141 2027 1280 2067 accessit,
1298 2029 1349 2058 ubi
1359 2029 1540 2068 praesidium
1556 2034 1623 2061 erat

919 2076 1163 2108 adversariorum
1267 2102 1276 2118 ‚
1302 2088 1345 2110 ET
1369 2080 1583 2122 (postquam)
1606 2092 1625 2113 α

923 2127 1040 2167 Clupea
1159 2130 1217 2161 Cn.
1246 2130 1323 2161 Piso
1440 2132 1622 2172 apparuit;

920 2177 978 2216 ibi,
993 2179 1044 2217 {5‘0-
1070 2180 1176 2210 Clarlr.
1218 2181 1280 2211 Ubi
1296 2182 1441 2222 restitui,
1464 2183 1554 2223 quod
1569 2188 1623 2215 est

920 2227 955 2257 in
971 2228 1056 2259 Mss.
1080 2230 1234 2261 omnibus
1258 2236 1293 2262 et
1319 2232 1408 2263 Edd.
1425 2237 1504 2264 ante
1522 2233 1624 2264 Plan·

920 2277 996 2314 tin.;
1023 2283 1058 2308 at
1070 2279 1198 2319 Clupeis
1214 2286 1345 2312 mutare
1357 2292 1456 2314 ausus
1469 2293 1536 2314 non
1549 2295 1623 2316 sum

919 2326 954 2357 in
981 2328 1108 2368 Clupea,
1136 2330 1219 2361 licet
1245 2331 1293 2362 ita
1321 2337 1435 2364 exstet
1460 2334 1563 2365 etiam
1586 2336 1621 2366 in

921 2378 1079 2419 Dorvill.,
1115 2381 1211 2413 Leid.
1249 2392 1317 2415 sec.
1356 2385 1445 2418 Edd.
1478 2386 1621 2419 Mediol.

918 2429 1006 2460 Veu.
1036 2430 1175 2462 Vascos.
1206 2433 1339 2474 Gryph.
1377 2440 1465 2476 post.
1500 2437 1621 2478 Steph.

919 2480 1062 2522 aliisque
1098 2483 1252 2515 omnibus
1291 2491 1369 2517 ante
1404 2488 1514 2519 Ursin.
1545 2490 1621 2530 (qui

920 2530 1046 2571 Clupeis
1079 2532 1113 2563 in
1144 2543 1204 2565 suo
1234 2535 1353 2567 codice
1383 2547 1456 2568 esse
1493 2539 1621 2578 primus

917 2580 1063 2621 monuit)
1092 2587 1126 2613 et
1155 2585 1271 2615 statim
1302 2588 1517 2626 praecesserit
1545 2589 1620 2619 Clu-

914 2640 1014 2670 peam.
1074 2633 1163 2664 Nam
1200 2635 1320 2676 reliqui
1352 2637 1437 2667 Mss.
1468 2637 1620 2670 retinent

921 2682 1057 2722 Clupeis,
1072 2688 1174 2724 atque
1196 2684 1276 2715 alibi
1302 2686 1337 2715 in
1364 2687 1484 2725 plurali
1501 2696 1619 2720 occur-

919 2731 976 2771 rit,
999 2736 1037 2763 ut
1063 2733 1206 2764 vidimus
1232 2734 1273 2764 ad
1299 2735 1339 2764 B.
1357 2734 1431 2765 civ.
1456 2744 1496 2766 11.
1512 2739 1565 2768 23.
1588 2741 1619 2768 et

918 2780 1020 2812 etium
1061 2787 1197 2816 servant
1225 2784 1340 2816 cuncti
1376 2784 1482 2819 Codd.
1513 2796 1618 2828 quare
