1850 3109
537 169 598 200 on
631 168 747 199 vi‘rA
778 167 912 198 sumi
946 169 1177 201 cAESARIS.
1465 164 1576 207 1747

136 265 219 303 liaec
246 266 461 303 Germanos
479 265 528 302 ab
556 265 610 302 eis
631 265 825 302 sollicitari
856 265 958 303 sama
978 273 1071 309 erat,
1095 280 1212 316 quum
1233 280 1277 304 ea
1299 268 1432 305 civitas
1452 272 1579 318 proxi-

133 341 195 366 ma
222 328 356 365 Rheno
385 334 468 371 est:
499 328 666 365 omnium
686 336 812 366 tamen
839 329 978 366 Galliae
999 329 1206 374 civitatum,
1229 329 1401 379 equitatu
1423 344 1579 380 praeser-

133 391 213 437 tim,
235 391 509 441 potentissima.
568 393 682 429 Erant
700 392 736 429 in
764 406 807 430 ea
829 393 920 430 urbe
942 400 982 430 ut
1010 393 1147 430 assolet
1168 394 1244 430 «luo
1275 393 1323 430 (le
1344 395 1514 443 potentia
1542 402 1581 434 et

131 453 328 505 prioritate
349 461 559 492 certantes:
600 456 734 493 horum
773 457 929 493 nomina
958 462 1065 493 erant
1088 455 1361 493 lndiciomarus
1383 463 1420 494 et
1440 457 1580 508 Cinge-

132 517 244 555 torix.
301 518 449 556 Primus
487 519 620 557 audito
654 520 818 557 Romani
847 519 956 557 ducis
977 519 1159 564 adventu,
1181 519 1369 570 equitum,
1390 519 1579 569 peditum,

134 592 250 629 quam
267 581 449 618 maximas
469 588 595 631 potest
610 583 755 633 copias,
772 590 889 632 atque
908 582 1035 620 onmia
1056 583 1155 620 bello
1176 590 1268 633 apta
1289 596 1437 620 summo
1450 583 1579 622 studio

131 643 315 693 parabat:
346 645 527 694 reliquam
548 646 712 691 turbam,
734 659 826 683 sexu
847 646 905 683 vel
926 653 1038 683 aetate
1058 646 1227 695 fragilem
1244 647 1341 684 intra
1361 647 1581 685 Arduenam

136 706 266 743 silvani
298 707 562 746 densissimam
582 715 698 759 atque
718 709 906 759 ingentem
928 723 1013 747 cum
1035 709 1150 747 rebus
1171 710 1412 760 fortunisque
1429 709 1585 748 6'omni-

137 782 201 806 um
230 770 394 816 abdidit,
416 777 458 808 nt
485 772 586 809 curis
618 772 699 810 aliis
726 774 941 823 expeditior
972 774 1076 811 bello
1100 785 1263 824 operam*
1295 773 1419 812 daret.
1475 775 1584 813 Alter

134 845 237 879 vero,
256 835 506 873 contrariom
527 835 564 873 in
583 836 725 873 talibus
745 835 826 873 fieri
846 843 947 874 amat
968 836 1141 882 consilio,
1163 836 1288 874 statim
1320 837 1463 874 Caesari
1488 836 1582 875 fines

132 895 360 946 ingredienti
380 912 460 936 sese
489 898 647 936 obvium
676 905 715 936 et
745 899 930 950 obsequio
957 905 1179 950 promptum
1200 900 1312 937 tulit:
1343 913 1456 949 quem
1495 914 1582 938 cum

136 959 244 997 multi
264 967 302 998 et
320 961 438 1011 ipsius
457 974 597 1008 amore,
615 968 694 999 erat
723 961 818 999 enirn
840 975 951 999 carus
971 963 1129 1013 populo,
1150 969 1189 1000 et
1219 963 1382 1000 Romani
1396 964 1586 1002 exercitus

137 1023 272 1061 timore
302 1032 564 1074 sequerentur,
585 1026 669 1076 [Sl]
691 1026 869 1075 cognovit
897 1026 1187 1064 Induciomarus
1216 1040 1255 1063 se
1283 1026 1455 1064 delusum
1477 1034 1514 1065 et
1535 1028 1586 1065 ab

135 1087 311 1125 orunibus
336 1088 447 1125 facile
481 1102 519 1126 se
551 1102 663 1138 posse
697 1089 866 1126 destitui.
923 1089 1013 1126 Non
1050 1089 1177 1126 animo
1204 1103 1310 1140 ergo,
1326 1089 1390 1126 sed
1428 1091 1587 1128 consilio

137 1156 284 1189 mutato
305 1165 385 1189 sese
420 1152 562 1189 Caesari
582 1164 648 1200 per
667 1152 818 1188 nuntios
846 1153 1058 1196 excusavit,
1081 1152 1187 1201 quod
1208 1152 1256 1188 ad
1291 1166 1377 1189 eum
1411 1154 1458 1190 ab
1480 1154 1588 1193 initio

136 1227 215 1251 non
252 1216 428 1261 venisset,
448 1229 496 1254 ne
528 1215 766 1266 principibus
785 1215 894 1253 simul
921 1214 1116 1265 digressis,
1137 1214 1248 1264 plebs
1278 1228 1346 1264 per
1363 1214 1587 1264 ⁶²justitiam

136 1277 216 1316 falli
235 1286 380 1329 posset,
396 1284 434 1318 et
448 1292 471 1317 a
490 1280 663 1318 Romana
677 1278 755 1316 fide
775 1279 900 1329 pravis
919 1278 1078 1316 fortasse
1097 1278 1266 1316 consiliis
1286 1278 1449 1328 impulsa
1468 1278 1591 1318 disce-

141 1341 246 1380 dere.
304 1344 497 1381 Caeterum
519 1356 558 1380 se
577 1349 615 1380 et
630 1342 820 1380 civitatem
851 1343 971 1392 ipsam
1000 1342 1038 1379 in
1077 1342 1234 1379 arbitrio
1257 1355 1326 1379 suo
1356 1355 1452 1388 esse,
1473 1355 1590 1393 seque

139 1405 189 1444 ad
205 1419 293 1443 eum
322 1406 351 1443 si
370 1405 610 1456 praeceperit,
631 1406 760 1443 venire
780 1418 901 1455 prono
922 1405 1046 1442 animo
1067 1412 1257 1455 paratum.
1314 1405 1441 1443 Caesar
1457 1419 1590 1456 quam-

140 1483 257 1523 quam
276 1483 355 1519 non
374 1471 525 1521 ignarus
546 1469 648 1507 unde
669 1470 754 1506 haec
775 1469 881 1506 dicta
900 1469 1170 1519 procederent,
1200 1482 1248 1506 ne
1278 1475 1406 1506 tamen
1438 1476 1591 1519 tempus

138 1535 178 1572 in
196 1534 364 1572 Treviris
394 1539 532 1572 tereret
560 1533 689 1571 venire
715 1533 820 1570 illum
854 1532 905 1571 ad
939 1546 977 1570 se
1001 1533 1120 1582 jussit
1139 1546 1225 1570 cum
1248 1532 1428 1570 ducentis
1449 1533 1593 1571 obsidi-

140 1599 228 1644 bus,
244 1598 280 1635 in
300 1597 441 1648 quibus
460 1603 497 1634 et
517 1597 617 1635 filius
636 1597 720 1647 ejus
741 1596 812 1634 fuit
831 1603 869 1634 et
888 1597 1094 1648 propinqui
1122 1597 1283 1646 aliquot,
1306 1609 1418 1646 quem
1439 1596 1593 1634 venien·

140 1669 216 1701 tem
232 1660 340 1699 ⁶³levi
369 1661 539 1698 oratione
552 1660 776 1710 complexus
794 1659 843 1697 ad
865 1661 1051 1697 Romanae
1071 1659 1253 1697 amicitiae
1274 1659 1593 1709 perseverantiam

143 1726 389 1769 cohortatum
420 1737 508 1762 cum
533 1725 699 1774 primum
729 1730 828 1761 esset
856 1723 904 1761 ad
935 1723 1141 1761 amicitiam
1171 1721 1441 1759 exhortandus.
1497 1722 1595 1760 Tre·

141 1789 307 1827 virorum
333 1796 461 1826 tamen
490 1787 725 1838 primoribus
746 1787 969 1825 nominatim
989 1786 1274 1837 Cingetorigem
1295 1785 1595 1831 commendavit,

144 1866 223 1891 non
243 1852 361 1890 modo
388 1852 477 1903 quia
509 1851 572 1889 ille
602 1851 649 1888 sit
678 1850 859 1895 meritus;
891 1850 956 1888 sed
979 1850 1070 1900 quia
1088 1856 1126 1887 et
1161 1849 1233 1887 sibi
1253 1848 1461 1899 expediens
1494 1849 1597 1886 vide-

143 1917 259 1955 batur
277 1917 440 1954 amicum
461 1928 570 1953 suum
585 1921 623 1952 et
642 1913 782 1964 populi
804 1913 967 1951 Romani
987 1926 1054 1951 sua
1083 1913 1121 1949 in
1142 1912 1266 1962 patria
1284 1912 1446 1949 multum
1466 1924 1596 1962 posse,

143 1980 377 2032 optimisque
396 1979 575 2017 omnibus
596 1991 728 2016 carum
744 1991 837 2015 esse.
894 1978 1094 2015 Enimvero
1114 1975 1392 2013 Indiciomarus
1412 1987 1495 2012 eam
1516 1987 1597 2012 rem

143 2044 237 2083 tulit
255 2043 472 2095 aegerrime;
494 2049 644 2081 tantum
664 2041 735 2079 sibi
753 2040 989 2091 populariter
1009 2039 1138 2090 gratim
1158 2038 1261 2075 demi
1281 2038 1460 2082 sentiens,
1477 2050 1598 2088 quan-

143 2113 225 2146 tum
252 2106 469 2145 adversario
498 2105 743 2149 accessisset;
776 2103 918 2154 quique
946 2103 1072 2140 animo
1092 2102 1267 2139 inimicus
1286 2107 1379 2146 erat,
1413 2101 1510 2137 banc
1545 2101 1595 2137 ob

146 2183 303 2209 causam
336 2170 455 2208 multo
478 2170 590 2207 etiam
611 2168 798 2206 inimicior
830 2168 956 2205 factus
988 2173 1059 2204 est.
1115 2166 1245 2203 Caesar
1282 2178 1328 2202 ex
1360 2163 1528 2201 Treviris
1549 2164 1597 2201 ad

143 2234 252 2272 illum
274 2247 389 2284 quem
420 2233 499 2270 dixi
519 2239 671 2282 portum
693 2232 815 2268 Icium
844 2231 947 2268 venit
981 2244 1066 2268 cum
1096 2229 1291 2266 exercitu:
1325 2227 1404 2265 illic
1435 2227 1598 2265 classem

144 2303 268 2336 totam
288 2303 543 2347 praeparatam
572 2294 724 2345 reperit,
756 2300 896 2344 praeter
918 2293 1113 2343 sexaginta
1146 2304 1262 2328 naves
1283 2304 1371 2341 quae
1400 2290 1437 2327 in
1458 2290 1599 2328 Meldis

146 2359 261 2399 factae
281 2367 399 2405 erant,
421 2371 594 2409 quasque
609 2372 628 2395 a
648 2358 802 2408 reliquis
824 2357 1005 2407 procellae
1025 2356 1138 2394 maris
1167 2360 1393 2399 averterant,
1413 2361 1531 2404 atque
1550 2353 1600 2391 ad

145 2424 252 2462 littus
273 2422 374 2460 unde
405 2423 599 2460 solverant
634 2421 811 2459 refecisse
839 2418 1121 2457 ⁶⁴farebantur:
1151 2418 1286 2456 florem
1306 2431 1462 2468 quoque
1485 2417 1600 2455 totius

150 2487 294 2525 Gallici
314 2487 504 2524 exercitus
522 2485 664 2524 invenit
685 2492 850 2536 quatuor
870 2483 990 2520 milia:
1020 2489 1127 2520 erant
1155 2495 1283 2519 omnes
1308 2481 1388 2519 fere
1406 2481 1600 2532 principes

154 2550 368 2588 Galliarum
385 2563 394 2587 ε
424 2562 586 2600 quorum
607 2555 756 2599 partem
777 2547 891 2592 illam,
909 2560 1022 2597 quam
1058 2546 1131 2584 sibi
1150 2545 1268 2583 fidam
1288 2546 1403 2583 rebus
1420 2548 1600 2589 senserat,

194 2647 233 2676 61
261 2646 378 2688 Forte,
402 2644 637 2677 omnibus—62
659 2644 774 2685 Forte,
802 2643 1055 2675 inscitiam-63
1082 2642 1187 2683 Lege,
1207 2641 1364 2673 1εηὶ.-64
1382 2640 1496 2678 Forte,
1515 2636 1600 2675 fere-

149 2697 271 2729 bantur.
