1850 3109
423 193 629 236 cAv.48.

111 303 169 333 bat
181 301 333 332 exercitus
347 299 500 340 Scipionis
511 309 530 329 α
544 301 662 328 terrore
677 297 716 327 C.
740 295 806 327 Sed

108 353 171 383 nisi
189 352 299 382 omnia
315 360 367 380 me
384 348 519 386 fallunt,
535 357 552 379 e
573 348 657 378 Mss.
671 351 706 388 et
723 346 807 377 Edd.

107 402 203 433 Vett.
226 401 358 431 omniuo
382 398 613 429 restituendus
637 402 691 428 est
712 397 808 428 locus

107 453 170 483 lioc
186 452 300 483 modo:
337 451 378 481 Ut
401 459 502 481 secum
516 450 581 490 ipse
597 449 712 489 aliquid
738 459 809 479 auc-

106 502 375 534 toritatisudderrt
387 500 536 531 emm-citui
547 500 635 540 (sive
648 499 811 539 exercitu)

106 552 269 593 Scipionis,
284 562 319 582 uc
334 555 483 582 terrorem
503 554 516 580 ί
525 551 651 589 'cesari-3,
666 550 738 581 scil.
758 560 810 580 ex-

106 602 229 641 ercit-ui,
252 603 360 633 velud
382 605 532 632 terrorem
557 601 705 632 Coesaris.
733 600 809 631 Hoc

106 656 202 692 patet
220 662 237 681 e.
248 661 343 692 seqq.
359 650 416 682 ubi
430 651 527 689 dicit,
541 651 678 681 animum
690 649 811 689 quidem

103 703 244 734 additum
259 701 424 742 Scipioni,
442 701 501 732 sed
517 700 664 733 Caesaris
684 699 811 730 exerci-

105 757 176 785 tum
201 757 332 790 contra,
357 762 396 783 ac
421 754 683 792 exspectaverat
706 749 810 786 Juba,

105 812 237 835 omnem
271 806 420 834 terrorem
453 801 661 842 deposuisse,
691 800 739 831 ita
774 805 810 830 ut

104 853 195 886 Juba
212 863 362 894 praesens
383 852 610 889 auctoritatem,
633 860 734 892 quam
755 850 812 881 ab·

106 913 182 936 sens
198 905 374 943 habuerat,
389 904 552 935 amiserit.
590 901 811 934 Confidenter

106 956 221 998 itaque
234 957 332 996 hanc,
342 957 369 987 si
383 966 446 987 non
458 964 588 994 veram,
598 964 686 985 verae
699 959 809 985 tamen

105 1007 304 1047 proximam,
331 1006 604 1038 emendationem
629 1004 738 1035 textui
763 1004 811 1034 in-

105 1057 206 1095 serui,
250 1062 286 1089 et
323 1057 465 1087 aliorum
514 1055 809 1095 interpolationes,

108 1108 208 1140 Mstis
225 1109 352 1147 invitis,
371 1108 516 1138 intrusae
539 1107 695 1137 exsulare
710 1105 810 1146 jussi.

106 1159 234 1190 Verum
264 1159 414 1189 auctoris
451 1166 586 1188 sensum
614 1157 711 1194 vidit,
742 1165 810 1186 non

106 1207 253 1249 pervidit
269 1212 380 1239 tamen
390 1207 535 1247 Lipsius,
551 1205 607 1247 qui
623 1205 759 1245 legebat
774 1207 810 1235 ut

104 1269 203 1291 secum
215 1259 256 1291 al.
268 1263 349 1290 auct.
360 1258 498 1296 adferret
510 1257 666 1289 exercitus
672 1255 812 1296 Scipioni

106 1312 147 1342 ad
161 1313 309 1342 terrorem
327 1309 473 1341 coesaris.
504 1308 628 1339 Posset
643 1311 679 1338 et
692 1307 759 1347 legi
776 1310 811 1336 ut

107 1370 222 1392 secum.
235 1362 354 1401 aliquid
384 1364 466 1391 auct.
500 1361 628 1390 adderet
658 1358 812 1390 exercitus

106 1411 254 1452 (seilicet
269 1411 362 1450 suus)
375 1410 513 1452 Scipioni
527 1411 567 1440 od
578 1413 727 1440 terrorem
742 1410 810 1440 Cae-

106 1461 196 1493 saris.

148 1514 168 1542 6
192 1511 414 1552 Peditibnsque
427 1511 492 1550 ejus
506 1510 690 1551 armaturae]
709 1510 810 1542 Hanc

108 1572 188 1594 sane
204 1562 386 1593 lectionem
396 1561 559 1593 exhibent
571 1570 686 1592 omnes
703 1561 809 1598 editi3

108 1612 198 1654 quod
214 1618 326 1644 tamen
338 1622 405 1643 non
421 1612 549 1652 obstat,
565 1620 631 1653 quo
643 1612 811 1648 minusex

108 1662 200 1694 Msto
232 1662 377 1694 Norvic.
404 1662 540 1693 omnino
575 1661 812 1702 rescripserim

103 1712 317 1754 peditibusque
350 1712 434 1743 levis
471 1714 650 1742 arnwturoe.
698 1711 810 1742 Dacis.

108 1762 202 1793 Levis
217 1762 264 1792 ita
276 1762 405 1802 optime
422 1761 582 1792 Davisius
599 1760 753 1791 restituit
768 1770 812 1791 ex

108 1814 175 1845 Ms.
192 1814 330 1845 Eliensi.
346 1813 402 1844 Al.
417 1823 534 1844 omnes
550 1813 616 1852 ejus
632 1816 812 1844 armaturae.

109 1865 175 1896 Sed
204 1869 240 1896 et
269 1864 356 1896 infra
387 1865 429 1895 de
462 1864 628 1905 Scipionis
658 1864 813 1895 exercitu

108 1924 137 1947 c.
154 1918 206 1947 50.
221 1916 336 1955 levique
351 1918 522 1946 amatura.
549 1914 656 1945 Clark.
684 1914 814 1954 Sequor

109 1966 198 1997 viros
223 1966 342 1997 doctos
369 1967 402 1996 iu
429 1966 474 2004 τῷ
499 1964 584 2004 levis,
607 1964 814 1995 auctoritate

110 2016 287 2047 Petaviani
304 2016 440 2047 Codicis
453 2019 641 2056 permotus,
675 2015 764 2046 Nam
778 2018 815 2045 et

110 2067 167 2098 ille
183 2067 257 2098 let-is
280 2066 430 2097 exhibet.
470 2066 598 2096 Pedites
615 2065 691 2096 lez-is
712 2075 814 2096 arma-

111 2120 190 2148 turae
205 2117 312 2155 dicit3
336 2117 415 2157 qnia
427 2121 463 2148 et
478 2117 610 2158 equites
624 2116 696 2148 sine
710 2115 813 2147 frenis

110 2168 185 2199 levis
209 2171 375 2198 armatura·
399 2171 508 2198 erant.
561 2166 689 2198 Confer
715 2167 811 2207 Lips.

111 2218 132 2250 l.
147 2227 206 2249 111.
223 2218 266 2249 de
282 2217 357 2249 Mil.
373 2227 403 2249 c.
418 2219 449 2248 8.
487 2217 575 2248 Vide
592 2217 696 2247 etiam
713 2226 741 2248 c.
760 2219 813 2247 14.

106 2268 226 2309 pedites
241 2268 387 2299 Numidae
406 2268 482 2299 levis
502 2270 680 2297 armatum.
718 2266 814 2297 Unde

110 2319 224 2352 forsan
249 2323 344 2351 recte
371 2319 403 2350 in
435 2318 523 2350 Edd.
547 2318 642 2349 vett.
669 2322 705 2348 et
730 2318 813 2348 Mss.

112 2370 229 2411 Cujac.
247 2379 287 2401 ac
311 2370 404 2400 Leid.
420 2378 489 2400 sec.
511 2368 637 2409 legitur
663 2367 815 2399 Numida-

110 2431 190 2463 rum,
203 2422 396 2463 equitumque
410 2421 485 2452 let-is
495 2423 673 2452 armaturae.
702 2420 814 2460 Vulgo

111 2472 318 2503 Numidarum
335 2472 482 2512 equitum,
496 2472 628 2512 let-isque
645 2480 691 2501 ar.
712 2470 816 2509 Hinc,

112 2522 122 2539 ‘
137 2527 322 2553 armaturas
339 2522 451 2553 leves’
475 2521 561 2553 dicit
581 2531 611 2552 c.
627 2524 681 2552 59.
725 2519 814 2551 Vide

112 2571 213 2603 etiam
239 2582 269 2604 c.
294 2576 348 2604 69.
386 2573 395 2589 ‘
412 2572 571 2605 Numida:
595 2572 748 2612 levisque
765 2580 815 2601 ar-

113 2623 279 2654 maturae!

159 2674 197 2702 11
224 2673 344 2704 Castris
357 2673 506 2716 Coesaris]
526 2674 710 2706 Ms.D0rv.
726 2676 814 2708 Edd.

114 2720 214 2753 Rom.
231 2721 316 2753 Veu.
331 2723 474 2754 Mediol.
488 2724 590 2755 Vasc.
614 2729 650 2755 et
667 2725 815 2766 Gryphii

116 2771 235 2811 Margo
262 2771 300 2803 C.
320 2771 473 2813 Scipionis
481 2783 493 2810 ;
521 2778 641 2806 contra
665 2780 814 2807 mentem

664 203 759 232 Lm.
794 203 856 232 DE
890 203 1047 232 BELLO
1081 203 1244 235 AFRIC-

1451 195 1565 238 1613

856 297 1017 328 auctori&
1062 298 1188 330 Forsan
1203 305 1382 342 utrumque
1404 312 1421 334 e
1443 306 1565 346 margi-

857 348 922 378 nali
937 349 1045 388 glossa
1058 355 1171 381 natum
1184 349 1305 390 fuerit;
1324 356 1359 383 ut
1372 354 1563 393 conjecisse

858 399 960 430 etiam
978 399 1076 431 video
1094 399 1257 441 Lipsium.

904 453 942 480 13
970 450 1077 489 Magis
1102 451 1292 491 suspensiore
1321 451 1440 492 animo]
1473 453 1566 484 Non-

861 501 944 530 nulli
983 501 1067 532 Msti
1096 510 1172 532 cum
1215 503 1313 533 editt.
1347 503 1444 534 Rom.
1476 504 1564 536 Ven.

861 550 1020 582 Beroald.
1050 552 1211 582 exhibent
1241 553 1343 591 magii
1368 554 1566 594 suspensione

859 601 954 631 animi
968 613 980 637 ;
1004 611 1087 632 unus
1105 609 1217 633 autem
1235 613 1252 633 e
1271 604 1371 634 Mstis
1398 604 1512 644 Regiis
1529 608 1565 636 et

862 650 1000 681 Norvic.
1030 652 1153 682 omissa
1188 655 1295 693 prima
1323 664 1417 694 voce,
1445 655 1565 696 legunt

858 702 1049 741 suspensiore
1079 703 1191 734 animo.
1240 704 1445 745 Perperam
1471 715 1563 746 saepe

861 752 949 782 enim
974 753 1151 792 particulae
1175 755 1438 794 comparationis
1460 755 1565 786 nomi-

861 802 960 832 nibus
976 804 1215 844 comparativis
1229 804 1411 836 adduntur.
1437 806 1565 837 Noster

860 852 1000 892 hujusce
1013 853 1090 884 libri
1103 863 1132 884 c.
1146 857 1196 885 54.
1211 855 1334 893 ‘Magis
1344 855 1376 886 in
1387 855 1566 896 seditione,

861 905 924 933 sce.
955 913 1053 944 quam
1071 905 1208 944 pudoris
1232 905 1475 948 modestiaeque
1493 906 1566 938 fue·

861 952 936 983 ritis
945 953 1164 984 studiosiores!
1180 955 1334 986 Clemens
1347 956 1563 998 Rom.Epist.

862 1001 903 1032 ad
922 1002 1076 1034 Corinth.
1094 1005 1110 1044 ξ
1125 1007 1177 1035 48.
1203 1004 1346 1045 Τοσούτῳ
1364 1007 1489 1043 μᾶλλον
1510 1018 1565 1037 τα-

860 1055 1068 1094 πεινοφρονεΐν
1105 1054 1236 1095 ὀφείλει,
1258 1055 1320 1095 ὅσῳ
1356 1058 1441 1088 δοκεῖ
1468 1060 1567 1087 ΜΑΛ-

860 1107 943 1134 ΛΟΝ
974 1107 1126 1135 ΜΕῙΖΩΝ
1153 1103 1238 1136 εἶναι.
1287 1106 1496 1147 Porphyrius
1522 1106 1566 1138 de

861 1153 999 1185 Abstin.
1014 1164 1041 1185 1.
1055 1157 1070 1195 §
1086 1160 1138 1187 45.
1159 1156 1195 1186 ‘H
1215 1157 1321 1195 ἀποχὴ
1337 1158 1461 1195 μᾶλλον
1475 1157 1564 1188 οἰκει-

860 1202 964 1242 οτέρα.
1022 1205 1111 1235 Vide
1144 1212 1178 1236 et
1209 1207 1252 1237 G.
1279 1207 1313 1238 J.
1339 1208 1493 1239 vossium
1521 1209 1566 1239 de

862 1255 1057 1287 Construct.
1082 1266 1113 1287 c.
1133 1260 1183 1288 16.
1205 1258 1319 1289 Ducis.
1367 1259 1476 1297 Magis
1501 1267 1568 1290 sus-

856 1306 999 1345 pensiore
1037 1307 1140 1339 auimo
1175 1311 1247 1338 ante
1277 1309 1443 1339 adventum
1473 1308 1568 1340 Juoae

860 1357 1114 1389 comum-ebatur.
1146 1358 1288 1390 Codices
1314 1358 1480 1398 nonnulli,
1503 1371 1568 1391 ma-

858 1407 911 1446 gis
939 1409 1131 1448 suspensione
1159 1409 1269 1448 animi,
1295 1411 1349 1449 isc.
1396 1410 1462 1441 Sed
1492 1420 1568 1442 eru·

862 1457 933 1488 dite
949 1463 1065 1490 tuetur
1079 1460 1241 1491 Davisius
1258 1461 1439 1491 lectionem
1452 1461 1568 1502 vulga-

862 1514 950 1548 tam;
973 1510 1189 1552 ostenditque
1203 1511 1309 1543 bonos
1323 1511 1492 1543 Auctores
1511 1521 1569 1543 no-

862 1561 1009 1592 minibus
1026 1562 1266 1603 comparativis
1281 1563 1466 1603 particulas
1481 1572 1568 1594 com-

862 1612 1049 1651 parationis
1076 1622 1319 1654 nonnunquam
1349 1613 1487 1654 insuper
1512 1613 1569 1643 ad-

863 1662 957 1694 dere.
1003 1664 1207 1705 Quanquam
1219 1669 1254 1695 et
1271 1664 1335 1695 isto
1349 1664 1448 1695 modo
1466 1673 1568 1704 expe-

863 1713 926 1743 diri
953 1717 1068 1754 potest
1087 1714 1143 1745 hic
1167 1715 1280 1745 locus:
1308 1714 1417 1753 Magis
1440 1724 1569 1744 commo-

862 1764 992 1794 rebatur
1027 1768 1099 1795 ante
1133 1765 1299 1795 adrentum
1330 1764 1433 1805 Juboe,
1466 1765 1571 1795 animo

860 1815 1061 1855 suspensiore.
1088 1816 1195 1847 Clark.
1255 1816 1346 1846 Loco
1368 1819 1459 1847 notae
1484 1825 1569 1847 meae

863 1866 949 1896 hanc
961 1876 1048 1907 pone
1061 1877 1067 1896 :
1083 1867 1126 1897 Et
1140 1867 1400 1907 exspectatione
1413 1867 1579 1907 copiarum·

863 1917 1021 1957 regiarum
1037 1917 1206 1949 exercitus
1221 1917 1284 1955 ejus
1306 1917 1412 1957 magis
1430 1926 1569 1957 suspen-

865 1968 954 1999 siore
969 1968 1080 1999 animo
1096 1971 1167 1999 ante
1190 1969 1356 1998 adventum
1371 1966 1464 1997 Jubae
1480 1975 1571 1998 comi

863 2019 1076 2050 movebatur.
1122 2018 1245 2050 Petav.
1277 2017 1389 2048 Ursin.
1426 2017 1568 2048 Nol-vic.

864 2069 989 2111 aliique
1006 2069 1143 2101 codices
1159 2069 1279 2110 optimi
1296 2068 1378 2099 dant
1394 2071 1424 2098 et
1447 2077 1570 2108 exspec-

863 2123 942 2152 tatio
968 2122 1124 2162 copiamim
1147 2122 1307 2161 regiarum
1330 2121 1481 2151 exercitus
1507 2120 1571 2158 eju-3

863 2174 1056 2212 suspensiore
1078 2173 1192 2211 animo,
1209 2172 1281 2211 ὅτ..-
1308 2171 1460 2202 nonnulli
1487 2180 1570 2201 vero

864 2226 1116 2263 repraesentant
1142 2223 1338 2263 suspensione
1352 2222 1462 2252 animi.
1509 2221 1571 2252 Le·

865 2272 1012 2312 gendum
1028 2273 1163 2303 videtur
1186 2277 1222 2303 et
1238 2271 1453 2311 exspectatio
1469 2271 1570 2311 copia-

865 2333 933 2354 rum
947 2323 1106 2363 regiarum
1120 2324 1154 2354 in
1172 2323 1328 2354 exercitu
1351 2322 1415 2360 ejus
1431 2331 1571 2362 suspen-

865 2375 991 2406 sionem
1028 2375 1130 2406 animi
1167 2380 1239 2406 onte
1278 2377 1443 2406 adventum
1477 2373 1572 2405 Juboe

866 2425 1114 2457 commovebat.
1174 2427 1277 2458 Certe
1308 2431 1450 2466 recepta
1468 2424 1571 2456 lectio

865 2486 932 2507 non
950 2474 1016 2507 fuit
1040 2477 1082 2508 ab
1100 2476 1216 2508 Hirtiii
1240 2487 1351 2516 manu,
1372 2476 1437 2507 nisi
1461 2476 1488 2506 si
1511 2474 1571 2505 du-

866 2527 997 2558 rissime
1012 2527 1197 2568 scripserit.
1208 2528 1319 2559 Datis.
1334 2537 1405 2558 cur.
1417 2536 1485 2556 sec.
1504 2525 1572 2555 Ex-

865 2578 1013 2618 spectatio
1035 2578 1136 2608 etiam
1153 2583 1206 2608 est
1222 2578 1256 2608 in
1273 2577 1391 2617 Cujac.
1409 2585 1446 2605 ac
1472 2573 1570 2605 Leid.

867 2628 990 2667 primo:
1016 2627 1291 2666 exea-spectatione
1306 2625 1430 2665 Scalig.
1457 2623 1570 2654 Alter-

867 2683 978 2708 utrum
1003 2677 1029 2708 si
1053 2677 1210 2717 recipias,
1226 2676 1407 2716 legendum
1435 2674 1500 2704 erit
1515 2682 1570 2703 ex-

866 2727 1047 2767 ercitusque.
1094 2726 1160 2757 Sed
1182 2735 1248 2756 uon
1265 2733 1348 2765 opus
1364 2727 1426 2753 est.
1473 2721 1568 2753 Male

865 2777 955 2808 enim
962 2775 1122 2807 Davisius
1135 2775 1168 2806 in
1186 2773 1343 2806 secundis
1355 2773 1444 2805 curis
1457 2772 1569 2804 locum
