1850 3109
528 186 590 216 nn
623 183 738 214 νιτΑ
771 182 903 213 sumi
936 181 1167 213 cAESAms.
1452 173 1562 215 1757

122 286 172 325 ad
203 284 434 335 colloquium
464 282 669 333 pervenire,
703 294 778 318 non
811 293 851 318 se
883 275 1085 329 desperare
1119 280 1380 316 Romanorum
1399 280 1559 318 militum

110 350 282 387 ¹salutem
301 361 323 385 a
351 347 428 384 suis
448 346 631 383 militibus
661 345 854 394 impetrari
884 356 1015 394 posse:
1047 343 1120 379 sibi
1142 356 1231 380 vero
1253 343 1281 379 si
1312 343 1448 386 veniat,
1470 343 1561 380 nihil

120 424 202 449 esse
221 411 393 460 periculi,
416 410 529 459 inque
551 410 622 446 hoc
644 421 749 445 suam
771 421 810 445 se
831 407 947 445 tidem
970 406 1022 443 illi
1049 406 1232 456 obligare.
1289 405 1463 443 Credidit
1482 418 1563 442 ver·

122 474 179 512 bis
201 475 312 512 miser
331 480 367 511 et
388 474 437 510 illi
458 473 571 510 fidem
598 473 730 510 babuit
759 486 780 509 a
811 485 888 522 quo
918 477 1008 508 tunc
1031 470 1190 507 maxime
1220 469 1468 519 prodebatur.
1524 469 1560 506 Ο

103 550 184 576 ·seu
202 550 306 574 error
324 537 455 587 ingens
476 550 542 574 seu
573 537 658 573 vitae
688 549 790 573 caeca
810 534 1021 585 cupiditas!
1053 541 1140 571 ante
1173 535 1355 571 ²³tantum
1378 545 1491 583 quam
1513 532 1562 570 ad

119 600 288 639 hostium
318 607 462 650 pergat,
483 600 724 650 propositum
745 611 855 635 suum
876 598 1033 646 collega}
1062 597 1197 646 aperit,
1228 597 1321 634 velle
1342 609 1379 633 se
1400 596 1449 633 ad
1471 599 1564 634 Am-

102 664 302 714 ‘biorigem
324 664 530 714 proticisci,
554 677 659 713 spem
689 663 761 699 sibi
781 662 910 699 salutis
931 661 1095 705 ostendi,
1116 674 1230 711 posse
1250 674 1336 698 eum
1357 673 1513 710 quoque
1535 659 1564 697 si

101 728 208 765 ·velit
228 741 359 765 secum
379 728 449 764 ire:
479 733 593 776 negat
613 726 740 769 Cotta,
761 732 800 762 et
833 731 874 762 ut
894 725 1017 763 fracto
1037 738 1101 761 ore
1122 724 1227 773 loqui
1250 730 1417 773 poterat:
1449 723 1563 760 'Non

116 791 194 829 ibo’
214 791 370 840 (inquit)
391 798 399 812 ‘
413 790 461 827 ad
483 795 670 827 armatum
693 789 867 826 hostem:
912 789 1089 837 Cumque
1111 787 1182 824 liae
1204 786 1302 823 fixus
1321 787 1357 823 in
1379 786 1564 824 sententia

98 861 369 905 ¹permaneret,
389 868 460 892 nec
481 854 611 890 divelli
633 858 776 903 posset,
798 852 982 896 Titurius,
1005 858 1043 889 et
1062 851 1221 889 tribunis
1239 851 1397 887 militum
1418 856 1456 887 et
1476 863 1564 887 cen-

116 918 328 956 turionibus
348 919 453 968 sequi
467 917 600 966 jussis,
625 916 691 953 ivit
712 916 791 965 ipse
813 928 891 964 quo
912 915 1181 959 destinaverat,
1202 920 1240 951 et
1262 927 1339 964 quo
1371 927 1439 951 sua
1457 913 1562 950 illum

117 994 199 1019 sors
220 981 407 1019 trahebat.
463 982 639 1029 Cumque
672 979 720 1016 ad
753 978 1016 1029 Ambiorigem
1050 978 1337 1028 propinquaret,
1366 977 1481 1025 jussit
1500 977 1563 1014 ille

115 1044 188 1082 sibi
218 1044 387 1094 inprimis
422 1051 463 1081 ut
490 1057 594 1081 arma
627 1046 847 1092 deponeret,
882 1049 920 1079 et
954 1046 993 1090 (ο
1024 1043 1138 1093 pejus
1162 1048 1296 1084 morte,
1329 1054 1352 1078 o
1373 1041 1562 1078 Caesareis

115 1108 227 1145 armis
244 1109 435 1144 insuetum
453 1107 634 1152 dedecus)
653 1107 779 1155 paruit
796 1107 868 1143 hac
890 1106 926 1143 in
947 1119 987 1143 re
1008 1106 1159 1143 barbari
1180 1105 1338 1154 imperio
1354 1106 1562 1149 Romanus,

115 1177 154 1208 et
186 1183 317 1221 parere
350 1170 508 1208 comites
543 1170 750 1219 praecepit:
782 1176 862 1207 tum
896 1169 1047 1207 demum
1083 1181 1170 1206 cum
1204 1168 1337 1205 inermi
1375 1168 1422 1205 de
1456 1168 1564 1217 pacis

116 1235 400 1272 conditionibus
421 1235 480 1284 agi
500 1240 693 1284 coeptum:
725 1246 890 1283 cumque
910 1232 958 1270 de
989 1232 1177 1269 industria
1201 1231 1379 1280 proditor
1410 1237 1562 1280 tempus

116 1297 244 1342 trahit,
266 1297 489 1335 circumfusi
511 1297 645 1334 sensim
668 1296 820 1334 barbari
839 1296 1033 1333 Titurium
1054 1296 1307 1333 obtruncant:
1339 1294 1405 1344 qui
1430 1307 1563 1332 secum

96 1360 283 1398 *exierant
302 1368 443 1411 quanta
463 1366 622 1410 possunt
642 1359 690 1397 ad
724 1373 812 1397 suos
831 1359 1023 1397 celeritate
1054 1358 1313 1408 confugiuntz-
1330 1359 1459 1395 hostes
1481 1358 1564 1395 bar-

94 1424 247 1462 ·barico
267 1424 412 1462 ululatu
433 1424 630 1461 victoriam
653 1423 937 1461 conclamantes
968 1423 1004 1460 in
1032 1424 1225 1460 Romanos
1243 1428 1371 1466 ruunt,
1394 1434 1468 1458 una
1487 1422 1565 1459 val-

115 1487 159 1525 lis
187 1494 294 1538 parte
327 1487 554 1531 condensos,
589 1488 674 1537 [94]
706 1487 868 1537 jamque
903 1487 965 1524 vix
1002 1487 1191 1537 impetum
1230 1485 1473 1530 sustinentes,
1511 1484 1564 1522 ibi

115 1551 376 1599 Arunculejus
397 1553 512 1589 Cotta
534 1551 738 1588 fortissime
759 1550 942 1594 dimicans
962 1550 1172 1588 occiditur:
1205 1549 1260 1586 vir
1291 1548 1392 1586 haud
1424 1548 1562 1598 dignus

115 1616 182 1665 qui
201 1615 332 1652 alienae
351 1615 519 1652 stultitiae
551 1628 683 1664 poenas
703 1614 826 1652 daret.
884 1614 999 1652 Multi
1030 1614 1091 1651 alii
1124 1620 1319 1663 praeterea,
1340 1613 1439 1650 inter
1467 1625 1564 1661 quos

115 1677 188 1716 fuit
225 1678 405 1716 Lucidius
444 1677 678 1715 Petrosidius
717 1677 901 1715 vexillifer
934 1677 1048 1715 turba
1085 1677 1366 1714 circumventus
1406 1675 1564 1724 ingenti,

92 1741 292 1791 aquilam,
327 1740 485 1790 2'lneque
515 1740 586 1777 sibi
609 1746 893 1789 extorquerent,
916 1754 1004 1777 cnm
1038 1741 1074 1777 in
1108 1747 1234 1777 castra
1261 1740 1462 1788 jactasset,
1485 1739 1563 1788 ipse

113 1818 298 1856 generoso
332 1805 475 1853 inipetu
507 1804 642 1841 mediis
677 1817 757 1841 sese
790 1805 962 1842 hostibus
993 1804 1156 1841 inferens
1187 1803 1392 1840 occubuit:
1425 1802 1563 1838 milites

92 1868 279 1906 vducibus
313 1868 464 1917 spoliati
501 1867 620 1904 multo
641 1867 770 1904 labore
791 1881 835 1904 ac
857 1867 996 1904 virtute
1025 1880 1143 1917 usque
1177 1866 1224 1903 ad
1260 1872 1411 1903 noctem
1432 1865 1562 1902 locum

115 1931 180 1968 ubi
215 1932 464 1968 constiterunt
497 1931 766 1968 defenderunt.
825 1932 951 1968 Nocte
985 1937 1112 1968 autem
1153 1930 1354 1979 desperata
1390 1927 1562 1978 undique

90 1994 244 2039 2salute,
266 2007 312 2031 ne
331 1994 404 2031 vivi
424 1995 461 2031 iu
482 2007 614 2031 manus
644 1994 810 2031 hostium
833 1995 1087 2044 pervenirent,
1109 1993 1285 2030 indomiti
1307 1992 1457 2042 spiritus
1480 2004 1562 2029 sese

94 2057 326 2095 ⁷²⁵omnibus
358 2057 726 2107 manibus-propriis
760 2063 1015 2108 peremerunt,
1050 2064 1189 2107 praeter
1219 2069 1364 2106 paucos
1397 2055 1462 2105 qui
1494 2067 1563 2104 per

111 2119 214 2158 diem
235 2121 368 2169 proelio
387 2120 539 2170 dilapsi,
562 2121 714 2158 incertis
738 2120 825 2157 hinc
846 2120 933 2158 inde
954 2121 1171 2158 tramitibus
1192 2119 1241 2157 ad
1263 2120 1428 2169 legatum
1447 2118 1561 2155 alium

111 2183 246 2220 Titum
266 2183 476 2220 Labienum
500 2183 625 2220 tristes
647 2184 770 2220 nuntii
803 2190 1090 2233 praecesserant.
1147 2185 1195 2220 Et
1228 2183 1288 2219 hie
1324 2181 1482 2232 quidem
1504 2181 1563 2218 in-

112 2248 248 2284 faustae
278 2247 435 2295 legionis
467 2246 639 2283 interitus
673 2246 758 2291 fuit,
792 2247 890 2284 inter
924 2255 997 2284 tres
1028 2247 1116 2283 belli
1145 2246 1291 2283 externi
1311 2244 1559 2282 adversitates

88 2309 306 2348 ·Caesareas
327 2317 571 2347 numeratus:
601 2309 668 2346 ubi
689 2309 930 2347 admonuisse
958 2310 1141 2347 lectorem
1169 2309 1301 2353 velim;
1335 2307 1440 2358 quod
1467 2308 1562 2345 Sue·

90 2371 238 2410 ‹tonius
257 2372 505 2422 Tranquillus
526 2379 662 2409 auctor
697 2373 939 2417 certissimus,
962 2375 1243 2410 Germanorum
1265 2373 1339 2409 lioc
1361 2372 1398 2408 in
1419 2370 1560 2408 finibus

91 2435 296 2473 -accidisse
313 2437 381 2473 ait:
411 2436 535 2473 Julius
568 2442 696 2472 autem
729 2436 864 2473 Celsus
898 2449 1026 2473 comes
1061 2443 1099 2473 et
1131 2435 1196 2484 qui
1231 2437 1342 2472 rebus
1378 2434 1560 2476 interfuit,

99 2498 334 2537 -Eburonum
355 2500 390 2536 in
411 2499 554 2537 finibus
575 2500 721 2537 factum
742 2499 868 2537 refert.
926 2501 1013 2538 Non
1035 2507 1094 2537 est
1115 2506 1243 2536 autem
1261 2511 1396 2548 magna
1415 2498 1561 2535 dissen-

108 2561 166 2599 sio
193 2575 283 2600 cum
302 2570 341 2601 et
361 2570 451 2601 tunc
473 2564 718 2601 contermina:
737 2564 911 2602 nationes
932 2572 1068 2607 essent,
1102 2576 1313 2612 omnesque
1347 2560 1460 2598 hodie
1482 2559 1556 2596 sint

174 2708 218 2736 23
243 2707 356 2749 Forte,
370 2711 482 2750 tamen,
496 2719 586 2750 qnam
601 2711 640 2742 ad
656 2711 870 2745 hostem-22
893 2711 998 2752 Lege,
1013 2720 1049 2741 ne
1064 2708 1222 2741 sibi.—25
1243 2707 1347 2746 Lege,
1364 2711 1476 2734 omnes.
