1850 3109
382 209 476 240 ΜΒ.
509 209 562 239 11.
592 207 699 237 CAP.
728 195 799 237 30.
834 205 896 235 nn
930 203 1085 234 nmmo
1115 204 1286 234 clvim.

126 305 268 338 mindam
284 305 369 336 male
385 302 568 334 sustulisse.
614 300 652 332 In
664 301 729 332 Ms.
746 300 818 341 qui-

126 357 202 389 dem
217 356 353 388 Norvic.
371 354 490 384 omissa
503 353 609 392 prima
623 361 720 389 voce,
736 350 817 389 legi-

126 412 181 439 tur
195 407 274 438 enim
288 415 328 436 ex
351 404 487 438 Marsis:
509 412 547 433 ac
574 411 653 432 sane
676 410 716 431 ea
739 410 816 431 con-

119 456 252 497 junctio
295 454 461 485 interdum
515 452 735 493 praeponitu1·‚
778 454 815 481 ut

123 504 271 537 ostendit
302 503 391 534 inter
429 503 510 532 alios
539 502 581 533 G.
612 502 646 534 J.
678 501 815 532 Vossius

124 556 221 587 Anal.
253 564 302 586 ιν.
328 556 380 585 26.
404 553 515 585 Dacis.
570 553 708 592 Namque
736 552 817 582 enim

120 606 276 648 pmbavit
302 605 474 644 Heinsius,
503 615 562 645 pro
588 607 622 635 ut
645 603 818 634 commode

121 657 313 698 subponens
328 656 372 687 ii:
395 665 456 696 pro
470 655 628 686 veniebant
646 654 677 684 in
694 655 816 685 Lovan.

121 712 157 739 et
189 707 297 738 Dorv.
328 711 380 737 est
408 706 559 737 veniebat.
619 705 817 736 Ciacconius

120 768 221 799 porro
245 758 331 799 legit
350 767 452 789 omnes
473 761 573 797 erant,
587 756 639 797 qui
662 756 819 796 superiore

125 809 290 851 (superiori
308 807 407 849 Lov.)
429 810 515 839 nocte
532 808 723 839 centuriones
740 816 818 837 com-

122 859 304 900 militesque,
320 859 395 899 quin
410 861 440 889 et
462 857 611 896 nonnulli,
625 858 676 896 850.
720 856 818 887 Rlicl-

119 909 248 941 licanus
263 914 339 950 post
346 908 585 947 commilitesque
598 911 728 937 tantum
742 906 818 937 sub-

123 959 437 999 intelligitsuissent.
470 958 596 988 Brutus
613 961 724 987 autem
738 965 818 987 con-

118 1010 200 1049 jicit
225 1014 317 1050 atque
331 1019 357 1040 s.
372 1020 404 1039 n.
420 1008 570 1039 commode
585 1007 762 1038 commilites
784 1017 818 1038 n.

124 1069 159 1098 g.
176 1069 201 1090 s.
215 1070 260 1092 m.
274 1060 462 1100 accipiebant
476 1069 494 1089 e
511 1058 606 1089 Carr.

166 1112 206 1141 12
231 1108 533 1148 commilitonesque]
572 1107 819 1147 Commilitesque

123 1168 156 1191 v·
183 1159 260 1190 cod.
293 1158 379 1191 Quae
402 1167 467 1188 vox
494 1156 584 1197 apud
606 1156 755 1187 Plinium
772 1157 818 1186 in-

122 1208 266 1240 venitur.
313 1209 358 1239 Et
372 1208 508 1239 millena
532 1207 566 1237 id
591 1215 694 1246 genus
711 1206 744 1236 in
763 1215 819 1237 ve-

125 1259 254 1290 teribus
263 1257 596 1300 lapidibusinvenias
611 1268 619 1288 ι
645 1261 695 1296 ut,
717 1266 821 1287 com-e-

122 1313 260 1349 teranus,
295 1308 504 1348 contribuam,
543 1307 821 1347 commanipularis,

123 1360 175 1397 isc.
209 1359 250 1390 In
266 1359 423 1390 Palatino
440 1362 491 1389 est
501 1368 569 1388 cum
584 1357 768 1397 militisque:
785 1357 819 1388 in

124 1409 331 1441 Carrariensi
358 1419 426 1440 cum
453 1408 587 1439 milites.-
625 1412 661 1439 et
692 1418 752 1449 pro
780 1417 819 1439 eo

124 1459 211 1501 quod
235 1459 347 1491 statim
364 1458 516 1500 sequitur
534 1458 706 1498 graviores,
726 1458 759 1488 in
788 1468 819 1490 v.

124 1510 198 1542 cod.
215 1514 330 1541 nostro
343 1514 377 1541 et
390 1510 467 1540 Pet.
483 1514 535 1541 est
548 1509 707 1549 graviora.
751 1510 820 1540 Vos-

124 1562 197 1594 sius.
229 1562 270 1592 V.
286 1571 317 1593 c.
337 1561 597 1601 Commilitesque:
622 1560 729 1592 Norv.
751 1570 820 1591 cum

124 1612 307 1652 militesque.-
326 1612 439 1643 Palat.
455 1622 524 1643 cum
539 1612 724 1652 militisque:
741 1611 820 1643 Car-

123 1672 187 1694 rar.
196 1672 261 1693 cum
274 1662 396 1694 milites.
418 1662 460 1693 In
469 1661 687 1703 sequentibus
698 1662 819 1694 Petav.

124 1717 160 1744 et
190 1712 331 1744 Nox-vic.
357 1711 487 1743 habent
514 1711 650 1742 nonnulli
672 1711 821 1751 graviora

125 1771 276 1793 semones
300 1762 433 1792 militum
457 1761 544 1792 dubii
565 1761 675 1792 durius
693 1761 822 1801 accipie·

128 1813 252 1843 bantur.
308 1811 361 1842 An
388 1811 587 1852 legendum?
609 1812 821 1842 comminitan-

126 1866 226 1902 tesque
239 1862 373 1892 nonnulli
387 1862 552 1901 graviora;
573 1871 726 1892 sermones
739 1861 820 1892 mili-

124 1917 189 1943 tum
200 1911 286 1943 dubii
297 1911 406 1943 durius
424 1911 665 1952 accipiebantur.
708 1912 822 1943 Parva

124 1972 203 1994 sane
217 1967 269 1994 est
284 1963 437 2002 mutatio,
464 1972 531 2003 qua
553 1967 705 2004 recepta,
727 1973 821 1996 mens

123 2013 189 2044 erit
215 2013 338 2055 aliqua,
355 2022 431 2044 cum
456 2012 490 2043 in
516 2013 630 2054 vulgg.
648 2013 692 2044 sit
716 2015 821 2047 nulla.

126 2063 237 2096 Dacis.
283 2064 531 2103 Commilitesque
549 2063 714 2095 exhibent
734 2065 820 2096 Mss.

127 2123 242 2145 omnes
269 2119 307 2146 et
333 2113 422 2145 Edd.
449 2114 547 2145 Vett.
574 2123 676 2155 quam
703 2124 822 2147 vocem

125 2164 180 2195 Ill.
207 2163 367 2195 Heinsius
383 2164 525 2204 glossam
539 2168 638 2204 putat
654 2173 697 2195 ex
708 2165 823 2197 verbis

127 2215 161 2245 in
181 2213 378 2246 contubernio
400 2217 502 2244 erant.
546 2214 601 2245 Sic
617 2215 705 2245 enim
728 2215 822 2256 legit.

130 2264 285 2296 Graviora
300 2269 353 2295 est
368 2264 469 2296 etiam
491 2264 524 2294 in
548 2264 673 2295 Lovan.
698 2265 821 2306 Scalig.

125 2315 221 2346 Leid.
238 2325 290 2356 pr.
302 2315 400 2347 Voss.
416 2315 475 2356 qui
505 2314 613 2346 Codd.
630 2324 697 2346 non
721 2325 822 2356 agno·

127 2369 226 2398 scunt
239 2365 277 2396 τὸ
298 2367 409 2405 vulg-us
423 2375 499 2397 cum
523 2366 642 2397 Petav.
665 2370 701 2396 et
717 2367 821 2397 Nol-v.

126 2415 186 2447 sed
203 2425 265 2456 pro
281 2425 320 2447 eo
337 2415 431 2446 dubia
446 2416 572 2447 habent
595 2421 664 2447 tres
681 2416 822 2457 priores,

124 2470 161 2496 at
186 2465 372 2497 Vossianus
398 2465 526 2497 duabus.
569 2466 660 2497 Dein
691 2466 823 2507 accipie-

128 2515 240 2546 bantur
254 2520 290 2547 et
304 2516 443 2547 nonnulli
460 2525 520 2556 pro
542 2517 688 2548 nonnulla
710 2522 763 2549 est
788 2517 823 2548 in

129 2564 258 2605 iisdem,
286 2566 336 2596 uti
360 2569 397 2597 et
419 2566 541 2598 Petav.
569 2567 682 2599 Palat.
713 2569 821 2600 Dorv.

131 2615 193 2646 nisi
207 2616 295 2656 quod
307 2616 433 2647 Lovan.
449 2621 560 2648 servet
570 2618 718 2649 nonnulli.
746 2619 824 2650 Non

129 2663 285 2704 displicet
312 2670 426 2697 antem
459 2666 594 2697 Davisii
614 2667 823 2708 conjectura.

132 2712 188 2743 Ill.
218 2713 376 2745 Heinsius
404 2715 543 2756 legebat
570 2716 606 2746 in
630 2717 825 2749 contubcrnio

133 2764 233 2793 erant.
278 2764 426 2795 Nonnulli
438 2766 581 2804 graviore
594 2775 729 2798 sermone
743 2768 827 2798 mili-

123 2814 191 2842 tum
208 2812 318 2843 durius
328 2813 420 2844 dubia
433 2815 636 2856 accipiebant.
678 2816 725 2848 At
741 2828 827 2859 ρι’-ιε-

1454 192 1564 235 1431

866 306 938 338 fero
954 306 1082 338 Davisii
1095 306 1289 346 lectionem,
1302 314 1363 336 nec
1381 315 1480 346 quam
1496 315 1565 336 me-

864 359 982 388 liorem
998 367 1182 397 proponam
1201 357 1318 387 habeo.

910 411 949 439 13
975 409 1115 439 Militum
1132 408 1220 445 tulgo
1237 408 1344 438 durius
1358 405 1563 446 accipiebant]

870 460 1010 490 Militum
1026 459 1111 489 dubit
1125 458 1233 489 durius
1249 457 1478 497 accipiebantur
1503 458 1568 488 Pe·

868 509 994 540 tavian.
1041 509 1214 538 Palatinus
1246 508 1417 547 vulgatam
1449 506 1567 538 lectio-

867 569 942 590 nem
971 560 1109 597 retinet,
1132 559 1192 589 nisi
1217 559 1305 599 quod
1337 557 1567 598 accipiebantur

868 620 999 651 quoque
1015 610 1177 650 agnoscit.
1225 609 1310 639 Haec
1324 616 1363 638 eo
1375 607 1566 638 accuratius

867 660 997 699 singula
1036 664 1153 690 notare
1186 658 1306 697 visum,
1338 662 1374 688 ut
1401 656 1505 697 siquis
1533 657 1565 688 in

867 710 951 740 alios
982 708 1111 740 incidat
1141 708 1290 745 codices,
1324 716 1387 747 ope
1417 707 1565 737 omnium

868 769 980 790 veram
996 758 1176 789 lectionem
1201 761 1321 788 eruat:
1348 765 1425 786 nam
1448 755 1569 796 despe-

868 818 943 840 rare
955 818 1007 839 me
1024 809 1066 839 de
1084 809 1159 838 loco
1173 808 1236 838 hoc
1261 805 1408 837 sanando
1424 805 1568 845 ingenue

868 858 989 890 fateor.
1035 858 1242 897 Augustinus
1259 857 1380 888 Urtica
1396 855 1501 886 Italus
1521 856 1570 886 in-

869 914 1002 950 terpres
1019 909 1173 945 Caesaris,
1188 908 1236 939 ita
1253 912 1359 939 totam
1377 907 1462 938 hanc
1479 907 1568 947 peri-

869 959 969 990 odum
1008 959 1136 990 vertit:
1169 959 1301 989 Ciascun
1331 958 1365 989 di
1394 958 1440 988 sio
1465 957 1570 996 ragio-

867 1020 962 1041 nava:
986 1014 1016 1041 et
1032 1010 1089 1040 tali
1105 1010 1250 1040 diceano.-
1272 1019 1290 1039 a
1306 1008 1360 1039 che
1367 1007 1426 1046 far
1438 1016 1568 1047 guerra-

867 1070 944 1090 tano
961 1057 1141 1091 Cittaclini?
1167 1068 1237 1090 seno
1260 1059 1338 1089 tutti
1354 1059 1386 1088 di
1401 1067 1461 1088 una
1475 1067 1568 1096 gene-

866 1111 988 1141 ration.-
1014 1113 1044 1141 εἰ
1055 1111 1108 1150 poi
1123 1119 1139 1140 e
1160 1110 1192 1140 in
1208 1112 1312 1139 nostra
1334 1108 1445 1139 liberta
1459 1108 1568 1147 seguir

867 1160 917 1190 chi
943 1170 980 1190 ne
1008 1162 1116 1200 place:
1135 1160 1210 1190 altri
1233 1159 1437 1190 dubbitavano
1462 1158 1516 1190 che
1541 1160 1570 1190 le

867 1210 1004 1249 leggioni
1017 1213 1098 1240 state
1114 1219 1170 1240 con
1182 1209 1231 1248 gli
1245 1209 1382 1239 aversari
1400 1218 1431 1239 se
1459 1218 1578 1240 moves·

868 1270 937 1291 seno
951 1261 1006 1301 piu
1019 1270 1075 1301 per
1090 1261 1120 1291 la
1133 1260 1260 1300 antiqua
1279 1260 1430 1300 practica,
1443 1259 1497 1290 che
1510 1269 1570 1300 per

868 1311 890 1341 li
903 1310 1038 1353 benefitii
1053 1311 1084 1341 cli
1098 1312 1238 1341 Ctesare:
1261 1313 1347 1340 tanto
1360 1309 1416 1349 piu
1430 1310 1486 1340 che
1497 1319 1572 1340 eran

868 1361 901 1391 di
913 1361 1029 1392 diversi
1044 1361 1144 1400 logni:
1168 1370 1206 1391 ne
1228 1362 1402 1391 veramente
1419 1359 1570 1399 vegniano

869 1413 931 1442 solo
955 1412 1030 1443 dalli
1047 1412 1162 1450 Marsi,
1179 1414 1207 1442 et
1225 1411 1369 1449 Peligni.-
1392 1413 1422 1441 et
1451 1410 1513 1441 cosi
1540 1420 1573 1442 se

869 1463 1016 1493 entendea
1030 1472 1084 1503 per
1095 1463 1167 1502 ogni
1176 1464 1266 1502 parte
1275 1470 1340 1492 cose
1349 1460 1549 1501 dispiacecoli
1557 1471 1567 1491 :

869 1515 900 1543 et
927 1513 1029 1543 alcuni
1049 1512 1103 1543 che
1128 1513 1234 1543 solean
1256 1521 1351 1551 parer
1374 1511 1430 1551 piu
1457 1511 1573 1542 accorti

859 1562 1009 1604 fingeano
1024 1563 1104 1594 altre
1126 1562 1308 1593 inventioni.
1352 1561 1419 1592 Sed
1435 1561 1574 1592 videtur

870 1617 930 1644 aut
950 1622 1015 1644 non
1039 1617 1214 1644 assecutus
1245 1616 1396 1642 mentem
1416 1611 1574 1651 Caesaris,

870 1666 930 1693 aut
944 1662 1082 1693 nimium
1096 1662 1158 1692 sibi
1174 1661 1208 1692 in
1222 1660 1458 1692 transferendo
1473 1660 1573 1692 liber-

869 1713 950 1744 tatis
965 1713 1059 1744 dare.
1096 1713 1230 1744 Vossius.

912 1771 999 1794 xxx.
1023 1765 1040 1794 1
1075 1763 1211 1793 Consilio
1241 1762 1420 1802 convocato]
1464 1761 1575 1794 Editt.

869 1813 1016 1844 concilio.-
1048 1812 1108 1843 sed
1133 1812 1326 1852 legendum,
1354 1816 1392 1843 ut
1422 1812 1571 1844 restitui-

870 1872 964 1900 mus;
990 1863 1106 1893 Caesar
1119 1862 1206 1893 enim
1223 1871 1253 1892 c.
1270 1865 1322 1893 32.
1337 1862 1388 1893 ait
1400 1862 1408 1878 ‘
1425 1861 1576 1893 Dimisso

871 1913 1023 1952 consilio,
1032 1913 1228 1943 concionem
1240 1913 1387 1944 advocat
1396 1912 1575 1952 militumnz’

871 1964 921 1995 sic
936 1964 1024 1995 enim
1039 1963 1086 1994 ibi
1103 1962 1334 2002 scribendum,
1356 1972 1423 1994 non
1439 1962 1579 2002 concilio,

871 2023 935 2046 nec
962 2014 1051 2045 enim
1074 2014 1256 2045 concilium
1277 2011 1395 2044 differt
1420 2022 1440 2044 a
1466 2013 1578 2044 conci-

872 2074 937 2096 one
949 2076 957 2103 ;
968 2069 1004 2096 et
1015 2064 1177 2096 ridiculus
1190 2068 1255 2103 est,
1267 2067 1307 2094 ut
1318 2062 1455 2103 passim,
1469 2062 1575 2103 Gigas

871 2115 937 2148 iste
952 2115 1052 2148 Joan.
1069 2114 1260 2154 Goduinus,
1282 2114 1340 2155 qui
1356 2114 1388 2145 in
1415 2113 1577 2145 concilium

868 2175 982 2206 paucos
997 2164 1154 2196 contenire
1171 2163 1338 2196 affirmat:
1363 2173 1439 2195 cum
1456 2163 1491 2194 in
1505 2173 1576 2194 con·

871 2217 975 2248 silium
998 2216 1111 2257 pauci,
1127 2215 1160 2246 in
1182 2215 1342 2246 concilium
1364 2223 1479 2246 omnes
1503 2214 1578 2246 coe-

872 2272 944 2300 ant.
981 2267 1094 2298 Davis.
1164 2266 1300 2297 Consilio
1340 2265 1467 2297 habent
1492 2265 1578 2297 Mss.

872 2327 989 2350 omnes
1012 2322 1048 2348 et
1076 2315 1165 2348 Edd.
1195 2316 1326 2357 primae.
1372 2314 1443 2347 Adi
1473 2314 1515 2347 ad
1542 2323 1577 2347 v.

872 2371 924 2400 28.

914 2421 934 2450 4
961 2418 1050 2454 Quod
1077 2417 1252 2457 hujusmodi
1281 2416 1418 2448 consiliis
1443 2415 1579 2447 militum

871 2469 968 2500 otium
994 2468 1129 2499 mxime
1149 2467 1338 2499 contrarium
1359 2477 1423 2499 esse
1445 2466 1580 2497 arbitra-

871 2518 994 2559 rentur]
1038 2519 1142 2550 Miles
1161 2517 1317 2550 Curionis
1332 2526 1440 2558 prope
1463 2514 1578 2546 sediti·

873 2579 971 2602 onem
986 2574 1149 2601 venerat:
1176 2573 1271 2601 certe
1290 2569 1364 2609 jam
1387 2566 1468 2598 fidei
1485 2565 1578 2596 infir-

873 2621 959 2652 mior
985 2624 1070 2652 erat.
1133 2619 1273 2651 Talibus
1301 2617 1448 2650 consiliis
1471 2615 1577 2646 otium

872 2671 1019 2711 maxime
1050 2670 1281 2702 contrarium:
1334 2672 1372 2698 ut
1398 2665 1576 2696 mutilatus

876 2721 990 2752 Caesar
1015 2720 1076 2751 ait.
1120 2718 1228 2759 Atqui
1255 2717 1351 2747 aliter
1379 2714 1576 2746 Alexander

875 2771 933 2802 ille
947 2772 1106 2812 Magnus,
1120 2769 1163 2800 de
1176 2777 1242 2809 quo
1259 2766 1396 2798 Curtius
1409 2765 1469 2806 ait,
1480 2765 1490 2782 ‘
1506 2774 1576 2797 non

876 2819 1014 2861 ignarus
1049 2820 1110 2851 otii
1148 2818 1230 2850 vitia
1259 2817 1394 2859 negotio
1430 2815 1588 2849 discuti!-
