1850 3109
308 162 418 203 17⁴ss
733 173 768 203 J.
802 172 938 202 emisi
974 172 1323 203 connum-Anii

302 272 431 308 Caesar
450 275 608 320 propter
627 269 827 319 perfidiam
850 271 1002 308 obsides
1022 271 1246 321 duplicavit,
1265 285 1410 319 eosque
1431 272 1465 309 in
1495 271 1641 310 Gallias
1661 272 1751 311 <luci

297 334 434 382 jussit:
456 347 534 384 quo
555 333 635 383 ipse
657 334 897 384 navigatione
919 346 1100 383 prospera
1126 341 1180 371 est
1214 348 1396 372 reversus.
1455 336 1552 372 Duae
1571 349 1616 373 ex
1637 335 1754 372 omni-

307 398 391 441 bus,
423 411 443 434 a
472 397 623 446 reliquis
658 404 770 433 vento
803 397 1006 433 abstractae
1033 403 1071 433 et
1091 397 1137 434 ad
1161 398 1266 435 littus
1293 398 1395 435 aliud
1415 398 1551 436 delatae
1573 405 1699 437 eraut:
1731 411 1752 435 c

306 461 446 512 quibus
469 473 557 496 cunl
579 459 739 496 trecenti
761 459 900 509 egressi
931 459 968 495 in
990 466 1128 496 terram
1147 461 1194 497 ad
1223 462 1396 498 Romana
1416 469 1541 500 castra
1574 473 1754 512 propera-

305 532 400 569 rent,
422 523 563 560 Morini
598 521 791 571 ⁵¹quidam
817 536 915 572 quos
934 522 1106 572 placatos
1129 523 1258 560 Caesar
1276 524 1545 569 arbitrabatur,
1574 538 1647 562 non
1677 532 1755 562 tam

306 588 396 624 odio
418 599 531 636 qnam
552 599 617 635 spe
643 585 785 635 praedae
814 586 852 624 in
881 586 1016 624 itinere
1048 587 1116 623 bos
1146 587 1352 631 invadunt;
1383 587 1616 638 edicuntque
1651 595 1691 625 ut
1725 587 1757 625 si

310 650 405 688 mori
427 650 545 686 nolint
565 661 669 686 arma
690 649 894 699 deponant.
952 650 1136 687 Romanis
1153 651 1187 687 in
1208 651 1339 688 orbem
1360 651 1533 688 collectis
1554 651 1758 688 resistenti-

306 726 446 764 amque
467 713 706 763 parantibus,
728 713 873 750 clamor
891 720 997 750 ortus
1016 714 1063 751 ad
1086 727 1150 751 sex
1173 714 1274 750 milia
1288 714 1482 751 lioniinum
1499 720 1756 752 contraxerat:

308 790 405 827 quos
426 790 556 814 omues
576 783 740 826 quatuor
761 776 860 813 horis
880 782 918 813 et
933 789 979 813 eo
999 777 1159 826 amplius
1180 777 1352 826 paucitas
1373 778 1544 814 Romana
1564 777 1757 821 sustinuit,

305 855 453 892 proque
475 841 606 891 paucis
627 841 882 890 52pulveribus
906 841 1040 877 multas
1062 846 1200 877 mortes
1217 840 1394 878 reddidit.
1449 843 1507 878 Ac
1523 854 1610 878 cum
1627 842 1757 879 Caesar

310 908 376 957 qui
397 919 471 943 nou
494 906 606 953 longe
626 905 758 941 aberat
779 917 856 941 rem
887 904 1074 948 sensisset,
1106 902 1289 940 auxilium
1311 904 1388 940 suis
1409 904 1532 941 ferens
1550 904 1759 944 advolavit.

315 972 404 1015 Quo
425 976 637 1019 conspecto
658 969 705 1005 ad
726 968 854 1018 fugam
877 969 1015 1006 reversi
1038 968 1164 1005 hostes
1195 974 1234 1005 et
1265 967 1311 1004 ad
1346 980 1527 1017 magnum
1561 981 1758 1006 numerum

312 1035 400 1072 caesi
419 1040 519 1072 sunt.
578 1033 651 1070 Die
671 1032 885 1082 insequenti
906 1033 1035 1069 Caesar
1056 1032 1263 1069 Labienum
1287 1046 1376 1069 cum
1396 1032 1611 1082 legionibus
1631 1045 1762 1071 secum

313 1102 405 1138 ⁵³est
438 1098 632 1137 Britannia
665 1109 836 1135 reversus
873 1098 908 1134 in
939 1097 1110 1134 Morinos
1155 1097 1383 1134 rebellantes
1414 1098 1531 1135 misit:
1563 1098 1628 1148 qui
1672 1112 1761 1136 cum

310 1170 471 1214 propter
490 1162 671 1212 temporis
693 1161 903 1198 siccitatem
929 1160 1084 1197 solitum
1112 1160 1293 1209 paludum
1316 1162 1603 1210 receptaculum
1625 1162 1765 1199 airiisis-

311 1233 406 1273 sent,
428 1227 545 1263 ferme
579 1237 710 1262 omnes
731 1225 778 1261 ad
813 1223 1074 1261 obedientiam
1096 1224 1252 1261 rediere.
1307 1225 1480 1261 Titurius
1501 1231 1628 1262 autem
1657 1225 1765 1263 Sabi-

315 1304 384 1328 nus
403 1297 442 1328 et
463 1289 722 1337 Aruuculejus
750 1288 865 1325 Cotta
887 1288 1001 1337 legati
1031 1288 1095 1324 alii
1118 1288 1153 1324 in
1181 1288 1388 1337 Menapios
1417 1288 1531 1333 missi,
1553 1287 1657 1325 ⁵⁴hos
1687 1302 1763 1327 non

312 1354 478 1392 inventis
501 1367 598 1403 quos
627 1353 730 1389 silvae
757 1358 1018 1402 protexerant,
1048 1352 1209 1388 incensis
1240 1351 1412 1389 aedificiis
1433 1364 1477 1389 ac
1514 1352 1683 1398 vastatis,
1712 1353 1764 1391 ad

313 1419 504 1456 Caesarem
525 1423 613 1454 sunt
632 1416 784 1454 reversi.
826 1417 913 1466 Ipse
927 1423 1052 1453 autem
1073 1416 1109 1452 in
1127 1416 1251 1465 Belgis
1269 1416 1456 1454 exereitus
1471 1416 1587 1454 totius
1607 1416 1766 1454 hiberna

317 1481 530 1531 disposuit:
552 1481 637 1531 [SO]
658 1493 702 1516 eo
723 1480 882 1517 duarum
902 1493 977 1517 non
1007 1480 1166 1529 amplius
1186 1480 1339 1517 urbium
1357 1480 1560 1519 Britanniae
1582 1487 1768 1519 venerunt

316 1544 484 1589 obsides,
518 1545 600 1581 aliae
629 1557 761 1581 omnes
782 1551 819 1581 et
840 1545 1003 1581 Romani
1023 1544 1131 1581 ducis
1156 1544 1356 1594 imperium
1376 1550 1414 1581 et
1438 1544 1627 1593 propriam
1649 1544 1767 1583 fidem

315 1622 358 1647 ac
391 1609 585 1659 praemissa
621 1614 943 1658 contempserant.
1003 1609 1175 1646 ⁵⁵Romae
1208 1616 1250 1645 ut
1283 1615 1393 1646 erant
1420 1609 1552 1646 Romae
1591 1609 1766 1659 cognitis,

316 1673 651 1710 senatusconsulto
667 1672 798 1721 viginti
827 1672 973 1710 dierum
994 1673 1223 1723 supplicatio
1244 1673 1415 1710 instituta
1436 1679 1493 1710 est
1511 1686 1569 1710 res
1588 1686 1610 1711 a
1629 1673 1767 1712 seculis

315 1736 500 1775 inaudita.

370 1802 513 1839 Annuo
543 1801 589 1838 de
614 1814 718 1838 more
740 1800 871 1838 Caesar
889 1814 934 1838 ex
963 1800 1131 1838 hibernis
1161 1797 1197 1838 in
1224 1801 1371 1838 Italiam
1394 1799 1543 1839 ⁵⁶venit.
1602 1800 1771 1838 Peractis

317 1865 572 1902 conventibus
589 1864 796 1914 Cisalpinae
816 1865 968 1910 Galliae,
990 1865 1095 1914 quod
1116 1878 1216 1902 anno
1237 1866 1356 1902 altere
1382 1865 1419 1901 in
1440 1865 1564 1902 animo
1585 1865 1772 1903 habuerat

315 1926 364 1964 ad
389 1927 566 1964 illiricum
585 1928 762 1976 perrexit,
785 1928 850 1964 ubi
871 1928 1096 1978 compositis
1111 1929 1350 1978 quarundam
1373 1928 1540 1966 motibus
1556 1928 1771 1973 civitatum,

316 2002 436 2040 parvo
455 1991 635 2039 temporis
655 1991 766 2039 lapsu
787 2003 964 2039 magnum
997 1993 1066 2028 viae
1101 1992 1266 2041 spatium
1288 1992 1503 2036 ⁵⁷emersus,
1526 2004 1594 2039 per
1622 1990 1771 2027 Italiam

318 2052 356 2090 in
393 2053 613 2091 ulteriorem
653 2054 819 2091 Galliam
851 2054 899 2090 ad
935 2055 1142 2091 exercitum
1175 2054 1310 2091 rediit:
1357 2053 1392 2090 id
1433 2053 1536 2103 quod
1570 2053 1772 2091 discedens

313 2115 496 2166 jusserat,
527 2117 689 2154 classem
724 2117 889 2166 amplius
929 2130 1044 2166 quam
1073 2124 1337 2154 sexcentarum
1372 2119 1521 2154 navium
1552 2117 1693 2154 invenit
1722 2116 1777 2153 in-

318 2187 530 2217 structam:
561 2181 779 2218 collaudata
815 2181 976 2218 rnilitum
1008 2181 1194 2218 industria
1226 2189 1262 2218 et
1291 2181 1472 2231 operibus
1507 2180 1773 2229 praefectorum

320 2242 414 2289 fide,
427 2244 590 2282 classem
613 2245 732 2294 ipsam
755 2245 802 2282 ad
821 2252 986 2295 portam,
1011 2246 1131 2283 leium
1154 2253 1245 2283 tunc
1268 2246 1432 2289 nomine,
1456 2245 1606 2294 triginta
1626 2250 1773 2281 tantum

320 2319 505 2356 passuum
528 2309 680 2345 milibus
700 2309 781 2346 ⁵⁸ad
804 2310 921 2347 insula
942 2317 1145 2355 semotum,
1163 2324 1241 2359 quo
1262 2310 1386 2346 nullus
1409 2315 1466 2345 est
1486 2309 1612 2358 aptior
1632 2307 1774 2346 deduci

281 2394 284 2397 -
324 2368 500 2419 imperat.
557 2373 647 2420 lpse
668 2378 795 2409 autem
819 2373 979 2410 ⁵⁹omnia
1006 2374 1041 2410 in
1062 2374 1240 2410 Treviros
1261 2372 1454 2423 proficisci
1486 2372 1638 2410 statuit:
1669 2370 1773 2423 quod

323 2445 389 2470 eos
410 2446 480 2471 nec
501 2433 697 2472 ⁶0consilia
719 2435 959 2484 frequentare
980 2443 1191 2481 notaverat,
1212 2450 1279 2473 nee
1301 2437 1458 2487 imperia
1473 2437 1658 2487 excipere.
1712 2435 1774 2474 Ad

368 2590 406 2617 51
434 2588 536 2628 Lege,
553 2589 772 2628 quidem—52
789 2590 889 2629 Lege,
905 2590 1173 2622 vulneribus-⁷53
1193 2593 1294 2632 Lege,
1305 2602 1344 2623 m·
1360 2593 1444 2623 Brit.
1458 2594 1680 2625 reversis—54
1698 2595 1775 2625 For-

329 2644 376 2679 te,
391 2641 535 2671 him—255
550 2642 663 2682 Forte,
674 2642 738 2673 His
749 2642 936 2674 rebus.—56
954 2645 1056 2683 Lege,
1074 2646 1286 2676 veniens—57
1306 2647 1409 2685 Lege,
1424 2650 1657 2679 emensus.——58
1673 2646 1776 2689 Lege,

328 2694 466 2726 οἰκ-59
483 2693 599 2736 Forte,
621 2695 752 2737 omnino,
765 2696 818 2728 vel
837 2696 963 2737 potius,
976 2700 1163 2729 antem-000
1179 2697 1285 2739 Lege,
1296 2698 1436 2731 concilia.
