1850 3109
440 230 545 260 cAP.
566 218 637 259 73.
671 228 764 258 mn.
796 226 858 256 DE
892 226 1047 256 BELLo
1080 227 1233 258 ALnx.

107 324 242 358 tandum
279 333 422 361 censeo;
460 322 534 364 quis
566 321 655 353 enim
683 322 803 362 nescit,

105 377 172 408 duo
197 376 298 409 verba
320 375 470 416 ejusdem
493 374 592 414 plane
619 373 802 414 potestatis

104 436 169 458 non
196 436 270 458 raro
285 424 462 466 conjungi?
497 424 552 456 Sic
566 424 706 465 hujusce
723 423 802 455 libri

104 487 178 518 cap.
196 480 246 508 70.
269 485 396 507 munera
410 485 446 506 ac
460 476 542 506 dona
555 474 656 506 habet
673 478 800 514 noster,

101 531 135 558 ct
167 526 287 558 similia
308 525 431 566 passim
468 525 536 556 alii.
573 526 682 557 Davis-
744 526 800 557 Do

99 576 336 619 conjunctione
371 575 642 616 Synonymorum
673 576 798 617 saepius

99 626 299 657 monendum
315 626 428 657 habui.
474 626 542 657 Adi
568 626 658 658 inter
672 627 738 658 alia
754 627 798 658 ad

98 677 136 707 B.
153 677 195 708 G.
212 685 251 708 11.
264 680 316 708 20.
329 679 338 694 ‘
355 678 538 709 Successus
560 681 596 708 et
612 677 762 708 incursus
778 678 798 708 :'

96 726 136 757 ad
154 736 231 758 vin.
249 730 301 758 30.
319 731 327 745 ‘
345 728 507 768 patienda
520 733 555 759 et
568 727 796 768 perferenda!

95 778 208 810 Quare
243 778 291 809 nil
320 778 516 810 mutandum
556 784 697 810 temere.
753 779 795 810 In

95 826 179 858 Mss.
210 831 323 859 tamen
352 828 461 859 Paris.
490 832 526 859 et
541 828 637 867 meis,
655 828 682 858 si
705 827 794 859 forte

91 876 217 918 Scalig.
235 882 270 908 et
284 877 357 919 Cuj.
370 879 532 919 excipias,
545 879 699 910 omnibus
715 888 793 910 exa-

93 931 188 958 ratur
216 932 464 968 praecurrentem.
525 930 625 960 Unde
656 939 792 962 sensum

91 978 214 1010 elicere
227 989 292 1010 non
311 989 445 1021 possum
462 981 630 1012 idoneum.

134 1037 249 1061 Lxxu.
274 1034 290 1061 1
321 1030 425 1071 Ziela]
451 1031 583 1063 Plinius
600 1041 650 1063 vt.
667 1035 697 1063 3.
717 1032 791 1064 ‘Ci-

90 1078 175 1110 vitas
193 1080 286 1112 Ziela
302 1081 403 1122 intus,
415 1081 538 1113 nobilis
552 1083 650 1114 clade
665 1083 790 1114 Triarii

88 1132 123 1159 ct
147 1130 300 1161 victoriae
325 1132 363 1162 C.
382 1131 553 1162 Caesaris!
598 1133 789 1172 Stephanus

89 1179 130 1211 de
148 1180 233 1212 Urb.
250 1180 347 1219 Ζίηλα
359 1181 578 1222 τρισυλλάβως
594 1182 686 1214 πόλις
702 1187 788 1214 Καπ-

85 1231 244 1272 παδοκίας,
259 1231 296 1269 ἢν
312 1231 416 1264 ἔκτισε
441 1233 615 1272 Νικομήδης
637 1233 698 1265 υἱὸς
720 1232 788 1270 Ζιή-

86 1286 156 1320 λας,
185 1284 248 1314 διο.
296 1284 384 1314 Nam
396 1283 480 1315 Zeloe
496 1285 589 1316 urbis
605 1285 639 1315 in
656 1285 788 1325 Cappa-

86 1333 185 1364 docia
201 1333 320 1365 eodem
336 1343 364 1365 e.
378 1334 510 1366 Plinius
525 1335 689 1374 meminit,
704 1336 786 1366 Pto·

86 1383 303 1425 lemaeusque,
336 1389 370 1415 et
397 1384 533 1416 Strabo.
580 1385 666 1417 Haec
695 1386 786 1417 Cinc-

83 1443 148 1465 con.
174 1434 240 1465 Ms.
259 1434 401 1466 Nori-ic.
420 1440 454 1467 et
469 1436 569 1468 editt.
583 1440 669 1468 vett.
682 1437 785 1468 etiam

83 1483 116 1514 in
146 1484 260 1516 Hirtio
299 1486 406 1517 Zelam
437 1487 610 1518 exhibent.
668 1487 723 1518 Sic
749 1491 786 1518 et

82 1533 286 1567 Plutarchus
317 1536 350 1567 in
381 1537 469 1568 Caes.
499 1547 575 1577 pag.
602 1540 676 1569 731.
711 1537 785 1578 Περὶ

81 1583 173 1616 πόλιν
209 1585 313 1623 Ζήλαν
337 1586 444 1627 μάχην
464 1587 607 1628 μεγάλην
636 1587 782 1629 συνάψας.

81 1635 174 1667 Dion
198 1637 221 1667 l.
242 1645 332 1669 XLII.
360 1649 394 1679 p.
413 1642 487 1670 207.
513 1640 677 1671 Κάνταῦθα
703 1641 785 1680 αὐτῷ

79 1686 147 1727 περὶ
187 1685 315 1718 Ζέλειαν
342 1687 528 1728 συνέτυχεν.
589 1690 782 1732 Utrobique

82 1745 208 1777 repone
232 1737 358 1775 Ζίηλαν.
385 1740 500 1770 Dat-is.
546 1740 622 1771 Zela
648 1742 731 1772 Mss.
749 1746 784 1772 et

80 1787 168 1819 Edd.
195 1798 310 1820 omnes
339 1794 418 1821 ante
447 1791 669 1832 scaligerum.
714 1792 781 1823 Sed

79 1847 98 1868 e
128 1837 233 1869 Plinii
269 1840 344 1872 loco
371 1841 511 1873 videtur
547 1847 665 1882 patere
696 1843 783 1874 Ziela

78 1897 153 1920 esse
180 1888 383 1930 legendum3
422 1891 486 1922 nisi
503 1896 539 1923 et
555 1892 601 1922 ibi
624 1892 727 1933 Zeila,
744 1898 781 1924 ut

77 1938 250 1979 Stephano
261 1941 358 1978 Ζηὶλα
371 1946 522 1982 vocatur,
535 1944 778 1984 reponendum.

78 1988 181 2021 Certe
195 1990 325 2021 Plinius
347 2001 366 2022 a
396 1991 471 2022 Zela
495 1993 562 2024 alia
587 1993 778 2035 distinguit.

75 2039 160 2071 Cum
177 2040 324 2073 Ceilario
342 2047 455 2074 autem
481 2044 691 2085 scripturam
716 2045 778 2076 Co-

77 2089 190 2121 dicum
216 2093 355 2132 praetuli
381 2094 502 2126 Zelam.
548 2095 638 2128 Quia
665 2096 707 2126 ab
738 2096 778 2127 iis

76 2141 240 2172 recedere
253 2142 286 2172 in
304 2153 339 2174 re
357 2143 561 2184 dubia‚mihi
578 2146 698 2187 religio
714 2150 777 2178 est.

76 2189 276 2222 Praesertim
291 2202 392 2233 quum
410 2198 445 2224 et
459 2194 514 2224 alii
529 2196 625 2231 Ζῆλαι
641 2200 777 2227 vocent.

74 2240 142 2271 Adi
152 2241 203 2272 Cl.
211 2242 406 2284 Wesseling.
419 2243 462 2274 ad
473 2244 642 2276 Hieraclis
651 2246 777 2286 Synce-

76 2290 197 2322 demon
215 2302 247 2322 111
266 2292 391 2325 Anton.
405 2294 526 2327 Itiner.
543 2298 661 2335 p.701.
690 2297 776 2328 Zella

73 2340 171 2372 Voss.
193 2342 264 2373 Tela
279 2343 388 2374 Dorv.
423 2344 584 2376 Ceterum
601 2346 686 2377 Mss.
709 2356 777 2378 om·

73 2400 132 2423 nes
141 2397 175 2423 et
193 2393 281 2424 Edd.
298 2394 417 2435 primae
430 2395 513 2426 dant
529 2396 563 2427 z'n
574 2397 674 2428 Ponto
694 2398 776 2438 posi-

71 2445 150 2484 tum,
171 2445 271 2486 ipsum
292 2449 329 2477 ut
351 2446 386 2479 in
404 2447 498 2488 plano
521 2449 597 2489 loco,
626 2450 704 2480 satis
730 2460 772 2482 m.

71 2492 172 2526 Quod
185 2499 221 2527 et
236 2495 374 2529 defendi
390 2503 519 2540 posset.
565 2500 621 2532 Sic
645 2502 653 2517 ‘
668 2501 771 2533 Vicus

71 2543 201 2584 positus
224 2545 258 2577 in
281 2547 394 2588 valle‚'
410 2548 433 2579 i.
451 2558 480 2580 e.
498 2549 581 2581 situs
597 2550 638 2582 B.
653 2550 697 2583 G.
714 2561 770 2584 ιιι.

73 2595 104 2623 1.
133 2594 142 2610 ‘
161 2594 296 2627 Ponere
311 2597 438 2630 urbem’
454 2601 590 2640 passim.
620 2601 688 2634 Sed
700 2603 772 2634 vul·

74 2647 190 2684 gatum
202 2651 255 2678 est
267 2648 469 2689 elegantius.

115 2697 134 2725 5
161 2694 297 2730 Quorum
321 2699 508 2733 editissimas
522 2712 611 2743 unus,
626 2704 678 2744 qui

70 2743 156 2776 abest
171 2745 210 2776 ab
223 2747 310 2778 Zela.
325 2749 420 2780 Hunc
441 2751 551 2793 locum,
573 2753 644 2794 ξω]
667 2754 768 2787 Varie

71 2794 179 2836 accipi
212 2801 329 2836 potest
361 2798 462 2839 hujus
494 2802 563 2834 loci
591 2803 769 2836 Latinitas.

1445 220 1560 262 1573

857 321 978 353 Potest
993 322 1079 353 enim
1102 322 1399 363 intelligi,quor11m
1423 324 1559 355 editissi-

853 382 920 403 mus
952 383 1029 403 unus
1054 378 1130 411 cst;
1164 375 1226 413 qui,
1255 375 1308 413 «St.
1354 374 1417 403 Vel
1443 380 1558 413 potest

854 433 927 454 esse
943 433 983 455 ea
997 425 1217 462 constructio,
1234 434 1334 465 quam
1351 423 1558 454 ἀνακόλουθον

852 475 1047 514 appellant;
1080 480 1209 506 mutato
1237 475 1407 513 nimirum,
1424 474 1457 505 in
1483 474 1558 506 ἀπο-

852 524 934 555 δόσει
958 526 1152 565 εειιῐεηιίω,
1172 526 1436 556 constructionis
1455 525 1557 556 Sche-

850 581 961 613 mate;
974 586 1099 616 quorum
1118 576 1308 606 editissimas
1322 585 1411 614 unus,
1423 576 1473 615 qui
1488 593 1530 598 —
1543 586 1554 612 ;

849 626 928 657 huuc
949 628 1056 666 Ιοσιιιη,
1072 627 1123 665 ὅτ.
1175 627 1240 657 Vel
1267 631 1382 666 potest
1405 625 1555 667 denique

848 676 897 706 ita
909 676 1031 717 accipi,
1046 686 1084 707 ac
1102 677 1128 706 si
1144 677 1308 717 seriptum
1325 675 1457 716 suisset,
1475 686 1556 718 quo·

849 736 920 757 rum
939 728 993 768 qui
1017 727 1207 758 editissimas
1222 737 1299 758 unus
1410 727 1495 758 abest
1511 728 1551 759 ab

846 776 958 814 Ziela;
980 778 1058 808 hunc
1082 778 1191 817 Iocum,
1217 779 1268 816 (5⁴⁰-
1304 777 1414 808 Clark.
1472 778 1552 810 Hoc

846 832 898 858 est
920 828 1044 859 nodum
1064 828 1099 859 in
1127 829 1240 868 scirpo
1254 838 1418 869 quaererc.
1463 829 1549 859 Ver-

845 879 924 910 bum
942 880 1190 911 substantivum
1209 880 1420 912 subauditur.
1462 880 1549 911 Unus

845 930 978 961 exsulat
994 940 1014 961 a
1041 931 1123 962 Lov.
1142 935 1176 962 et
1192 930 1279 961 Edd.
1295 931 1390 962 Rom.
1404 930 1492 961 Ven.
1509 940 1551 962 ac

844 981 939 1011 Med.
991 981 1070 1012 Non
1097 987 1181 1022 puto
1219 981 1358 1013 Scottum
1398 981 1549 1013 scribere

842 1031 988 1062 voluisse
1003 1031 1166 1072 Hirtium,
1183 1032 1349 1072 quomodo
1375 1032 1429 1063 hic
1453 1032 1550 1063 collis

843 1082 1089 1121 nominabatur,
1113 1087 1151 1114 ut
1177 1087 1326 1114 testatur
1348 1082 1498 1123 Appian.
1514 1082 1549 1113 in

842 1132 998 1163 Minu-id.
1015 1143 1047 1173 p.
1064 1136 1137 1164 254.

884 1185 922 1213 ll
971 1183 1078 1222 Copiis
1091 1183 1316 1222 omnibussuis]
1346 1184 1461 1223 Lege:
1489 1184 1547 1214 Co·

835 1232 900 1272 piis
911 1232 975 1263 suis
989 1232 1127 1264 omnibus
1142 1234 1312 1273 occupavit,
1324 1238 1360 1263 ut
1371 1238 1465 1264 recte
1479 1234 1545 1264 Pe·

840 1288 910 1312 tav.
940 1287 975 1313 et
1000 1283 1108 1313 Norv.
1133 1283 1245 1313 Dat-is.
1269 1292 1340 1313 cur.
1359 1292 1427 1315 sec.
1472 1282 1547 1314 Suis

837 1332 976 1363 omnibus
996 1333 1099 1364 etiam
1130 1333 1325 1372 Leidenses,
1340 1334 1421 1365 Lov.
1447 1334 1544 1366 Voss.

838 1391 938 1423 quem
956 1382 1108 1413 ordinem
1121 1383 1266 1423 exprimi
1285 1383 1412 1414 curavi.

879 1441 1010 1464 Lxxxu.
1037 1436 1077 1464 10
1102 1432 1177 1464 Huc
1207 1443 1326 1464 omnem
1353 1437 1541 1475 comportare

836 1492 982 1521 aggerem
1015 1482 1154 1522 sert-itia,
1180 1493 1246 1523 quoe
1273 1487 1393 1523 ageret,
1427 1484 1544 1527 jussit]

837 1533 906 1564 Ms.
923 1533 1065 1565 Norvic.
1098 1533 1173 1564 Huc
1190 1544 1310 1565 omnem
1319 1537 1543 1575 comportatum

834 1593 981 1623 agbercm
1009 1585 1137 1615 servilia
1174 1588 1344 1624 agerentur
1359 1585 1481 1623 ,iussin
1505 1590 1542 1618 et

835 1635 881 1666 sic
909 1635 1025 1666 Codex
1048 1636 1242 1674 Ciaccouii3
1272 1636 1361 1667 unde
1382 1637 1541 1668 rescribit

836 1686 888 1716 vir
922 1686 1078 1717 eruditus
1105 1687 1162 1717 huc
1196 1696 1314 1717 omnem
1350 1691 1540 1727 comportare

833 1746 990 1776 aggerem,
1007 1747 1022 1767 e
1048 1737 1160 1767 castris
1180 1737 1308 1768 servitia
1323 1737 1432 1775 jussit.
1466 1737 1537 1768 Ms.

832 1786 964 1817 Victor.
976 1787 1034 1817 huc
1048 1797 1165 1817 οηιηειη
1180 1787 1365 1826 comportari
1378 1796 1539 1828 aggerem,

830 1836 1018 1877 servitiaque
1041 1837 1095 1875 agi
1112 1837 1237 1874 jus-sim
1261 1841 1296 1867 et
1313 1836 1361 1868 sic
1377 1846 1458 1867 sane
1480 1847 1538 1868 ex·

830 1887 947 1918 hibent
961 1887 1059 1917 editt.
1078 1889 1174 1918 Rom.
1191 1888 1278 1918 Ven.
1296 1887 1456 1919 Beroald.
1492 1896 1536 1919 ex

831 1947 898 1978 qua
915 1937 1061 1968 lectione
1086 1938 1185 1969 joan.
1214 1937 1393 1968 Goduinus
1415 1935 1537 1968 rescri-

830 1988 979 2019 bendum
1006 1988 1177 2028 conjecit:
1203 1988 1278 2019 Huc
1309 1997 1427 2019 omnem
1454 1997 1534 2019 com-

828 2042 953 2079 portare
968 2049 1129 2078 «egerem,
1151 2039 1336 2080 sert-itiaque
1350 2048 1443 2078 agere
1464 2039 1535 2079 jus-

827 2090 881 2121 sit.
927 2091 1037 2122 Mum
1062 2091 1175 2121 malim
1187 2090 1244 2121 huc
1257 2100 1373 2121 omnem
1399 2100 1536 2131 compor-

827 2143 890 2174 tari
901 2152 1060 2182 aggtwm,
1070 2142 1259 2183 servitiaque
1273 2144 1414 2181 agerent,
1423 2141 1534 2180 jussit.

829 2193 907 2224 Hoc
931 2192 1065 2224 addidit
1094 2197 1224 2232 noster,
1240 2193 1319 2234 quia
1345 2201 1438 2223 more
1466 2193 1533 2224 Ro-

826 2251 925 2273 mano
941 2252 1098 2283 aggerem
1115 2243 1237 2274 milites
1251 2243 1445 2283 portabant.
1462 2242 1533 2273 Da-

825 2294 883 2324 vis.
930 2293 1125 2333 Serritiaque
1153 2303 1220 2333 (μισ)
1247 2297 1386 2331 agerent.
1441 2292 1534 2326 Mire

825 2343 882 2374 hic
899 2343 1032 2374 variant
1056 2342 1213 2374 Codices.
1245 2343 1354 2374 Editt.
1375 2343 1469 2375 vett.
1493 2347 1531 2376 et

824 2394 907 2425 Mss.
933 2393 1020 2434 Reg.
1045 2398 1081 2424 et
1103 2392 1260 2433 Victorii,
1386 2393 1530 2426 servitia·-

823 2454 879 2485 que
901 2444 957 2484 agi
973 2444 1078 2483 jussit.
1108 2444 1275 2485 Scaliger,
1293 2445 1528 2486 Recentiores,

824 2495 898 2526 Huc
914 2504 1031 2526 omnem
1052 2499 1245 2536 comportare
1269 2505 1418 2535 aggerem
1432 2506 1449 2527 e
1463 2505 1530 2527 cas·

820 2547 881 2577 tris
900 2546 1042 2586 servitia,
1067 2556 1134 2586 ‹111oe
1152 2550 1273 2587 ageret,
1289 2547 1400 2585 jussit.
1439 2548 1526 2580 Quae

819 2608 897 2630 cum
923 2599 1016 2629 nulla
1042 2603 1133 2628 esset
1149 2598 1329 2636 Latinitas,
1345 2599 1436 2628 nulla
1452 2607 1525 2628 sen-

821 2649 954 2688 tentia3
990 2649 1168 2688 Cellarius,
1209 2648 1340 2679 omissis
1382 2648 1522 2679 vocibus

819 2711 887 2741 quoe
922 2703 1042 2739 ageret,
1078 2699 1335 2730 rescribendum
1361 2697 1524 2737 conjecit,

818 2751 893 2782 Huc
906 2760 1023 2781 omnem
1036 2752 1228 2789 comportare
1249 2757 1396 2787 aggerem
1417 2757 1434 2778 e
1458 2756 1524 2778 cas-

817 2802 878 2833 tris
899 2800 1039 2832 servitia
1050 2800 1167 2837 ‚iu-seit:
1191 2797 1359 2839 quomodo
1381 2801 1417 2829 et
1440 2797 1520 2830 olim
