1850 3109
288 167 401 209 1668

288 272 364 304 ost)
391 272 438 304 At
456 275 567 304 tamen
578 272 664 304 Mss.
675 272 765 303 Scal.
777 277 813 304 et
828 272 922 304 Leid.
937 281 989 313 pr.

289 331 430 358 exarant
457 329 537 356 totos
553 325 678 364 facere:
710 326 809 356 immo
832 324 991 355 Petavia-

288 378 348 408 niis
365 376 467 407 babet
491 379 570 407 totos
583 376 693 415 facere
712 385 799 415 posse
821 384 901 406 suos.
936 374 991 404 An

287 436 377 466 vere,
394 436 435 457 an
460 435 502 456 ex
520 426 781 466 interpolatione
800 434 864 455 non
890 423 991 455 facile

286 478 441 508 dixerim.
474 476 537 507 Sed
557 476 647 516 prins
661 475 802 505 credere
821 475 920 505 malo.

330 531 370 559 12
399 528 536 558 Tumulis
561 525 732 561 contineri;
761 525 887 556 intrrim
909 525 993 555 nulla

283 577 418 617 planitia
439 576 563 607 diridit-
600 575 661 606 Sed
684 578 745 606 rut.
770 576 854 605 nulla
874 575 992 615 placuit

288 628 385 660 taceri
408 629 452 668 id,
476 627 557 667 quod
580 636 626 666 eo,
641 626 709 666 «fs-a]
748 626 837 657 Mire
855 626 908 656 bic
926 631 993 656 tur-

288 680 367 709 bant
384 679 467 710 Mss.
485 682 520 709 et
544 677 622 716 Ed„
639 677 760 718 quibus
778 686 830 708 me
853 686 917 707 non
935 686 992 706 ex-

288 729 402 769 pedio.
435 728 499 760 Ed.
527 729 679 759 Romana
700 728 826 759 tumulis
846 726 993 757 continet.

293 780 422 811 Interim
436 779 519 810 nulla
527 779 659 819 planitie
670 779 833 809 dividitur.
859 778 992 816 .S'ed‚z3·c.

291 830 375 862 Edd.
393 829 487 861 Med.
502 829 589 860 Ven.
607 829 731 860 tumulis
746 828 896 859 contineri
911 828 995 857 inter

288 884 401 913 vallum
436 881 627 922 mot-inciam
664 880 788 911 dividit.
839 879 912 918 Sed,
940 880 992 918 isc.

288 934 404 974 Atque
420 932 469 963 ita
480 930 568 963 Edd.
585 936 719 961 cunctae
734 935 812 960 ante
827 930 915 960 Scal.
931 928 995 959 nisi

289 982 378 1024 qnod
402 982 502 1012 Vasc.
517 981 637 1021 Steph.
654 980 787 1020 Grypli.
805 984 894 1020 post.
911 978 994 1010 dent

288 1032 422 1063 tumulus
436 1031 583 1070 continet,
601 1034 636 1061 et
658 1030 830 1070 pleraeqne
846 1028 996 1060 habeant

286 1086 399 1113 tacere.
423 1080 472 1112 At
485 1089 565 1112 vero
580 1081 663 1111 Mss.
674 1080 774 1120 longe
787 1078 895 1109 minus
909 1087 995 1118 prae-

287 1134 383 1165 bent.
428 1132 542 1163 Ursin.
567 1130 652 1162 Cod.
676 1131 811 1160 tumulus
839 1129 995 1160 continet:

287 1184 415 1216 interim
437 1183 520 1214 nulla
540 1182 676 1222 planicia
699 1181 832 1212 ‹ln-Mic:
859 1181 936 1221 quod
962 1190 995 1210 eo

288 1235 383 1265 incid.
421 1235 474 1273 &a
516 1232 641 1263 ceteris
680 1231 833 1271 rejectis.
872 1231 995 1261 Petav.

286 1285 409 1325 Scalig.
428 1283 523 1314 Leid.
541 1292 592 1323 pr.
605 1282 732 1313 tumulis
747 1281 918 1312 contineri:
948 1281 995 1310 in-

285 1336 379 1366 terim
395 1335 475 1365 nulla
490 1333 629 1374 (Scalig.
645 1333 771 1373 nullam,
787 1332 881 1363 Leid.
898 1341 949 1372 pr.
963 1331 996 1361 in

288 1386 366 1425 illa)
378 1384 513 1426 planicie
533 1384 647 1415 dividit
670 1382 807 1424 (Petav.
825 1381 948 1420 dividi)
964 1381 997 1412 id

289 1437 381 1476 quod,
409 1437 462 1475 ²5⁴⁶·
505 1434 651 1465 Dorvill.
678 1433 811 1463 tumulus
840 1432 996 1462 continet:

288 1487 416 1517 interim
440 1486 523 1516 nulla
536 1484 669 1525 planitie
688 1484 841 1514 dividitur
863 1482 942 1522 quod
963 1491 997 1512 eo

289 1537 349 1568 inc.
366 1539 419 1575 850.
451 1534 499 1566 At
523 1539 643 1566 contra
666 1533 761 1565 Leid.
785 1542 852 1564 sec.
869 1533 999 1563 tiinzulis

290 1587 438 1617 continet.
464 1585 524 1616 Sed
537 1586 658 1615 ratione
670 1585 752 1614 nulla
767 1583 884 1624 placuit
897 1586 999 1613 tacere

292 1638 324 1668 id
337 1639 428 1678 quod.
458 1635 608 1667 Videant
623 1635 740 1674 Docti,
759 1644 833 1675 qnae
847 1633 926 1664 inde
944 1643 1000 1664 ve-

293 1689 364 1719 rior
379 1687 483 1719 lectio
502 1687 544 1717 sit
561 1685 770 1717 excudenda.
807 1684 997 1724 Glandorp.

291 1740 374 1780 legit
408 1739 535 1770 tumulis
569 1738 776 1769 continentur.
830 1737 999 1776 Suspecta

290 1790 426 1821 omnino
441 1794 518 1820 sunt
535 1789 640 1820 verba
657 1789 785 1819 interim
800 1788 883 1818 nulla
897 1787 998 1828 plani-

287 1841 335 1871 tia
350 1840 476 1871 diuidit.
511 1839 635 1871 Subdit
651 1839 738 1870 enim
752 1838 914 1879 planities,
931 1839 983 1877 ξε.

336 1899 440 1921 xxrx.
458 1892 477 1920 4
499 1890 615 1930 Oppidi
635 1890 745 1921 excelsi
759 1892 789 1920 et
804 1889 860 1919 loci
871 1888 998 1929 natura]

291 1939 508 1979 Conjecerim
533 1939 689 1980 equidem
712 1939 916 1979 legendnm;
941 1948 999 1979 op-

291 1989 371 2031 pido
397 1990 536 2021 excelso
559 1993 589 2019 et
605 1989 662 2019 loci
684 1992 808 2020 natura.
843 1988 910 2019 Sed
928 1989 998 2019 sine

291 2040 476 2072 Codicibns
492 2039 572 2070 nihil
586 2044 691 2070 muto.
717 2039 825 2069 Clark.

331 2093 352 2121 8
385 2089 537 2121 Currebat
551 2091 591 2120 ad
614 2091 758 2120 dextram
770 2091 908 2131 partem]
934 2090 998 2121 Re-

289 2140 485 2182 poneudum
511 2140 716 2171 crediderim
739 2150 781 2171 ex
804 2141 871 2171 Ms.
889 2141 997 2172 Norv.

289 2203 416 2225 currens
431 2195 511 2231 erat,
525 2192 583 2233 qni
596 2192 824 2223 Hellenismus
837 2197 898 2232 est,
911 2193 998 2233 opti-

290 2246 352 2277 mis
368 2244 593 2286 scriptoribus
617 2253 682 2276 non
699 2245 846 2285 ignotus.
876 2244 998 2276 Cicero

290 2297 324 2327 in
350 2296 450 2327 Orat.
479 2305 512 2335 p.
540 2288 614 2326 ³204.
642 2295 695 2326 ed.
724 2295 877 2327 Lambin.
910 2297 919 2312 ⁴
939 2296 999 2327 Est

291 2348 393 2386 enim,
410 2351 446 2378 ut
459 2346 538 2387 scis,
549 2346 643 2387 quasi
658 2347 692 2377 in
706 2351 862 2377 extrema
876 2347 1000 2388 pagina

291 2397 430 2430 l‘liaedri
451 2398 503 2428 his
528 2398 640 2428 verbis
667 2399 788 2438 loquens
814 2397 997 2428 Socrates!

288 2448 467 2480 Vitruvius
507 2446 638 2479 Arcliit.
670 2457 707 2478 n.
739 2451 770 2479 l.
807 2448 817 2465 ‘
841 2448 998 2488 Phryges

292 2508 384 2537 vero,
401 2498 459 2539 qui
476 2497 722 2538 campestribus
744 2497 827 2528 locis
849 2500 921 2528 sunt
945 2497 998 2527 ba-

292 2547 451 2579 bitantes.'
483 2547 548 2578 Adi
573 2551 610 2578 et
633 2546 679 2579 Is.
700 2547 938 2578 Casaubonum
955 2547 997 2577 ad

293 2596 478 2637 Capitolini
491 2596 618 2628 Anton.
631 2596 760 2628 Philos.
775 2606 804 2627 c.
814 2599 866 2628 20.
882 2597 998 2629 Dat-is.

294 2649 431 2679 Currens
461 2649 539 2678 erat.
573 2647 726 2688 Optime.
760 2647 940 2680 Quomodo
963 2653 997 2678 et

290 2696 324 2728 in
344 2697 410 2728 Ms.
425 2697 534 2737 Regio
545 2697 710 2738 scriptum
724 2697 872 2738 repperi.
889 2698 996 2729 Clark.

294 2749 368 2780 Mei
384 2749 486 2780 etiam
503 2748 588 2780 Mss.
606 2757 722 2780 omnes
737 2758 862 2780 currens
875 2751 945 2781 erat
958 2749 999 2780 ad

760 175 902 207 NOTAE
933 175 1200 208 VARIORUM
1235 177 1286 209 IN

1039 274 1206 305 dea-trum.-
1243 274 1332 316 qnod
1360 272 1488 305 idcirco
1509 272 1660 305 restitui.
1701 274 1745 306 In

1042 325 1164 356 Petav.
1177 330 1288 357 tamen
1302 330 1338 357 et
1352 325 1448 357 Leid.
1462 335 1512 366 pr.
1527 330 1580 356 est
1591 328 1698 356 erant.-
1710 326 1744 356 in

1042 375 1188 407 Dorvill.
1205 380 1241 408 et
1264 377 1379 408 Ciacc.
1404 378 1491 406 erant
1514 379 1627 407 autem.
1655 375 1746 406 Vide

1042 425 1084 455 ad
1115 426 1260 458 Miscell.
1290 427 1412 458 Obser.
1439 427 1515 458 Vol.
1540 435 1581 457 11.
1611 436 1647 467 p.
1671 428 1745 458 305.

1041 477 1050 493 ‘
1065 476 1291 509 Considerans
1306 478 1402 510 sum.'
1427 478 1587 509 Ceterum
1602 486 1662 517 pro
1676 485 1747 516 par-

1042 529 1105 556 tem
1132 529 1173 565 et,
1204 527 1288 558 Mss.
1318 536 1432 558 omnes
1462 527 1528 558 mei
1556 526 1684 557 habent
1715 526 1747 556 id

1044 577 1133 616 qnod,
1145 581 1178 608 et
1193 577 1226 607 in
1243 577 1402 608 Ciaccon.
1418 577 1486 608 Ms.
1505 578 1614 617 idque:
1631 576 1748 607 forsan

1045 632 1149 658 recte.

1087 678 1138 708 Ad
1152 678 1294 708 dextram
1305 676 1441 718 partem]
1469 676 1538 707 Pro
1547 676 1598 707 his
1608 675 1748 708 vocibus

1045 727 1130 759 Cod.
1155 728 1312 760 Ciaccon.
1338 729 1566 768 repraesentat
1587 727 1628 757 ad
1649 729 1752 757 extre-

1043 788 1124 809 mum
1138 789 1149 814 ,·
1171 779 1237 809 Ms.
1252 784 1365 810 antem
1382 777 1523 809 Norvic.
1540 778 1580 808 ad
1591 778 1749 817 dextrum,

1044 828 1139 867 cnjus
1170 828 1349 859 Glossema
1377 832 1430 859 est
1463 827 1602 868 vulgata
1636 826 1749 857 lectio.

1047 877 1162 908 Daris.

1092 930 1132 959 16
1158 928 1256 959 Casus
1271 927 1447 967 tribuisset]
1475 929 1532 960 Sic
1557 927 1667 959 edidit
1683 927 1752 968 pri-

1046 988 1118 1009 mus
1131 977 1295 1018 Scaliger,
1312 987 1386 1009 cnm
1403 982 1506 1009 antea
1526 988 1686 1010 excusum
1701 988 1752 1010 es-

1048 1034 1100 1060 set
1136 1030 1248 1060 castris
1272 1030 1391 1071 fieret:
1419 1029 1586 1070 quomodo
1623 1029 1751 1061 habent

1047 1080 1149 1111 etiam
1172 1080 1267 1111 Leid.
1284 1089 1350 1111 sec.
1376 1083 1411 1111 et
1428 1081 1536 1111 Dorv.
1575 1079 1614 1111 In
1636 1079 1751 1111 Ursin.

1049 1130 1133 1162 Cod.
1166 1131 1243 1161 Cras
1255 1130 1361 1171 ficret.
1392 1130 1431 1161 In
1448 1131 1569 1161 Petav.
1601 1131 1681 1161 Cras
1694 1131 1751 1162 tri-

1048 1180 1173 1211 buisset.
1211 1180 1251 1211 In
1278 1180 1374 1211 Leid.
1408 1190 1458 1220 pr.
1479 1190 1569 1211 curas
1581 1180 1753 1213 tribuisset.

1047 1231 1096 1262 At
1123 1231 1155 1261 in
1188 1231 1312 1269 Scalig.
1346 1230 1432 1262 Cod.
1461 1239 1568 1262 causas
1595 1230 1753 1263 tribuisset

1046 1290 1216 1321 suprascr.
1233 1290 1329 1311 casus.

1090 1333 1131 1361 20
1176 1331 1358 1362 Adversarii
1394 1331 1637 1372 constituebant]
1684 1331 1752 1364 Ms.

1048 1381 1189 1413 Norvic.
1226 1391 1342 1413 vocem
1381 1383 1582 1423 interponit,
1620 1391 1686 1423 qua
1720 1381 1754 1413 in

1050 1438 1183 1463 textum
1206 1437 1359 1473 recepta,
1381 1432 1516 1474 integer
1545 1437 1598 1463 est
1625 1441 1753 1464 sensus.

1049 1483 1100 1514 Ex
1111 1492 1152 1514 eo
1167 1483 1268 1522 igitur
1283 1483 1357 1521 lege
1369 1484 1540 1514 adversarii
1547 1483 1755 1524 proeliandum

1048 1533 1283 1564 constituebant.
1310 1533 1423 1564 Dat-is.
1452 1534 1582 1574 Recepi
1605 1534 1754 1574 proelian-

1047 1585 1131 1623 dum,
1157 1582 1366 1623 suffragante
1396 1584 1600 1623 Petaviano,
1625 1583 1682 1624 qui
1705 1588 1753 1615 ta-

1049 1643 1125 1665 men
1141 1643 1216 1665 curn
1230 1633 1324 1665 Leid.
1342 1643 1393 1674 pr.
1410 1634 1514 1666 habet
1528 1635 1727 1667 adversariis.

1092 1687 1133 1715 24
1165 1684 1378 1726 DecedeL-ant]
1408 1685 1463 1716 Sic
1481 1685 1672 1726 legendum,
1689 1694 1754 1717 non

1048 1735 1256 1775 discedebant,
1272 1736 1362 1777 qnod
1379 1736 1412 1766 in
1425 1736 1524 1768 editt.
1538 1736 1651 1768 Dat-is.
1690 1737 1754 1768 Dc-

1049 1786 1206 1817 cedebant.
1242 1786 1296 1817 Sic
1317 1796 1360 1817 ex
1385 1787 1582 1828 conjectura
1606 1786 1757 1827 reposuit

1051 1837 1226 1869 Davisius,
1271 1837 1387 1879 Atque
1417 1838 1466 1868 ita
1490 1837 1524 1868 in
1549 1838 1616 1869 Ms.
1644 1837 1755 1879 Regio

1049 1889 1215 1929 scriptum
1244 1889 1366 1930 reperi.
1414 1888 1509 1920 Editi
1536 1888 1756 1926 discedebant,-

1050 1939 1148 1971 Quod
1165 1944 1217 1970 est
1235 1939 1331 1970 valde
1354 1939 1545 1979 κακόφωνον,
1559 1939 1754 1970 discedebant

1048 1990 1329 2020 tit—discederent.
1377 1990 1487 2021 Clark.
1537 1989 1608 2020 Mei
1637 1998 1754 2021 omnes

1048 2041 1241 2071 discedebant
1257 2041 1416 2071 retinent.

1094 2099 1185 2122 xxx.
1207 2093 1225 2121 3
1256 2091 1359 2131 Prope
1379 2091 1511 2121 alterum
1533 2089 1669 2131 tantum]
1700 2091 1756 2122 Ita

1049 2146 1086 2172 ut
1121 2141 1303 2172 auxiliares
1339 2141 1543 2182 reliquarum
1579 2140 1755 2181 copiarum

1051 2202 1227 2223 numerum
1259 2197 1392 2223 tantum
1426 2200 1492 2222 non
1523 2190 1755 2232 adaequarent.

1050 2243 1164 2274 Livius
1180 2252 1202 2274 1.
1220 2246 1272 2275 36.
1307 2243 1316 2260 ⁴
1334 2242 1490 2274 Alterum
1509 2245 1640 2272 tantum
1663 2240 1758 2281 adje-

1050 2294 1122 2326 cit)
1166 2294 1338 2325 Minucius
1367 2293 1462 2324 Felix
1490 2292 1614 2323 Octav.
1646 2301 1679 2332 p.
1701 2294 1754 2323 37.

1049 2347 1058 2363 ‘
1077 2345 1159 2376 Mox
1183 2346 1315 2375 alterum
1339 2346 1461 2373 tantum
1482 2341 1675 2373 admonitus
1699 2342 1757 2373 ad·

1042 2396 1182 2436 junxit!
1245 2394 1330 2424 Vide
1366 2398 1401 2424 ct
1439 2394 1540 2425 Corn.
1579 2394 1754 2434 Nepotem

1049 2447 1191 2477 Eumen.
1209 2454 1293 2476 vm.
1310 2449 1340 2475 5.
1372 2445 1485 2475 Daris.
1520 2444 1575 2475 Ad
1599 2444 1686 2475 Livii
1711 2445 1757 2475 lo-

1049 2506 1124 2528 cum
1141 2496 1194 2527 adi
1212 2496 1245 2528 J.
1262 2496 1298 2526 F.
1317 2496 1466 2526 Gronov.
1484 2499 1518 2525 et
1535 2494 1710 2526 Drakenb.

1091 2549 1110 2577 4
1144 2545 1299 2576 Proesidia
1323 2552 1421 2576 cxxx
1437 2544 1620 2584 cohortibus,
1641 2547 1671 2574 et
1686 2553 1754 2576 v111

1048 2596 1185 2627 millibus
1207 2596 1358 2637 equitum]
1416 2595 1554 2626 Scilicet
1575 2595 1755 2627 constituta.

1049 2647 1096 2677 Ut
1126 2657 1240 2687 snpra,
1275 2647 1284 2664 ‘
1302 2647 1386 2678 Erat
1415 2646 1505 2677 acies
1533 2654 1602 2676 xm
1634 2645 1754 2686 aquilis

1047 2697 1238 2728 constituta!
1272 2696 1502 2730 Quamobrem
1525 2696 1632 2727 minus
1658 2701 1754 2727 recte

1048 2748 1195 2780 CodIces
1218 2747 1369 2780 nonnulli
1384 2757 1392 2787 ;
1422 2747 1571 2788 praesidia
1586 2754 1683 2778 Lxxx
1698 2755 1753 2778 co·
