<?xml version="1.0" encoding="UTF-8"?>
<!DOCTYPE html PUBLIC "-//W3C//DTD XHTML 1.0 Transitional//EN"
    "http://www.w3.org/TR/xhtml1/DTD/xhtml1-transitional.dtd">
<html xmlns="http://www.w3.org/1999/xhtml" xml:lang="en" lang="en">
 <head>
  <title>
</title>
<meta http-equiv="Content-Type" content="text/html;charset=utf-8" />
  <meta name='ocr-system' content='tesseract 3.04.00' />
  <meta name='ocr-capabilities' content='ocr_page ocr_carea ocr_par ocr_line ocrx_word'/>
</head>
<body>
  <div class='ocr_page' id='page_1' title='image "./operaomniaexedit04caesuoft_0133.png"; bbox 0 0 1850 3109; ppageno 0'>
   <div class='ocr_carea' id='block_1_1' title="bbox 379 166 835 212">
    <p class='ocr_par' dir='ltr' id='par_1_1' title="bbox 379 166 835 212">
     <span class='ocr_line' id='line_1_1' title="bbox 379 166 835 212; baseline -0.013 0"><span class='ocrx_word' id='word_1_1' title='bbox 379 182 474 212; x_wconf 69' lang='grc' dir='ltr'>ΜΒ.</span> <span class='ocrx_word' id='word_1_2' title='bbox 497 180 569 210; x_wconf 88' lang='grc' dir='ltr'><strong>ιιι.</strong></span> <span class='ocrx_word' id='word_1_3' title='bbox 601 178 707 209; x_wconf 78' lang='lat' dir='ltr'>CAP.</span> <span class='ocrx_word' id='word_1_4' title='bbox 733 166 835 207; x_wconf 87' lang='lat'>110.</span> 
     </span>
    </p>
   </div>
   <div class='ocr_carea' id='block_1_2' title="bbox 111 270 824 2776">
    <p class='ocr_par' dir='ltr' id='par_1_2' title="bbox 117 270 824 1961">
     <span class='ocr_line' id='line_1_2' title="bbox 127 270 823 310; baseline -0.014 -2"><span class='ocrx_word' id='word_1_5' title='bbox 127 277 191 308; x_wconf 68' lang='grc' dir='ltr'><strong>διε.</strong></span> <span class='ocrx_word' id='word_1_6' title='bbox 225 272 303 307; x_wconf 77' lang='lat' dir='ltr'>Hoc</span> <span class='ocrx_word' id='word_1_7' title='bbox 319 274 422 306; x_wconf 76' lang='lat' dir='ltr'>sensit</span> <span class='ocrx_word' id='word_1_8' title='bbox 437 273 471 306; x_wconf 83' lang='lat' dir='ltr'>J.</span> <span class='ocrx_word' id='word_1_9' title='bbox 489 272 522 303; x_wconf 75' lang='lat' dir='ltr'>F.</span> <span class='ocrx_word' id='word_1_10' title='bbox 540 270 745 308; x_wconf 81' lang='lat' dir='ltr'>Gronovius,</span> <span class='ocrx_word' id='word_1_11' title='bbox 758 278 823 310; x_wconf 80' lang='lat' dir='ltr'>qna</span> 
     </span>
     <span class='ocr_line' id='line_1_3' title="bbox 127 321 822 362; baseline -0.009 -5"><span class='ocrx_word' id='word_1_12' title='bbox 127 326 168 356; x_wconf 86' lang='lat' dir='ltr'>de</span> <span class='ocrx_word' id='word_1_13' title='bbox 183 334 282 356; x_wconf 85' lang='lat' dir='ltr'>causa</span> <span class='ocrx_word' id='word_1_14' title='bbox 297 323 453 356; x_wconf 76' lang='lat' dir='ltr'>rescribit</span> <span class='ocrx_word' id='word_1_15' title='bbox 467 323 547 353; x_wconf 81' lang='lat' dir='ltr'>alter</span> <span class='ocrx_word' id='word_1_16' title='bbox 561 325 683 362; x_wconf 75' lang='lat' dir='ltr'>accepto</span> <span class='ocrx_word' id='word_1_17' title='bbox 699 321 822 352; x_wconf 69' lang='lat' dir='ltr'>vulnere</span> 
     </span>
     <span class='ocr_line' id='line_1_4' title="bbox 124 372 822 417; baseline -0.01 -9"><span class='ocrx_word' id='word_1_18' title='bbox 124 377 260 417; x_wconf 70' lang='lat' dir='ltr'>sopieus,-</span> <span class='ocrx_word' id='word_1_19' title='bbox 285 375 443 406; x_wconf 81' lang='lat' dir='ltr'>dicuntur</span> <span class='ocrx_word' id='word_1_20' title='bbox 459 374 548 404; x_wconf 87' lang='lat' dir='ltr'>enim</span> <span class='ocrx_word' id='word_1_21' title='bbox 563 373 671 413; x_wconf 84' lang='lat' dir='ltr'>sopiri,</span> <span class='ocrx_word' id='word_1_22' title='bbox 690 372 746 413; x_wconf 87' lang='lat' dir='ltr'>qni</span> <span class='ocrx_word' id='word_1_23' title='bbox 764 375 822 402; x_wconf 90' lang='lat' dir='ltr'>aut</span> 
     </span>
     <span class='ocr_line' id='line_1_5' title="bbox 126 422 822 458; baseline -0.009 0"><span class='ocrx_word' id='word_1_24' title='bbox 126 425 185 458; x_wconf 78' lang='lat' dir='ltr'>icti</span> <span class='ocrx_word' id='word_1_25' title='bbox 214 430 272 456; x_wconf 79' lang='lat' dir='ltr'>aut</span> <span class='ocrx_word' id='word_1_26' title='bbox 303 423 436 455; x_wconf 85' lang='lat' dir='ltr'>aliunde</span> <span class='ocrx_word' id='word_1_27' title='bbox 466 428 580 454; x_wconf 65' lang='lat' dir='ltr'>monte</span> <span class='ocrx_word' id='word_1_28' title='bbox 613 422 822 454; x_wconf 80' lang='lat' dir='ltr'>consternati</span> 
     </span>
     <span class='ocr_line' id='line_1_6' title="bbox 125 472 821 516; baseline -0.004 -11"><span class='ocrx_word' id='word_1_29' title='bbox 125 475 307 516; x_wconf 79' lang='lat' dir='ltr'>deliquium</span> <span class='ocrx_word' id='word_1_30' title='bbox 332 474 508 514; x_wconf 89' lang='lat' dir='ltr'>patiuntur</span> <span class='ocrx_word' id='word_1_31' title='bbox 536 478 571 504; x_wconf 88' lang='lat' dir='ltr'>et</span> <span class='ocrx_word' id='word_1_32' title='bbox 597 482 658 513; x_wconf 84' lang='lat' dir='ltr'>pro</span> <span class='ocrx_word' id='word_1_33' title='bbox 681 472 821 503; x_wconf 80' lang='lat' dir='ltr'><strong>mortuis</strong></span> 
     </span>
     <span class='ocr_line' id='line_1_7' title="bbox 125 522 822 562; baseline -0.006 -6"><span class='ocrx_word' id='word_1_34' title='bbox 125 523 318 562; x_wconf 87' lang='lat' dir='ltr'>concidunt,</span> <span class='ocrx_word' id='word_1_35' title='bbox 347 527 382 553; x_wconf 93' lang='lat' dir='ltr'>ut</span> <span class='ocrx_word' id='word_1_36' title='bbox 406 522 559 562; x_wconf 82' lang='lat' dir='ltr'>plurimis</span> <span class='ocrx_word' id='word_1_37' title='bbox 590 522 742 553; x_wconf 72' lang='lat' dir='ltr'>ostendit</span> <span class='ocrx_word' id='word_1_38' title='bbox 772 522 822 552; x_wconf 77' lang='lat' dir='ltr'>vir</span> 
     </span>
     <span class='ocr_line' id='line_1_8' title="bbox 123 571 821 612; baseline 0 -8"><span class='ocrx_word' id='word_1_39' title='bbox 123 572 334 605; x_wconf 77' lang='lat' dir='ltr'>doctissimus</span> <span class='ocrx_word' id='word_1_40' title='bbox 367 571 512 603; x_wconf 83' lang='lat' dir='ltr'>Observ.</span> <span class='ocrx_word' id='word_1_41' title='bbox 546 581 596 603; x_wconf 76' lang='lat' dir='ltr'>xv.</span> <span class='ocrx_word' id='word_1_42' title='bbox 624 576 653 603; x_wconf 87' lang='grc'>8.</span> <span class='ocrx_word' id='word_1_43' title='bbox 687 582 720 612; x_wconf 88' lang='lat' dir='ltr'>p.</span> <span class='ocrx_word' id='word_1_44' title='bbox 749 575 821 604; x_wconf 80' lang='grc'><strong>120.</strong></span> 
     </span>
     <span class='ocr_line' id='line_1_9' title="bbox 123 622 822 663; baseline -0.001 -9"><span class='ocrx_word' id='word_1_45' title='bbox 123 622 208 654; x_wconf 84' lang='lat' dir='ltr'>Mihi</span> <span class='ocrx_word' id='word_1_46' title='bbox 225 627 335 654; x_wconf 88' lang='lat' dir='ltr'>tamen</span> <span class='ocrx_word' id='word_1_47' title='bbox 351 622 405 654; x_wconf 88' lang='lat' dir='ltr'>hic</span> <span class='ocrx_word' id='word_1_48' title='bbox 422 622 608 663; x_wconf 83' lang='lat' dir='ltr'>praeplacet</span> <span class='ocrx_word' id='word_1_49' title='bbox 623 623 704 653; x_wconf 80' lang='lat' dir='ltr'>aller</span> <span class='ocrx_word' id='word_1_50' title='bbox 718 632 822 662; x_wconf 84' lang='lat' dir='ltr'>accep-</span> 
     </span>
     <span class='ocr_line' id='line_1_10' title="bbox 121 673 823 718; baseline -0.001 -14"><span class='ocrx_word' id='word_1_51' title='bbox 121 676 152 704; x_wconf 77' lang='lat' dir='ltr'>to</span> <span class='ocrx_word' id='word_1_52' title='bbox 167 673 288 704; x_wconf 71' lang='lat' dir='ltr'>vulnere</span> <span class='ocrx_word' id='word_1_53' title='bbox 302 673 475 713; x_wconf 71' lang='lat' dir='ltr'>obsepitus:</span> <span class='ocrx_word' id='word_1_54' title='bbox 497 673 569 718; x_wconf 64' lang='lat' dir='ltr'>haec</span> <span class='ocrx_word' id='word_1_55' title='bbox 586 673 674 703; x_wconf 87' lang='lat' dir='ltr'>enim</span> <span class='ocrx_word' id='word_1_56' title='bbox 692 673 823 713; x_wconf 85' lang='lat' dir='ltr'>conjec-</span> 
     </span>
     <span class='ocr_line' id='line_1_11' title="bbox 123 722 823 763; baseline 0 -10"><span class='ocrx_word' id='word_1_57' title='bbox 123 727 199 754; x_wconf 82' lang='lat' dir='ltr'>tura</span> <span class='ocrx_word' id='word_1_58' title='bbox 224 723 378 763; x_wconf 83' lang='lat' dir='ltr'>proxime</span> <span class='ocrx_word' id='word_1_59' title='bbox 420 722 582 754; x_wconf 86' lang='lat' dir='ltr'>Codicum</span> <span class='ocrx_word' id='word_1_60' title='bbox 615 722 823 762; x_wconf 85' lang='lat' dir='ltr'>scripturam</span> 
     </span>
     <span class='ocr_line' id='line_1_12' title="bbox 122 773 822 814; baseline -0.003 -10"><span class='ocrx_word' id='word_1_61' title='bbox 122 773 267 812; x_wconf 81' lang='lat' dir='ltr'>accedit,</span> <span class='ocrx_word' id='word_1_62' title='bbox 284 782 392 814; x_wconf 87' lang='lat' dir='ltr'>eaque</span> <span class='ocrx_word' id='word_1_63' title='bbox 410 782 493 804; x_wconf 88' lang='lat' dir='ltr'>voce</span> <span class='ocrx_word' id='word_1_64' title='bbox 510 783 586 803; x_wconf 85' lang='lat' dir='ltr'>usus</span> <span class='ocrx_word' id='word_1_65' title='bbox 599 777 651 803; x_wconf 88' lang='lat' dir='ltr'>est</span> <span class='ocrx_word' id='word_1_66' title='bbox 674 773 822 811; x_wconf 88' lang='lat' dir='ltr'>Solinus,</span> 
     </span>
     <span class='ocr_line' id='line_1_13' title="bbox 122 823 821 862; baseline -0.001 -8"><span class='ocrx_word' id='word_1_67' title='bbox 122 832 198 855; x_wconf 90' lang='lat' dir='ltr'>cnm</span> <span class='ocrx_word' id='word_1_68' title='bbox 223 823 317 862; x_wconf 80' lang='lat' dir='ltr'>alibi,</span> <span class='ocrx_word' id='word_1_69' title='bbox 335 828 405 854; x_wconf 91' lang='lat' dir='ltr'>tnm</span> <span class='ocrx_word' id='word_1_70' title='bbox 433 832 462 854; x_wconf 92' lang='lat' dir='ltr'>c.</span> <span class='ocrx_word' id='word_1_71' title='bbox 481 825 533 854; x_wconf 85' lang='lat'>12.</span> <span class='ocrx_word' id='word_1_72' title='bbox 556 823 656 854; x_wconf 86' lang='lat' dir='ltr'>editt.</span> <span class='ocrx_word' id='word_1_73' title='bbox 676 823 821 853; x_wconf 81' lang='lat' dir='ltr'>Salmas.</span> 
     </span>
     <span class='ocr_line' id='line_1_14' title="bbox 122 872 823 913; baseline 0 -9"><span class='ocrx_word' id='word_1_74' title='bbox 122 874 232 904; x_wconf 71' lang='lat' dir='ltr'>Dacis.</span> <span class='ocrx_word' id='word_1_75' title='bbox 290 873 463 905; x_wconf 84' lang='lat' dir='ltr'>Gronovio</span> <span class='ocrx_word' id='word_1_76' title='bbox 489 872 670 903; x_wconf 86' lang='lat' dir='ltr'>adsensum</span> <span class='ocrx_word' id='word_1_77' title='bbox 692 873 823 913; x_wconf 80' lang='lat' dir='ltr'>praebet</span> 
     </span>
     <span class='ocr_line' id='line_1_15' title="bbox 120 923 823 964; baseline -0.003 -9"><span class='ocrx_word' id='word_1_78' title='bbox 120 923 298 955; x_wconf 83' lang='lat' dir='ltr'>Cellarius.</span> <span class='ocrx_word' id='word_1_79' title='bbox 345 923 384 954; x_wconf 88' lang='lat' dir='ltr'>In</span> <span class='ocrx_word' id='word_1_80' title='bbox 402 923 496 955; x_wconf 88' lang='lat' dir='ltr'>Leid.</span> <span class='ocrx_word' id='word_1_81' title='bbox 511 933 562 964; x_wconf 91' lang='lat' dir='ltr'>pr.</span> <span class='ocrx_word' id='word_1_82' title='bbox 575 923 673 953; x_wconf 91' lang='lat' dir='ltr'>modo</span> <span class='ocrx_word' id='word_1_83' title='bbox 688 923 823 963; x_wconf 85' lang='lat' dir='ltr'>legitur,</span> 
     </span>
     <span class='ocr_line' id='line_1_16' title="bbox 120 973 823 1013; baseline -0.001 -9"><span class='ocrx_word' id='word_1_84' title='bbox 120 983 246 1013; x_wconf 71' lang='lat' dir='ltr'>quonam</span> <span class='ocrx_word' id='word_1_85' title='bbox 255 974 336 1004; x_wconf 81' lang='lat' dir='ltr'>alter</span> <span class='ocrx_word' id='word_1_86' title='bbox 348 973 530 1011; x_wconf 63' lang='lat' dir='ltr'>interfectus</span> <span class='ocrx_word' id='word_1_87' title='bbox 538 976 594 1003; x_wconf 76' lang='lat' dir='ltr'>est.</span> <span class='ocrx_word' id='word_1_88' title='bbox 629 973 660 1004; x_wconf 90' lang='lat' dir='ltr'>N</span> <span class='ocrx_word' id='word_1_89' title='bbox 665 982 706 1003; x_wconf 92' lang='lat' dir='ltr'>on</span> <span class='ocrx_word' id='word_1_90' title='bbox 717 973 823 1003; x_wconf 85' lang='lat' dir='ltr'>ausim</span> 
     </span>
     <span class='ocr_line' id='line_1_17' title="bbox 120 1023 823 1065; baseline -0.001 -10"><span class='ocrx_word' id='word_1_91' title='bbox 120 1034 185 1065; x_wconf 86' lang='lat' dir='ltr'>ego</span> <span class='ocrx_word' id='word_1_92' title='bbox 218 1024 431 1065; x_wconf 81' lang='lat' dir='ltr'>proscribere</span> <span class='ocrx_word' id='word_1_93' title='bbox 459 1028 635 1064; x_wconf 78' lang='lat' dir='ltr'>occupatus,</span> <span class='ocrx_word' id='word_1_94' title='bbox 667 1025 736 1054; x_wconf 86' lang='lat' dir='ltr'>sive</span> <span class='ocrx_word' id='word_1_95' title='bbox 767 1023 823 1055; x_wconf 90' lang='lat' dir='ltr'>ob-</span> 
     </span>
     <span class='ocr_line' id='line_1_18' title="bbox 121 1074 823 1115; baseline 0 -11"><span class='ocrx_word' id='word_1_96' title='bbox 121 1083 267 1115; x_wconf 87' lang='lat' dir='ltr'>pressus,</span> <span class='ocrx_word' id='word_1_97' title='bbox 284 1075 473 1114; x_wconf 79' lang='lat' dir='ltr'>perculsus,</span> <span class='ocrx_word' id='word_1_98' title='bbox 488 1075 569 1105; x_wconf 86' lang='lat' dir='ltr'>licet</span> <span class='ocrx_word' id='word_1_99' title='bbox 585 1083 651 1105; x_wconf 92' lang='lat' dir='ltr'>non</span> <span class='ocrx_word' id='word_1_100' title='bbox 675 1074 717 1105; x_wconf 89' lang='lat' dir='ltr'>ad</span> <span class='ocrx_word' id='word_1_101' title='bbox 734 1084 823 1105; x_wconf 90' lang='lat' dir='ltr'>mor-</span> 
     </span>
     <span class='ocr_line' id='line_1_19' title="bbox 121 1123 820 1165; baseline -0.001 -10"><span class='ocrx_word' id='word_1_102' title='bbox 121 1129 189 1155; x_wconf 89' lang='lat' dir='ltr'>tem</span> <span class='ocrx_word' id='word_1_103' title='bbox 206 1133 331 1165; x_wconf 90' lang='lat' dir='ltr'>usque:</span> <span class='ocrx_word' id='word_1_104' title='bbox 356 1133 432 1154; x_wconf 90' lang='lat' dir='ltr'>nam</span> <span class='ocrx_word' id='word_1_105' title='bbox 452 1128 486 1154; x_wconf 85' lang='lat' dir='ltr'>et</span> <span class='ocrx_word' id='word_1_106' title='bbox 501 1124 548 1154; x_wconf 88' lang='lat' dir='ltr'>sic</span> <span class='ocrx_word' id='word_1_107' title='bbox 562 1123 652 1163; x_wconf 89' lang='lat' dir='ltr'>apud</span> <span class='ocrx_word' id='word_1_108' title='bbox 669 1129 820 1154; x_wconf 83' lang='lat' dir='ltr'>nostrum</span> 
     </span>
     <span class='ocr_line' id='line_1_20' title="bbox 119 1172 823 1215; baseline -0.003 -10"><span class='ocrx_word' id='word_1_109' title='bbox 119 1174 192 1215; x_wconf 82' lang='lat' dir='ltr'>plus</span> <span class='ocrx_word' id='word_1_110' title='bbox 208 1174 313 1206; x_wconf 88' lang='lat' dir='ltr'>semel</span> <span class='ocrx_word' id='word_1_111' title='bbox 329 1174 526 1204; x_wconf 75' lang='lat' dir='ltr'>exanimatus</span> <span class='ocrx_word' id='word_1_112' title='bbox 541 1172 666 1204; x_wconf 83' lang='lat' dir='ltr'>dicitnr</span> <span class='ocrx_word' id='word_1_113' title='bbox 688 1182 749 1214; x_wconf 86' lang='lat' dir='ltr'>pro</span> <span class='ocrx_word' id='word_1_114' title='bbox 765 1173 823 1204; x_wconf 88' lang='lat' dir='ltr'>de-</span> 
     </span>
     <span class='ocr_line' id='line_1_21' title="bbox 119 1224 823 1266; baseline 0 -11"><span class='ocrx_word' id='word_1_115' title='bbox 119 1224 260 1266; x_wconf 84' lang='lat' dir='ltr'>fatigato</span> <span class='ocrx_word' id='word_1_116' title='bbox 278 1235 287 1264; x_wconf 93' lang='lat'>;</span> <span class='ocrx_word' id='word_1_117' title='bbox 311 1229 346 1256; x_wconf 87' lang='lat' dir='ltr'>et</span> <span class='ocrx_word' id='word_1_118' title='bbox 362 1224 517 1262; x_wconf 76' lang='lat' dir='ltr'>confectus</span> <span class='ocrx_word' id='word_1_119' title='bbox 532 1225 656 1255; x_wconf 73' lang='lat' dir='ltr'>vulnere</span> <span class='ocrx_word' id='word_1_120' title='bbox 671 1233 738 1255; x_wconf 92' lang='lat' dir='ltr'>non</span> <span class='ocrx_word' id='word_1_121' title='bbox 754 1233 823 1255; x_wconf 90' lang='lat' dir='ltr'>mo-</span> 
     </span>
     <span class='ocr_line' id='line_1_22' title="bbox 121 1274 821 1316; baseline 0 -11"><span class='ocrx_word' id='word_1_122' title='bbox 121 1274 176 1314; x_wconf 90' lang='lat' dir='ltr'>do,</span> <span class='ocrx_word' id='word_1_123' title='bbox 194 1275 249 1316; x_wconf 88' lang='lat' dir='ltr'>qui</span> <span class='ocrx_word' id='word_1_124' title='bbox 273 1283 334 1315; x_wconf 85' lang='lat' dir='ltr'>per</span> <span class='ocrx_word' id='word_1_125' title='bbox 359 1275 441 1306; x_wconf 88' lang='lat' dir='ltr'>illud</span> <span class='ocrx_word' id='word_1_126' title='bbox 470 1275 611 1314; x_wconf 83' lang='lat' dir='ltr'>interiit,</span> <span class='ocrx_word' id='word_1_127' title='bbox 628 1274 687 1305; x_wconf 89' lang='lat' dir='ltr'>sed</span> <span class='ocrx_word' id='word_1_128' title='bbox 719 1275 821 1306; x_wconf 88' lang='lat' dir='ltr'>etiam</span> 
     </span>
     <span class='ocr_line' id='line_1_23' title="bbox 119 1325 821 1366; baseline 0.001 -11"><span class='ocrx_word' id='word_1_129' title='bbox 119 1325 177 1366; x_wconf 92' lang='lat' dir='ltr'>qui</span> <span class='ocrx_word' id='word_1_130' title='bbox 191 1325 292 1357; x_wconf 90' lang='lat' dir='ltr'>modo</span> <span class='ocrx_word' id='word_1_131' title='bbox 309 1325 507 1366; x_wconf 82' lang='lat' dir='ltr'>gravissime</span> <span class='ocrx_word' id='word_1_132' title='bbox 535 1326 732 1357; x_wconf 78' lang='lat' dir='ltr'>vnlneratus</span> <span class='ocrx_word' id='word_1_133' title='bbox 757 1330 821 1365; x_wconf 87' lang='lat' dir='ltr'>est,</span> 
     </span>
     <span class='ocr_line' id='line_1_24' title="bbox 120 1375 822 1416; baseline 0 -10"><span class='ocrx_word' id='word_1_134' title='bbox 120 1381 158 1406; x_wconf 88' lang='lat' dir='ltr'>ut</span> <span class='ocrx_word' id='word_1_135' title='bbox 173 1376 236 1407; x_wconf 89' lang='lat' dir='ltr'>hoc</span> <span class='ocrx_word' id='word_1_136' title='bbox 261 1375 334 1416; x_wconf 89' lang='lat' dir='ltr'>ipso</span> <span class='ocrx_word' id='word_1_137' title='bbox 358 1375 445 1406; x_wconf 90' lang='lat' dir='ltr'>libro</span> <span class='ocrx_word' id='word_1_138' title='bbox 463 1385 492 1406; x_wconf 92' lang='lat' dir='ltr'>c.</span> <span class='ocrx_word' id='word_1_139' title='bbox 509 1378 541 1406; x_wconf 87' lang='grc'>9.</span> <span class='ocrx_word' id='word_1_140' title='bbox 555 1380 591 1407; x_wconf 93' lang='lat' dir='ltr'>et</span> <span class='ocrx_word' id='word_1_141' title='bbox 614 1378 667 1406; x_wconf 88' lang='grc'><strong>95.</strong></span> <span class='ocrx_word' id='word_1_142' title='bbox 686 1385 725 1406; x_wconf 87' lang='lat' dir='ltr'>ac</span> <span class='ocrx_word' id='word_1_143' title='bbox 750 1385 822 1416; x_wconf 87' lang='lat' dir='ltr'>pas-</span> 
     </span>
     <span class='ocr_line' id='line_1_25' title="bbox 120 1425 822 1466; baseline -0.001 -9"><span class='ocrx_word' id='word_1_144' title='bbox 120 1426 193 1457; x_wconf 87' lang='lat' dir='ltr'>sim.</span> <span class='ocrx_word' id='word_1_145' title='bbox 239 1425 330 1457; x_wconf 85' lang='lat' dir='ltr'>Hinc</span> <span class='ocrx_word' id='word_1_146' title='bbox 355 1425 496 1466; x_wconf 53' lang='lat' dir='ltr'>occupari</span> <span class='ocrx_word' id='word_1_147' title='bbox 518 1425 711 1457; x_wconf 79' lang='lat' dir='ltr'>sexcenties</span> <span class='ocrx_word' id='word_1_148' title='bbox 739 1425 822 1456; x_wconf 90' lang='lat' dir='ltr'>dici-</span> 
     </span>
     <span class='ocr_line' id='line_1_26' title="bbox 119 1475 822 1518; baseline -0.001 -11"><span class='ocrx_word' id='word_1_149' title='bbox 119 1481 174 1508; x_wconf 89' lang='lat' dir='ltr'>tur</span> <span class='ocrx_word' id='word_1_150' title='bbox 189 1477 288 1508; x_wconf 91' lang='lat' dir='ltr'>homo</span> <span class='ocrx_word' id='word_1_151' title='bbox 305 1477 344 1508; x_wconf 92' lang='lat' dir='ltr'>iis</span> <span class='ocrx_word' id='word_1_152' title='bbox 360 1476 461 1507; x_wconf 89' lang='lat' dir='ltr'>animi</span> <span class='ocrx_word' id='word_1_153' title='bbox 476 1475 726 1516; x_wconf 86' lang='lat' dir='ltr'>affectionibus,</span> <span class='ocrx_word' id='word_1_154' title='bbox 747 1486 822 1518; x_wconf 80' lang='lat' dir='ltr'>quae</span> 
     </span>
     <span class='ocr_line' id='line_1_27' title="bbox 119 1527 823 1568; baseline 0 -10"><span class='ocrx_word' id='word_1_155' title='bbox 119 1527 312 1568; x_wconf 88' lang='lat' dir='ltr'>percellunt</span> <span class='ocrx_word' id='word_1_156' title='bbox 333 1527 393 1567; x_wconf 88' lang='lat' dir='ltr'>ita,</span> <span class='ocrx_word' id='word_1_157' title='bbox 410 1532 447 1559; x_wconf 91' lang='lat' dir='ltr'>ut</span> <span class='ocrx_word' id='word_1_158' title='bbox 474 1527 604 1558; x_wconf 90' lang='lat' dir='ltr'>nesciat</span> <span class='ocrx_word' id='word_1_159' title='bbox 627 1527 709 1568; x_wconf 91' lang='lat' dir='ltr'>quid</span> <span class='ocrx_word' id='word_1_160' title='bbox 733 1531 823 1568; x_wconf 83' lang='lat' dir='ltr'>agat.</span> 
     </span>
     <span class='ocr_line' id='line_1_28' title="bbox 122 1577 824 1617; baseline 0.001 -10"><span class='ocrx_word' id='word_1_161' title='bbox 122 1577 235 1608; x_wconf 77' lang='lat' dir='ltr'>Livius</span> <span class='ocrx_word' id='word_1_162' title='bbox 265 1586 290 1609; x_wconf 93' lang='lat'>1.</span> <span class='ocrx_word' id='word_1_163' title='bbox 315 1580 367 1609; x_wconf 85' lang='lat'>59.</span> <span class='ocrx_word' id='word_1_164' title='bbox 392 1577 484 1608; x_wconf 90' lang='lat' dir='ltr'>‘illis</span> <span class='ocrx_word' id='word_1_165' title='bbox 506 1577 601 1608; x_wconf 91' lang='lat' dir='ltr'>luctu</span> <span class='ocrx_word' id='word_1_166' title='bbox 626 1577 824 1617; x_wconf 68' lang='lat' dir='ltr'>occupatis!</span> 
     </span>
     <span class='ocr_line' id='line_1_29' title="bbox 120 1627 823 1659; baseline 0.003 -2"><span class='ocrx_word' id='word_1_167' title='bbox 120 1627 242 1658; x_wconf 78' lang='lat' dir='ltr'>Vellei.</span> <span class='ocrx_word' id='word_1_168' title='bbox 269 1635 309 1658; x_wconf 87' lang='lat'>11.</span> <span class='ocrx_word' id='word_1_169' title='bbox 326 1630 358 1659; x_wconf 90' lang='grc'>6.</span> <span class='ocrx_word' id='word_1_170' title='bbox 379 1628 388 1644; x_wconf 93' lang='lat'>‘</span> <span class='ocrx_word' id='word_1_171' title='bbox 407 1628 528 1659; x_wconf 88' lang='lat' dir='ltr'>Caium</span> <span class='ocrx_word' id='word_1_172' title='bbox 551 1628 745 1659; x_wconf 85' lang='lat' dir='ltr'>Gracchum</span> <span class='ocrx_word' id='word_1_173' title='bbox 768 1637 823 1659; x_wconf 92' lang='lat' dir='ltr'>oc-</span> 
     </span>
     <span class='ocr_line' id='line_1_30' title="bbox 119 1676 823 1718; baseline 0.001 -11"><span class='ocrx_word' id='word_1_174' title='bbox 119 1677 258 1716; x_wconf 87' lang='lat' dir='ltr'>cupavit</span> <span class='ocrx_word' id='word_1_175' title='bbox 271 1676 364 1708; x_wconf 88' lang='lat' dir='ltr'>furor</span> <span class='ocrx_word' id='word_1_176' title='bbox 377 1676 396 1707; x_wconf 90' lang='lat'>:’</span> <span class='ocrx_word' id='word_1_177' title='bbox 421 1676 510 1718; x_wconf 88' lang='lat' dir='ltr'>quod</span> <span class='ocrx_word' id='word_1_178' title='bbox 525 1686 591 1708; x_wconf 89' lang='lat' dir='ltr'>non</span> <span class='ocrx_word' id='word_1_179' title='bbox 609 1683 772 1708; x_wconf 86' lang='lat' dir='ltr'>mutarem</span> <span class='ocrx_word' id='word_1_180' title='bbox 787 1677 823 1708; x_wconf 91' lang='lat' dir='ltr'>in</span> 
     </span>
     <span class='ocr_line' id='line_1_31' title="bbox 117 1727 822 1768; baseline 0.001 -11"><span class='ocrx_word' id='word_1_181' title='bbox 117 1727 288 1758; x_wconf 74' lang='lat' dir='ltr'>occoecatit.</span> <span class='ocrx_word' id='word_1_182' title='bbox 312 1728 321 1744; x_wconf 93' lang='lat'>‘</span> <span class='ocrx_word' id='word_1_183' title='bbox 339 1727 476 1758; x_wconf 88' lang='lat' dir='ltr'>Timore</span> <span class='ocrx_word' id='word_1_184' title='bbox 500 1727 671 1768; x_wconf 83' lang='lat' dir='ltr'>occupari’</span> <span class='ocrx_word' id='word_1_185' title='bbox 690 1728 724 1758; x_wconf 92' lang='lat' dir='ltr'>in</span> <span class='ocrx_word' id='word_1_186' title='bbox 749 1728 822 1758; x_wconf 78' lang='lat' dir='ltr'>Cae-</span> 
     </span>
     <span class='ocr_line' id='line_1_32' title="bbox 118 1777 821 1818; baseline 0 -10"><span class='ocrx_word' id='word_1_187' title='bbox 118 1787 193 1808; x_wconf 91' lang='lat' dir='ltr'>sare</span> <span class='ocrx_word' id='word_1_188' title='bbox 217 1777 419 1818; x_wconf 79' lang='lat' dir='ltr'>aliquoties:</span> <span class='ocrx_word' id='word_1_189' title='bbox 445 1778 486 1808; x_wconf 92' lang='lat' dir='ltr'>B.</span> <span class='ocrx_word' id='word_1_190' title='bbox 505 1777 547 1808; x_wconf 92' lang='lat' dir='ltr'>G.</span> <span class='ocrx_word' id='word_1_191' title='bbox 570 1786 595 1808; x_wconf 91' lang='lat'>1.</span> <span class='ocrx_word' id='word_1_192' title='bbox 617 1780 669 1809; x_wconf 84' lang='lat'>39.</span> <span class='ocrx_word' id='word_1_193' title='bbox 700 1787 750 1808; x_wconf 77' lang='lat' dir='ltr'>vr.</span> <span class='ocrx_word' id='word_1_194' title='bbox 767 1781 821 1808; x_wconf 74' lang='lat'>40.</span> 
     </span>
     <span class='ocr_line' id='line_1_33' title="bbox 119 1827 822 1869; baseline 0.001 -10"><span class='ocrx_word' id='word_1_195' title='bbox 119 1827 212 1859; x_wconf 85' lang='lat' dir='ltr'>Male</span> <span class='ocrx_word' id='word_1_196' title='bbox 245 1832 358 1859; x_wconf 88' lang='lat' dir='ltr'>antem</span> <span class='ocrx_word' id='word_1_197' title='bbox 391 1828 529 1869; x_wconf 87' lang='lat' dir='ltr'>quidam</span> <span class='ocrx_word' id='word_1_198' title='bbox 557 1834 732 1869; x_wconf 82' lang='lat' dir='ltr'>exponunt</span> <span class='ocrx_word' id='word_1_199' title='bbox 770 1830 822 1861; x_wconf 81' lang='lat' dir='ltr'>hic</span> 
     </span>
     <span class='ocr_line' id='line_1_34' title="bbox 117 1879 821 1921; baseline 0.003 -12"><span class='ocrx_word' id='word_1_200' title='bbox 117 1881 280 1919; x_wconf 75' lang='lat' dir='ltr'>occupatus</span> <span class='ocrx_word' id='word_1_201' title='bbox 295 1879 389 1920; x_wconf 89' lang='lat' dir='ltr'>quasi</span> <span class='ocrx_word' id='word_1_202' title='bbox 403 1883 493 1910; x_wconf 83' lang='lat' dir='ltr'>esset</span> <span class='ocrx_word' id='word_1_203' title='bbox 502 1880 604 1921; x_wconf 80' lang='lat' dir='ltr'>prius,</span> <span class='ocrx_word' id='word_1_204' title='bbox 619 1889 719 1921; x_wconf 89' lang='lat' dir='ltr'>quam</span> <span class='ocrx_word' id='word_1_205' title='bbox 734 1880 821 1911; x_wconf 86' lang='lat' dir='ltr'>alter</span> 
     </span>
     <span class='ocr_line' id='line_1_35' title="bbox 121 1930 326 1961; baseline 0.005 -1"><span class='ocrx_word' id='word_1_206' title='bbox 121 1930 326 1961; x_wconf 71' lang='lat' dir='ltr'>wmeratus.</span> 
     </span>
    </p>

    <p class='ocr_par' dir='ltr' id='par_1_3' title="bbox 115 1979 822 2523">
     <span class='ocr_line' id='line_1_36' title="bbox 160 1979 822 2022; baseline 0.003 -12"><span class='ocrx_word' id='word_1_207' title='bbox 160 1982 201 2010; x_wconf 87' lang='grc'>19</span> <span class='ocrx_word' id='word_1_208' title='bbox 224 1980 392 2021; x_wconf 69' lang='lat' dir='ltr'>BIagnam]</span> <span class='ocrx_word' id='word_1_209' title='bbox 406 1980 459 2011; x_wconf 85' lang='lat' dir='ltr'>Sic</span> <span class='ocrx_word' id='word_1_210' title='bbox 476 1979 541 2012; x_wconf 82' lang='lat' dir='ltr'>Ms.</span> <span class='ocrx_word' id='word_1_211' title='bbox 556 1980 644 2021; x_wconf 84' lang='lat' dir='ltr'>Reg.</span> <span class='ocrx_word' id='word_1_212' title='bbox 658 1981 714 2012; x_wconf 87' lang='lat' dir='ltr'>Al.</span> <span class='ocrx_word' id='word_1_213' title='bbox 728 1983 822 2022; x_wconf 81' lang='lat' dir='ltr'>Mag-</span> 
     </span>
     <span class='ocr_line' id='line_1_37' title="bbox 116 2030 822 2070; baseline 0.003 -10"><span class='ocrx_word' id='word_1_214' title='bbox 116 2039 256 2070; x_wconf 73' lang='lat' dir='ltr'>numque.</span> <span class='ocrx_word' id='word_1_215' title='bbox 282 2030 395 2061; x_wconf 77' lang='lat' dir='ltr'>Clark.</span> <span class='ocrx_word' id='word_1_216' title='bbox 441 2031 606 2070; x_wconf 88' lang='lat' dir='ltr'>Copulam</span> <span class='ocrx_word' id='word_1_217' title='bbox 634 2031 822 2063; x_wconf 88' lang='lat' dir='ltr'>omiserunt</span> 
     </span>
     <span class='ocr_line' id='line_1_38' title="bbox 117 2080 821 2122; baseline 0.006 -12"><span class='ocrx_word' id='word_1_218' title='bbox 117 2089 250 2121; x_wconf 90' lang='lat' dir='ltr'>quoque</span> <span class='ocrx_word' id='word_1_219' title='bbox 267 2080 406 2111; x_wconf 86' lang='lat' dir='ltr'>Vascos.</span> <span class='ocrx_word' id='word_1_220' title='bbox 431 2081 552 2121; x_wconf 87' lang='lat' dir='ltr'>Steph.</span> <span class='ocrx_word' id='word_1_221' title='bbox 569 2081 704 2121; x_wconf 81' lang='lat' dir='ltr'>Gryph.</span> <span class='ocrx_word' id='word_1_222' title='bbox 732 2086 821 2122; x_wconf 88' lang='lat' dir='ltr'>post.</span> 
     </span>
     <span class='ocr_line' id='line_1_39' title="bbox 116 2129 821 2163; baseline 0.004 -3"><span class='ocrx_word' id='word_1_223' title='bbox 116 2134 152 2160; x_wconf 89' lang='lat' dir='ltr'>et</span> <span class='ocrx_word' id='word_1_224' title='bbox 168 2129 299 2161; x_wconf 86' lang='lat' dir='ltr'>Strada.</span> <span class='ocrx_word' id='word_1_225' title='bbox 339 2130 406 2161; x_wconf 89' lang='lat' dir='ltr'>Sed</span> <span class='ocrx_word' id='word_1_226' title='bbox 422 2131 520 2162; x_wconf 88' lang='lat' dir='ltr'>male.</span> <span class='ocrx_word' id='word_1_227' title='bbox 561 2132 656 2162; x_wconf 91' lang='lat' dir='ltr'>Duas</span> <span class='ocrx_word' id='word_1_228' title='bbox 674 2131 821 2163; x_wconf 87' lang='lat' dir='ltr'>rationes</span> 
     </span>
     <span class='ocr_line' id='line_1_40' title="bbox 115 2178 820 2222; baseline 0.006 -12"><span class='ocrx_word' id='word_1_229' title='bbox 115 2178 186 2220; x_wconf 87' lang='lat' dir='ltr'>dat,</span> <span class='ocrx_word' id='word_1_230' title='bbox 209 2189 270 2211; x_wconf 84' lang='lat' dir='ltr'>cur</span> <span class='ocrx_word' id='word_1_231' title='bbox 287 2188 400 2221; x_wconf 85' lang='lat' dir='ltr'>regern</span> <span class='ocrx_word' id='word_1_232' title='bbox 425 2181 567 2212; x_wconf 90' lang='lat' dir='ltr'>voluerit</span> <span class='ocrx_word' id='word_1_233' title='bbox 591 2181 625 2212; x_wconf 92' lang='lat' dir='ltr'>in</span> <span class='ocrx_word' id='word_1_234' title='bbox 647 2187 820 2222; x_wconf 84' lang='lat' dir='ltr'>potestate</span> 
     </span>
     <span class='ocr_line' id='line_1_41' title="bbox 115 2230 819 2274; baseline 0.004 -13"><span class='ocrx_word' id='word_1_235' title='bbox 115 2230 241 2262; x_wconf 88' lang='lat' dir='ltr'>habere</span> <span class='ocrx_word' id='word_1_236' title='bbox 255 2242 263 2261; x_wconf 92' lang='lat'>:</span> <span class='ocrx_word' id='word_1_237' title='bbox 288 2234 319 2262; x_wconf 80' lang='lat' dir='ltr'>et</span> <span class='ocrx_word' id='word_1_238' title='bbox 336 2231 415 2272; x_wconf 85' lang='lat' dir='ltr'>quia</span> <span class='ocrx_word' id='word_1_239' title='bbox 430 2231 660 2271; x_wconf 78' lang='lat' dir='ltr'>existimabat,</span> <span class='ocrx_word' id='word_1_240' title='bbox 677 2234 819 2274; x_wconf 83' lang='lat' dir='ltr'>Regium</span> 
     </span>
     <span class='ocr_line' id='line_1_42' title="bbox 118 2283 818 2322; baseline 0.006 -11"><span class='ocrx_word' id='word_1_241' title='bbox 118 2290 239 2312; x_wconf 88' lang='lat' dir='ltr'>nomen</span> <span class='ocrx_word' id='word_1_242' title='bbox 254 2291 410 2322; x_wconf 85' lang='lat' dir='ltr'>magnam</span> <span class='ocrx_word' id='word_1_243' title='bbox 425 2284 663 2313; x_wconf 83' lang='lat' dir='ltr'>auctoritatem</span> <span class='ocrx_word' id='word_1_244' title='bbox 677 2283 818 2322; x_wconf 83' lang='lat' dir='ltr'>habere3</span> 
     </span>
     <span class='ocr_line' id='line_1_43' title="bbox 117 2331 820 2375; baseline 0.006 -14"><span class='ocrx_word' id='word_1_245' title='bbox 117 2333 148 2362; x_wconf 77' lang='lat' dir='ltr'>et</span> <span class='ocrx_word' id='word_1_246' title='bbox 174 2335 212 2362; x_wconf 86' lang='lat' dir='ltr'>nt</span> <span class='ocrx_word' id='word_1_247' title='bbox 238 2331 449 2372; x_wconf 88' lang='lat' dir='ltr'>privatorum</span> <span class='ocrx_word' id='word_1_248' title='bbox 478 2331 614 2372; x_wconf 88' lang='lat' dir='ltr'>bellum,</span> <span class='ocrx_word' id='word_1_249' title='bbox 639 2342 705 2364; x_wconf 92' lang='lat' dir='ltr'>non</span> <span class='ocrx_word' id='word_1_250' title='bbox 733 2335 820 2375; x_wconf 86' lang='lat' dir='ltr'>regis</span> 
     </span>
     <span class='ocr_line' id='line_1_44' title="bbox 117 2381 819 2415; baseline 0.004 -3"><span class='ocrx_word' id='word_1_251' title='bbox 117 2381 301 2413; x_wconf 83' lang='lat' dir='ltr'>videretur.</span> <span class='ocrx_word' id='word_1_252' title='bbox 335 2382 376 2413; x_wconf 91' lang='lat' dir='ltr'>In</span> <span class='ocrx_word' id='word_1_253' title='bbox 389 2382 482 2413; x_wconf 86' lang='lat' dir='ltr'>hisce</span> <span class='ocrx_word' id='word_1_254' title='bbox 497 2382 585 2413; x_wconf 89' lang='lat' dir='ltr'>enim</span> <span class='ocrx_word' id='word_1_255' title='bbox 602 2392 678 2414; x_wconf 77' lang='lat' dir='ltr'>cuni</span> <span class='ocrx_word' id='word_1_256' title='bbox 695 2385 819 2415; x_wconf 84' lang='lat' dir='ltr'>ceteris</span> 
     </span>
     <span class='ocr_line' id='line_1_45' title="bbox 117 2431 818 2474; baseline 0.007 -14"><span class='ocrx_word' id='word_1_257' title='bbox 117 2431 314 2463; x_wconf 79' lang='lat' dir='ltr'>auctoribus</span> <span class='ocrx_word' id='word_1_258' title='bbox 330 2432 416 2463; x_wconf 90' lang='lat' dir='ltr'>solet</span> <span class='ocrx_word' id='word_1_259' title='bbox 433 2433 548 2464; x_wconf 83' lang='lat' dir='ltr'>Caesar</span> <span class='ocrx_word' id='word_1_260' title='bbox 574 2433 615 2464; x_wconf 90' lang='lat' dir='ltr'>ad</span> <span class='ocrx_word' id='word_1_261' title='bbox 641 2433 818 2474; x_wconf 85' lang='lat' dir='ltr'>emphasin</span> 
     </span>
     <span class='ocr_line' id='line_1_46' title="bbox 117 2482 590 2523; baseline 0.004 -11"><span class='ocrx_word' id='word_1_262' title='bbox 117 2482 290 2521; x_wconf 87' lang='lat' dir='ltr'>geminare</span> <span class='ocrx_word' id='word_1_263' title='bbox 302 2482 590 2523; x_wconf 88' lang='lat' dir='ltr'>conjunctionem.</span> 
     </span>
    </p>

    <p class='ocr_par' dir='ltr' id='par_1_4' title="bbox 111 2533 817 2776">
     <span class='ocr_line' id='line_1_47' title="bbox 156 2533 815 2575; baseline 0.006 -13"><span class='ocrx_word' id='word_1_264' title='bbox 156 2534 197 2563; x_wconf 79' lang='lat'>20</span> <span class='ocrx_word' id='word_1_265' title='bbox 224 2533 268 2563; x_wconf 86' lang='lat' dir='ltr'>Ut</span> <span class='ocrx_word' id='word_1_266' title='bbox 288 2533 412 2573; x_wconf 76' lang='lat' dir='ltr'>privato</span> <span class='ocrx_word' id='word_1_267' title='bbox 427 2544 460 2574; x_wconf 83' lang='lat' dir='ltr'>p.</span> <span class='ocrx_word' id='word_1_268' title='bbox 473 2537 503 2564; x_wconf 81' lang='lat' dir='ltr'>et</span> <span class='ocrx_word' id='word_1_269' title='bbox 520 2535 577 2565; x_wconf 78' lang='lat' dir='ltr'>lat.</span> <span class='ocrx_word' id='word_1_270' title='bbox 593 2535 709 2574; x_wconf 78' lang='lat' dir='ltr'>potius,</span> <span class='ocrx_word' id='word_1_271' title='bbox 725 2545 815 2575; x_wconf 83' lang='lat' dir='ltr'>quam</span> 
     </span>
     <span class='ocr_line' id='line_1_48' title="bbox 114 2581 817 2625; baseline 0.009 -14"><span class='ocrx_word' id='word_1_272' title='bbox 114 2581 201 2620; x_wconf 73' lang='lat' dir='ltr'>regio</span> <span class='ocrx_word' id='word_1_273' title='bbox 222 2582 360 2622; x_wconf 72' lang='lat' dir='ltr'>consilio]</span> <span class='ocrx_word' id='word_1_274' title='bbox 401 2583 458 2615; x_wconf 92' lang='lat' dir='ltr'>Sic</span> <span class='ocrx_word' id='word_1_275' title='bbox 484 2584 549 2615; x_wconf 83' lang='lat' dir='ltr'>Ms.</span> <span class='ocrx_word' id='word_1_276' title='bbox 575 2585 721 2625; x_wconf 83' lang='lat' dir='ltr'>Regius;</span> <span class='ocrx_word' id='word_1_277' title='bbox 751 2586 817 2617; x_wconf 88' lang='lat' dir='ltr'>ele-</span> 
     </span>
     <span class='ocr_line' id='line_1_49' title="bbox 117 2630 817 2673; baseline 0.007 -12"><span class='ocrx_word' id='word_1_278' title='bbox 117 2630 258 2670; x_wconf 68' lang='lat' dir='ltr'>gantiori</span> <span class='ocrx_word' id='word_1_279' title='bbox 294 2633 406 2672; x_wconf 90' lang='lat' dir='ltr'>paullo</span> <span class='ocrx_word' id='word_1_280' title='bbox 456 2633 636 2665; x_wconf 84' lang='lat' dir='ltr'>verborum</span> <span class='ocrx_word' id='word_1_281' title='bbox 687 2635 817 2673; x_wconf 89' lang='lat' dir='ltr'>ordine,</span> 
     </span>
     <span class='ocr_line' id='line_1_50' title="bbox 117 2681 816 2726; baseline 0.01 -17"><span class='ocrx_word' id='word_1_282' title='bbox 117 2689 216 2720; x_wconf 84' lang='lat' dir='ltr'>quam</span> <span class='ocrx_word' id='word_1_283' title='bbox 231 2685 285 2712; x_wconf 85' lang='lat' dir='ltr'>est</span> <span class='ocrx_word' id='word_1_284' title='bbox 299 2681 333 2712; x_wconf 91' lang='lat' dir='ltr'>in</span> <span class='ocrx_word' id='word_1_285' title='bbox 349 2683 505 2724; x_wconf 80' lang='lat' dir='ltr'>vulgatis,</span> <span class='ocrx_word' id='word_1_286' title='bbox 519 2687 553 2715; x_wconf 85' lang='lat' dir='ltr'>ut</span> <span class='ocrx_word' id='word_1_287' title='bbox 575 2685 681 2724; x_wconf 75' lang='lat' dir='ltr'>potius</span> <span class='ocrx_word' id='word_1_288' title='bbox 690 2685 816 2726; x_wconf 71' lang='lat' dir='ltr'>prieato</span> 
     </span>
     <span class='ocr_line' id='line_1_51' title="bbox 111 2732 812 2776; baseline 0.009 -16"><span class='ocrx_word' id='word_1_289' title='bbox 111 2738 289 2771; x_wconf 68' lang='grc' dir='ltr'>χνιιισοηιηι,</span> <span class='ocrx_word' id='word_1_290' title='bbox 314 2734 345 2763; x_wconf 75' lang='lat' dir='ltr'>et</span> <span class='ocrx_word' id='word_1_291' title='bbox 373 2732 526 2764; x_wconf 77' lang='lat' dir='ltr'>latronum</span> <span class='ocrx_word' id='word_1_292' title='bbox 553 2734 691 2775; x_wconf 78' lang='lat' dir='ltr'>consilio,</span> <span class='ocrx_word' id='word_1_293' title='bbox 719 2746 812 2776; x_wconf 80' lang='lat' dir='ltr'>quam</span> 
     </span>
    </p>
   </div>
   <div class='ocr_carea' id='block_1_3' title="bbox 1464 163 1578 207">
    <p class='ocr_par' dir='ltr' id='par_1_5' title="bbox 1464 163 1578 207">
     <span class='ocr_line' id='line_1_52' title="bbox 1464 163 1578 207; baseline -0.009 0"><span class='ocrx_word' id='word_1_294' title='bbox 1464 163 1578 207; x_wconf 71' lang='lat'>1529</span> 
     </span>
    </p>
   </div>
   <div class='ocr_carea' id='block_1_4' title="bbox 863 268 1579 1769">
    <p class='ocr_par' dir='ltr' id='par_1_6' title="bbox 871 268 1578 663">
     <span class='ocr_line' id='line_1_53' title="bbox 875 268 1576 310; baseline 0.001 -12"><span class='ocrx_word' id='word_1_295' title='bbox 875 268 960 307; x_wconf 78' lang='lat' dir='ltr'>regio</span> <span class='ocrx_word' id='word_1_296' title='bbox 985 269 1235 307; x_wconf 70' lang='lat' dir='ltr'>susceptum‚&amp;c.</span> <span class='ocrx_word' id='word_1_297' title='bbox 1264 268 1372 298; x_wconf 76' lang='lat' dir='ltr'>Clark.</span> <span class='ocrx_word' id='word_1_298' title='bbox 1419 268 1481 306; x_wconf 79' lang='lat' dir='ltr'>Eo,</span> <span class='ocrx_word' id='word_1_299' title='bbox 1508 279 1576 310; x_wconf 81' lang='lat' dir='ltr'>quo</span> 
     </span>
     <span class='ocr_line' id='line_1_54' title="bbox 875 317 1576 358; baseline 0 -9"><span class='ocrx_word' id='word_1_300' title='bbox 875 318 1031 349; x_wconf 86' lang='lat' dir='ltr'>Clarkius</span> <span class='ocrx_word' id='word_1_301' title='bbox 1068 318 1199 355; x_wconf 89' lang='lat' dir='ltr'>ordine,</span> <span class='ocrx_word' id='word_1_302' title='bbox 1231 317 1472 358; x_wconf 80' lang='lat' dir='ltr'>disposuerunt</span> <span class='ocrx_word' id='word_1_303' title='bbox 1504 319 1576 358; x_wconf 79' lang='lat' dir='ltr'>jam</span> 
     </span>
     <span class='ocr_line' id='line_1_55' title="bbox 875 368 1577 409; baseline -0.001 -10"><span class='ocrx_word' id='word_1_304' title='bbox 875 368 1002 399; x_wconf 72' lang='lat' dir='ltr'>caedem</span> <span class='ocrx_word' id='word_1_305' title='bbox 1015 368 1116 407; x_wconf 88' lang='lat' dir='ltr'>Edd.,</span> <span class='ocrx_word' id='word_1_306' title='bbox 1128 378 1210 409; x_wconf 67' lang='lat' dir='ltr'>quas</span> <span class='ocrx_word' id='word_1_307' title='bbox 1225 368 1324 398; x_wconf 87' lang='lat' dir='ltr'>modo</span> <span class='ocrx_word' id='word_1_308' title='bbox 1341 368 1524 402; x_wconf 79' lang='lat' dir='ltr'>nominavi,</span> <span class='ocrx_word' id='word_1_309' title='bbox 1542 374 1577 398; x_wconf 83' lang='lat' dir='ltr'>et</span> 
     </span>
     <span class='ocr_line' id='line_1_56' title="bbox 874 418 1576 460; baseline 0 -11"><span class='ocrx_word' id='word_1_310' title='bbox 874 419 922 451; x_wconf 88' lang='lat' dir='ltr'>ita</span> <span class='ocrx_word' id='word_1_311' title='bbox 950 419 1060 460; x_wconf 88' lang='lat' dir='ltr'>reperi</span> <span class='ocrx_word' id='word_1_312' title='bbox 1081 420 1113 449; x_wconf 92' lang='lat' dir='ltr'>in</span> <span class='ocrx_word' id='word_1_313' title='bbox 1131 420 1240 460; x_wconf 80' lang='lat' dir='ltr'>Bong.</span> <span class='ocrx_word' id='word_1_314' title='bbox 1278 418 1395 450; x_wconf 86' lang='lat' dir='ltr'>Ceteri</span> <span class='ocrx_word' id='word_1_315' title='bbox 1425 419 1576 450; x_wconf 85' lang='lat' dir='ltr'>retinent</span> 
     </span>
     <span class='ocr_line' id='line_1_57' title="bbox 875 468 1578 511; baseline 0 -12"><span class='ocrx_word' id='word_1_316' title='bbox 875 471 1047 511; x_wconf 71' lang='lat' dir='ltr'>vulgatum</span> <span class='ocrx_word' id='word_1_317' title='bbox 1077 470 1240 509; x_wconf 77' lang='lat' dir='ltr'>ordinem,</span> <span class='ocrx_word' id='word_1_318' title='bbox 1269 470 1332 500; x_wconf 78' lang='lat' dir='ltr'>nisi</span> <span class='ocrx_word' id='word_1_319' title='bbox 1361 468 1450 510; x_wconf 90' lang='lat' dir='ltr'>qnod</span> <span class='ocrx_word' id='word_1_320' title='bbox 1475 470 1578 508; x_wconf 77' lang='lat' dir='ltr'>potius</span> 
     </span>
     <span class='ocr_line' id='line_1_58' title="bbox 874 519 1576 560; baseline -0.001 -10"><span class='ocrx_word' id='word_1_321' title='bbox 874 522 962 552; x_wconf 84' lang='lat' dir='ltr'>desit</span> <span class='ocrx_word' id='word_1_322' title='bbox 990 522 1021 551; x_wconf 90' lang='lat' dir='ltr'>in</span> <span class='ocrx_word' id='word_1_323' title='bbox 1046 521 1142 552; x_wconf 73' lang='lat' dir='ltr'>Voss.</span> <span class='ocrx_word' id='word_1_324' title='bbox 1171 527 1205 551; x_wconf 87' lang='lat' dir='ltr'>et</span> <span class='ocrx_word' id='word_1_325' title='bbox 1238 520 1358 550; x_wconf 86' lang='lat' dir='ltr'>Petav.</span> <span class='ocrx_word' id='word_1_326' title='bbox 1399 519 1492 550; x_wconf 90' lang='lat' dir='ltr'>Leid.</span> <span class='ocrx_word' id='word_1_327' title='bbox 1524 528 1576 560; x_wconf 90' lang='lat' dir='ltr'>pr.</span> 
     </span>
     <span class='ocr_line' id='line_1_59' title="bbox 874 570 1578 610; baseline 0 -10"><span class='ocrx_word' id='word_1_328' title='bbox 874 571 971 602; x_wconf 71' lang='lat' dir='ltr'>Voss.</span> <span class='ocrx_word' id='word_1_329' title='bbox 986 571 1069 601; x_wconf 83' lang='lat' dir='ltr'>(lent</span> <span class='ocrx_word' id='word_1_330' title='bbox 1093 572 1257 609; x_wconf 74' lang='lat' dir='ltr'>latronum,</span> <span class='ocrx_word' id='word_1_331' title='bbox 1279 580 1368 610; x_wconf 81' lang='lat' dir='ltr'>quam</span> <span class='ocrx_word' id='word_1_332' title='bbox 1399 570 1484 609; x_wconf 81' lang='lat' dir='ltr'>regio</span> <span class='ocrx_word' id='word_1_333' title='bbox 1510 579 1578 600; x_wconf 77' lang='lat' dir='ltr'>con-</span> 
     </span>
     <span class='ocr_line' id='line_1_60' title="bbox 871 621 1362 663; baseline -0.004 -11"><span class='ocrx_word' id='word_1_334' title='bbox 871 622 958 655; x_wconf 76' lang='lat' dir='ltr'>silio,-</span> <span class='ocrx_word' id='word_1_335' title='bbox 980 621 1070 663; x_wconf 88' lang='lat' dir='ltr'>quod</span> <span class='ocrx_word' id='word_1_336' title='bbox 1085 622 1259 661; x_wconf 76' lang='lat' dir='ltr'>amplexus</span> <span class='ocrx_word' id='word_1_337' title='bbox 1278 631 1362 651; x_wconf 92' lang='lat' dir='ltr'>snm.</span> 
     </span>
    </p>

    <p class='ocr_par' dir='ltr' id='par_1_7' title="bbox 872 669 1579 1115">
     <span class='ocr_line' id='line_1_61' title="bbox 915 669 1575 711; baseline -0.002 -10"><span class='ocrx_word' id='word_1_338' title='bbox 915 679 972 702; x_wconf 76' lang='lat' dir='ltr'>cx.</span> <span class='ocrx_word' id='word_1_339' title='bbox 997 674 1015 702; x_wconf 84' lang='lat'><strong>3</strong></span> <span class='ocrx_word' id='word_1_340' title='bbox 1043 670 1104 701; x_wconf 72' lang='lat' dir='ltr'>Ha&gt;</span> <span class='ocrx_word' id='word_1_341' title='bbox 1127 671 1321 711; x_wconf 75' lang='lat' dir='ltr'>constabant]</span> <span class='ocrx_word' id='word_1_342' title='bbox 1347 671 1412 701; x_wconf 56' lang='grc' dir='ltr'><strong>ΜΞ.</strong></span> <span class='ocrx_word' id='word_1_343' title='bbox 1430 669 1575 701; x_wconf 81' lang='lat' dir='ltr'>Eliensis</span> 
     </span>
     <span class='ocr_line' id='line_1_62' title="bbox 874 719 1578 761; baseline -0.004 -9"><span class='ocrx_word' id='word_1_344' title='bbox 874 722 964 752; x_wconf 84' lang='lat' dir='ltr'>Haec.</span> <span class='ocrx_word' id='word_1_345' title='bbox 997 721 1063 752; x_wconf 74' lang='lat' dir='ltr'>Ms.</span> <span class='ocrx_word' id='word_1_346' title='bbox 1089 721 1175 761; x_wconf 82' lang='lat' dir='ltr'>Reg.</span> <span class='ocrx_word' id='word_1_347' title='bbox 1200 726 1235 751; x_wconf 84' lang='lat' dir='ltr'>et</span> <span class='ocrx_word' id='word_1_348' title='bbox 1266 721 1356 751; x_wconf 82' lang='lat' dir='ltr'>Edit.</span> <span class='ocrx_word' id='word_1_349' title='bbox 1384 720 1481 750; x_wconf 90' lang='lat' dir='ltr'>Rom.</span> <span class='ocrx_word' id='word_1_350' title='bbox 1516 719 1578 750; x_wconf 82' lang='lat' dir='ltr'>Hi.</span> 
     </span>
     <span class='ocr_line' id='line_1_63' title="bbox 873 769 1578 811; baseline -0.006 -8"><span class='ocrx_word' id='word_1_351' title='bbox 873 773 1025 804; x_wconf 82' lang='lat' dir='ltr'>Quarum</span> <span class='ocrx_word' id='word_1_352' title='bbox 1044 772 1227 802; x_wconf 84' lang='lat' dir='ltr'>lectionum</span> <span class='ocrx_word' id='word_1_353' title='bbox 1243 770 1370 811; x_wconf 76' lang='lat' dir='ltr'>qnaevis</span> <span class='ocrx_word' id='word_1_354' title='bbox 1394 769 1476 800; x_wconf 85' lang='lat' dir='ltr'>ferri</span> <span class='ocrx_word' id='word_1_355' title='bbox 1503 779 1578 809; x_wconf 89' lang='lat' dir='ltr'>pos-</span> 
     </span>
     <span class='ocr_line' id='line_1_64' title="bbox 873 818 1576 852; baseline -0.004 0"><span class='ocrx_word' id='word_1_356' title='bbox 873 822 927 852; x_wconf 87' lang='lat' dir='ltr'>sit.</span> <span class='ocrx_word' id='word_1_357' title='bbox 955 822 1064 852; x_wconf 70' lang='lat' dir='ltr'>Clark.</span> <span class='ocrx_word' id='word_1_358' title='bbox 1113 821 1192 852; x_wconf 76' lang='lat' dir='ltr'>Hoec</span> <span class='ocrx_word' id='word_1_359' title='bbox 1209 827 1261 851; x_wconf 89' lang='lat' dir='ltr'>est</span> <span class='ocrx_word' id='word_1_360' title='bbox 1288 821 1319 850; x_wconf 90' lang='lat' dir='ltr'>in</span> <span class='ocrx_word' id='word_1_361' title='bbox 1342 821 1462 851; x_wconf 80' lang='lat' dir='ltr'>Petav.</span> <span class='ocrx_word' id='word_1_362' title='bbox 1481 818 1576 850; x_wconf 90' lang='lat' dir='ltr'>Leid.</span> 
     </span>
     <span class='ocr_line' id='line_1_65' title="bbox 872 871 1578 914; baseline -0.004 -10"><span class='ocrx_word' id='word_1_363' title='bbox 872 883 923 914; x_wconf 91' lang='lat' dir='ltr'>pr.</span> <span class='ocrx_word' id='word_1_364' title='bbox 950 878 985 904; x_wconf 91' lang='lat' dir='ltr'>et</span> <span class='ocrx_word' id='word_1_365' title='bbox 1010 873 1140 903; x_wconf 86' lang='lat' dir='ltr'>duobus</span> <span class='ocrx_word' id='word_1_366' title='bbox 1166 872 1248 903; x_wconf 89' lang='lat' dir='ltr'>aliis.</span> <span class='ocrx_word' id='word_1_367' title='bbox 1296 872 1342 902; x_wconf 73' lang='lat'>112·</span> <span class='ocrx_word' id='word_1_368' title='bbox 1367 871 1492 902; x_wconf 86' lang='lat' dir='ltr'>habent</span> <span class='ocrx_word' id='word_1_369' title='bbox 1515 871 1578 902; x_wconf 87' lang='lat' dir='ltr'>Lo·</span> 
     </span>
     <span class='ocr_line' id='line_1_66' title="bbox 872 921 1578 962; baseline -0.003 -8"><span class='ocrx_word' id='word_1_370' title='bbox 872 933 948 955; x_wconf 79' lang='lat' dir='ltr'>van.</span> <span class='ocrx_word' id='word_1_371' title='bbox 965 923 1076 954; x_wconf 84' lang='lat' dir='ltr'>Palat.</span> <span class='ocrx_word' id='word_1_372' title='bbox 1102 922 1212 953; x_wconf 82' lang='lat' dir='ltr'>Dorv.</span> <span class='ocrx_word' id='word_1_373' title='bbox 1238 922 1332 953; x_wconf 86' lang='lat' dir='ltr'>Leid.</span> <span class='ocrx_word' id='word_1_374' title='bbox 1358 930 1423 952; x_wconf 88' lang='lat' dir='ltr'>sec.</span> <span class='ocrx_word' id='word_1_375' title='bbox 1442 921 1498 962; x_wconf 87' lang='lat' dir='ltr'>qui</span> <span class='ocrx_word' id='word_1_376' title='bbox 1522 930 1578 952; x_wconf 92' lang='lat' dir='ltr'>co-</span> 
     </span>
     <span class='ocr_line' id='line_1_67' title="bbox 872 971 1579 1013; baseline -0.004 -8"><span class='ocrx_word' id='word_1_377' title='bbox 872 974 966 1005; x_wconf 84' lang='lat' dir='ltr'>dices</span> <span class='ocrx_word' id='word_1_378' title='bbox 985 974 1093 1005; x_wconf 89' lang='lat' dir='ltr'>solent</span> <span class='ocrx_word' id='word_1_379' title='bbox 1109 973 1316 1009; x_wconf 82' lang='lat' dir='ltr'>consentire,</span> <span class='ocrx_word' id='word_1_380' title='bbox 1341 977 1375 1002; x_wconf 88' lang='lat' dir='ltr'>et</span> <span class='ocrx_word' id='word_1_381' title='bbox 1400 971 1487 1003; x_wconf 87' lang='lat' dir='ltr'>Edd.</span> <span class='ocrx_word' id='word_1_382' title='bbox 1512 972 1579 1013; x_wconf 86' lang='lat' dir='ltr'>pri·</span> 
     </span>
     <span class='ocr_line' id='line_1_68' title="bbox 873 1022 1576 1065; baseline -0.004 -10"><span class='ocrx_word' id='word_1_383' title='bbox 873 1035 947 1055; x_wconf 79' lang='lat' dir='ltr'>mae.</span> <span class='ocrx_word' id='word_1_384' title='bbox 985 1025 1040 1055; x_wconf 82' lang='lat' dir='ltr'>De</span> <span class='ocrx_word' id='word_1_385' title='bbox 1057 1034 1122 1065; x_wconf 89' lang='lat' dir='ltr'>qna</span> <span class='ocrx_word' id='word_1_386' title='bbox 1137 1023 1288 1063; x_wconf 80' lang='lat' dir='ltr'>synthesi</span> <span class='ocrx_word' id='word_1_387' title='bbox 1314 1032 1414 1063; x_wconf 86' lang='lat' dir='ltr'>supra</span> <span class='ocrx_word' id='word_1_388' title='bbox 1429 1022 1576 1053; x_wconf 79' lang='lat' dir='ltr'>diximus</span> 
     </span>
     <span class='ocr_line' id='line_1_69' title="bbox 872 1074 1063 1115; baseline 0 -10"><span class='ocrx_word' id='word_1_389' title='bbox 872 1074 1063 1115; x_wconf 86' lang='lat' dir='ltr'>aliquoties.</span> 
     </span>
    </p>

    <p class='ocr_par' dir='ltr' id='par_1_8' title="bbox 863 1123 1579 1769">
     <span class='ocr_line' id='line_1_70' title="bbox 916 1123 1576 1163; baseline -0.002 -8"><span class='ocrx_word' id='word_1_390' title='bbox 916 1128 954 1155; x_wconf 84' lang='lat'>13</span> <span class='ocrx_word' id='word_1_391' title='bbox 981 1126 1043 1160; x_wconf 76' lang='lat' dir='ltr'>Qui</span> <span class='ocrx_word' id='word_1_392' title='bbox 1060 1125 1121 1155; x_wconf 81' lang='lat' dir='ltr'>rim</span> <span class='ocrx_word' id='word_1_393' title='bbox 1136 1135 1258 1155; x_wconf 82' lang='lat' dir='ltr'>suorum</span> <span class='ocrx_word' id='word_1_394' title='bbox 1272 1123 1492 1163; x_wconf 73' lang='lat' dir='ltr'>defendebant]</span> <span class='ocrx_word' id='word_1_395' title='bbox 1520 1123 1576 1154; x_wconf 90' lang='lat' dir='ltr'>In·</span> 
     </span>
     <span class='ocr_line' id='line_1_71' title="bbox 872 1175 1577 1216; baseline -0.004 -10"><span class='ocrx_word' id='word_1_396' title='bbox 872 1175 983 1206; x_wconf 83' lang='lat' dir='ltr'>solens</span> <span class='ocrx_word' id='word_1_397' title='bbox 992 1175 1155 1216; x_wconf 89' lang='lat' dir='ltr'>loquendi</span> <span class='ocrx_word' id='word_1_398' title='bbox 1167 1184 1283 1214; x_wconf 86' lang='lat' dir='ltr'>genus,</span> <span class='ocrx_word' id='word_1_399' title='bbox 1297 1176 1356 1204; x_wconf 76' lang='lat' dir='ltr'>rim</span> <span class='ocrx_word' id='word_1_400' title='bbox 1369 1183 1504 1212; x_wconf 84' lang='lat' dir='ltr'>suorum,</span> <span class='ocrx_word' id='word_1_401' title='bbox 1514 1182 1577 1214; x_wconf 91' lang='lat' dir='ltr'>pro</span> 
     </span>
     <span class='ocr_line' id='line_1_72' title="bbox 871 1222 1578 1256; baseline -0.004 0"><span class='ocrx_word' id='word_1_402' title='bbox 871 1226 932 1256; x_wconf 81' lang='lat' dir='ltr'>rim</span> <span class='ocrx_word' id='word_1_403' title='bbox 947 1225 1011 1256; x_wconf 76' lang='lat' dir='ltr'>suis</span> <span class='ocrx_word' id='word_1_404' title='bbox 1029 1225 1168 1256; x_wconf 81' lang='lat' dir='ltr'>inlatam.</span> <span class='ocrx_word' id='word_1_405' title='bbox 1214 1224 1293 1255; x_wconf 79' lang='lat' dir='ltr'>Non</span> <span class='ocrx_word' id='word_1_406' title='bbox 1318 1223 1462 1254; x_wconf 68' lang='lat' dir='ltr'>absimili</span> <span class='ocrx_word' id='word_1_407' title='bbox 1479 1222 1578 1254; x_wconf 87' lang='lat' dir='ltr'>modo</span> 
     </span>
     <span class='ocr_line' id='line_1_73' title="bbox 871 1273 1579 1314; baseline -0.003 -8"><span class='ocrx_word' id='word_1_408' title='bbox 871 1276 957 1306; x_wconf 89' lang='lat' dir='ltr'>libro</span> <span class='ocrx_word' id='word_1_409' title='bbox 974 1276 1017 1306; x_wconf 88' lang='lat' dir='ltr'>de</span> <span class='ocrx_word' id='word_1_410' title='bbox 1031 1275 1120 1306; x_wconf 85' lang='lat' dir='ltr'>bello</span> <span class='ocrx_word' id='word_1_411' title='bbox 1135 1274 1308 1314; x_wconf 74' lang='lat' dir='ltr'>Africam,</span> <span class='ocrx_word' id='word_1_412' title='bbox 1323 1275 1357 1304; x_wconf 87' lang='lat' dir='ltr'>ni</span> <span class='ocrx_word' id='word_1_413' title='bbox 1368 1273 1482 1313; x_wconf 83' lang='lat' dir='ltr'>fallor,</span> <span class='ocrx_word' id='word_1_414' title='bbox 1496 1273 1579 1314; x_wconf 88' lang='lat' dir='ltr'>legi-</span> 
     </span>
     <span class='ocr_line' id='line_1_74' title="bbox 876 1323 1578 1366; baseline -0.004 -9"><span class='ocrx_word' id='word_1_415' title='bbox 876 1330 932 1357; x_wconf 87' lang='lat' dir='ltr'>tur</span> <span class='ocrx_word' id='word_1_416' title='bbox 947 1327 955 1343; x_wconf 91' lang='lat'>‘</span> <span class='ocrx_word' id='word_1_417' title='bbox 975 1326 1087 1366; x_wconf 78' lang='lat' dir='ltr'>Scipio</span> <span class='ocrx_word' id='word_1_418' title='bbox 1104 1326 1211 1356; x_wconf 82' lang='lat' dir='ltr'>multa</span> <span class='ocrx_word' id='word_1_419' title='bbox 1227 1325 1268 1356; x_wconf 89' lang='lat' dir='ltr'>de</span> <span class='ocrx_word' id='word_1_420' title='bbox 1293 1330 1426 1356; x_wconf 82' lang='lat' dir='ltr'>terrore</span> <span class='ocrx_word' id='word_1_421' title='bbox 1444 1324 1526 1364; x_wconf 83' lang='lat' dir='ltr'>suo,’</span> <span class='ocrx_word' id='word_1_422' title='bbox 1543 1323 1578 1354; x_wconf 90' lang='lat' dir='ltr'>id</span> 
     </span>
     <span class='ocr_line' id='line_1_75' title="bbox 873 1376 1576 1417; baseline 0 -11"><span class='ocrx_word' id='word_1_423' title='bbox 873 1382 936 1415; x_wconf 85' lang='lat' dir='ltr'>est,</span> <span class='ocrx_word' id='word_1_424' title='bbox 968 1386 1066 1417; x_wconf 86' lang='lat' dir='ltr'>quem</span> <span class='ocrx_word' id='word_1_425' title='bbox 1093 1376 1248 1407; x_wconf 80' lang='lat' dir='ltr'>hostibus</span> <span class='ocrx_word' id='word_1_426' title='bbox 1272 1376 1467 1407; x_wconf 82' lang='lat' dir='ltr'>incussisset</span> <span class='ocrx_word' id='word_1_427' title='bbox 1491 1376 1576 1415; x_wconf 82' lang='lat' dir='ltr'>ipse.</span> 
     </span>
     <span class='ocr_line' id='line_1_76' title="bbox 877 1425 1574 1467; baseline -0.001 -11"><span class='ocrx_word' id='word_1_428' title='bbox 877 1427 1010 1458; x_wconf 80' lang='lat' dir='ltr'>Vossius.</span> <span class='ocrx_word' id='word_1_429' title='bbox 1056 1426 1309 1467; x_wconf 75' lang='lat' dir='ltr'>Propulsabant</span> <span class='ocrx_word' id='word_1_430' title='bbox 1325 1426 1392 1456; x_wconf 70' lang='lat' dir='ltr'>vim</span> <span class='ocrx_word' id='word_1_431' title='bbox 1410 1426 1476 1456; x_wconf 88' lang='lat' dir='ltr'>suis</span> <span class='ocrx_word' id='word_1_432' title='bbox 1501 1425 1574 1456; x_wconf 82' lang='lat' dir='ltr'>illa-</span> 
     </span>
     <span class='ocr_line' id='line_1_77' title="bbox 873 1476 1575 1517; baseline -0.003 -9"><span class='ocrx_word' id='word_1_433' title='bbox 873 1481 952 1508; x_wconf 79' lang='lat' dir='ltr'>tam.</span> <span class='ocrx_word' id='word_1_434' title='bbox 999 1476 1125 1517; x_wconf 88' lang='lat' dir='ltr'>Dictys</span> <span class='ocrx_word' id='word_1_435' title='bbox 1143 1477 1315 1508; x_wconf 77' lang='lat' dir='ltr'>Cretensis</span> <span class='ocrx_word' id='word_1_436' title='bbox 1329 1485 1353 1508; x_wconf 85' lang='lat'>1.</span> <span class='ocrx_word' id='word_1_437' title='bbox 1371 1480 1402 1507; x_wconf 70' lang='grc'>4.</span> <span class='ocrx_word' id='word_1_438' title='bbox 1419 1477 1428 1493; x_wconf 74' lang='lat'><strong><em>⁶</em></strong></span> <span class='ocrx_word' id='word_1_439' title='bbox 1447 1476 1502 1507; x_wconf 89' lang='lat' dir='ltr'>Ob</span> <span class='ocrx_word' id='word_1_440' title='bbox 1527 1476 1575 1506; x_wconf 80' lang='lat' dir='ltr'>in-</span> 
     </span>
     <span class='ocr_line' id='line_1_78' title="bbox 863 1526 1579 1568; baseline -0.004 -10"><span class='ocrx_word' id='word_1_441' title='bbox 863 1527 984 1566; x_wconf 73' lang='lat' dir='ltr'>juriam</span> <span class='ocrx_word' id='word_1_442' title='bbox 1009 1526 1159 1568; x_wconf 82' lang='lat' dir='ltr'>affinium,</span> <span class='ocrx_word' id='word_1_443' title='bbox 1182 1535 1263 1567; x_wconf 87' lang='lat' dir='ltr'>quas</span> <span class='ocrx_word' id='word_1_444' title='bbox 1287 1535 1389 1565; x_wconf 88' lang='lat' dir='ltr'>supra</span> <span class='ocrx_word' id='word_1_445' title='bbox 1415 1534 1579 1556; x_wconf 84' lang='lat' dir='ltr'>memora-</span> 
     </span>
     <span class='ocr_line' id='line_1_79' title="bbox 872 1575 1578 1615; baseline -0.001 -8"><span class='ocrx_word' id='word_1_446' title='bbox 872 1577 994 1615; x_wconf 85' lang='lat' dir='ltr'>vimus,</span> <span class='ocrx_word' id='word_1_447' title='bbox 1009 1575 1318 1607; x_wconf 59' lang='lat' dir='ltr'>consternabatur)</span> <span class='ocrx_word' id='word_1_448' title='bbox 1348 1576 1404 1607; x_wconf 85' lang='lat' dir='ltr'>Sic</span> <span class='ocrx_word' id='word_1_449' title='bbox 1419 1581 1454 1606; x_wconf 89' lang='lat' dir='ltr'>et</span> <span class='ocrx_word' id='word_1_450' title='bbox 1469 1585 1507 1607; x_wconf 90' lang='lat'>11.</span> <span class='ocrx_word' id='word_1_451' title='bbox 1525 1578 1578 1606; x_wconf 85' lang='lat'>30.</span> 
     </span>
     <span class='ocr_line' id='line_1_80' title="bbox 873 1626 1579 1667; baseline -0.003 -9"><span class='ocrx_word' id='word_1_452' title='bbox 873 1627 997 1666; x_wconf 79' lang='lat' dir='ltr'>Injuria</span> <span class='ocrx_word' id='word_1_453' title='bbox 1011 1627 1179 1658; x_wconf 74' lang='lat' dir='ltr'>sacerdotis</span> <span class='ocrx_word' id='word_1_454' title='bbox 1200 1632 1252 1658; x_wconf 87' lang='lat' dir='ltr'>est</span> <span class='ocrx_word' id='word_1_455' title='bbox 1267 1627 1389 1667; x_wconf 88' lang='lat' dir='ltr'>injuria</span> <span class='ocrx_word' id='word_1_456' title='bbox 1407 1626 1579 1657; x_wconf 88' lang='lat' dir='ltr'>sacerdoti</span> 
     </span>
     <span class='ocr_line' id='line_1_81' title="bbox 871 1677 1577 1718; baseline 0 -10"><span class='ocrx_word' id='word_1_457' title='bbox 871 1678 978 1708; x_wconf 88' lang='lat' dir='ltr'>illata.</span> <span class='ocrx_word' id='word_1_458' title='bbox 1023 1678 1131 1708; x_wconf 86' lang='lat' dir='ltr'>Simili</span> <span class='ocrx_word' id='word_1_459' title='bbox 1157 1678 1257 1709; x_wconf 88' lang='lat' dir='ltr'>modo</span> <span class='ocrx_word' id='word_1_460' title='bbox 1283 1677 1373 1718; x_wconf 89' lang='lat' dir='ltr'>apud</span> <span class='ocrx_word' id='word_1_461' title='bbox 1394 1677 1577 1717; x_wconf 80' lang='lat' dir='ltr'>Apuleium</span> 
     </span>
     <span class='ocr_line' id='line_1_82' title="bbox 874 1728 1577 1769; baseline 0 -11"><span class='ocrx_word' id='word_1_462' title='bbox 874 1728 1015 1759; x_wconf 82' lang='lat' dir='ltr'>Metam.</span> <span class='ocrx_word' id='word_1_463' title='bbox 1039 1729 1062 1758; x_wconf 93' lang='lat' dir='ltr'>l.</span> <span class='ocrx_word' id='word_1_464' title='bbox 1086 1737 1110 1759; x_wconf 89' lang='lat'>1.</span> <span class='ocrx_word' id='word_1_465' title='bbox 1134 1738 1167 1768; x_wconf 88' lang='lat' dir='ltr'>p.</span> <span class='ocrx_word' id='word_1_466' title='bbox 1184 1732 1216 1759; x_wconf 89' lang='grc'><strong>9.</strong></span> <span class='ocrx_word' id='word_1_467' title='bbox 1240 1730 1249 1745; x_wconf 77' lang='lat'><em>⁴</em></span> <span class='ocrx_word' id='word_1_468' title='bbox 1267 1728 1410 1769; x_wconf 88' lang='lat' dir='ltr'>Impune</span> <span class='ocrx_word' id='word_1_469' title='bbox 1434 1737 1469 1758; x_wconf 86' lang='lat' dir='ltr'>se</span> <span class='ocrx_word' id='word_1_470' title='bbox 1493 1728 1577 1758; x_wconf 87' lang='lat' dir='ltr'>rela-</span> 
     </span>
    </p>
   </div>
   <div class='ocr_carea' id='block_1_5' title="bbox 871 174 1332 206">
    <p class='ocr_par' dir='ltr' id='par_1_9' title="bbox 871 174 1332 206">
     <span class='ocr_line' id='line_1_83' title="bbox 871 174 1332 206; baseline -0.004 0"><span class='ocrx_word' id='word_1_471' title='bbox 871 175 933 206; x_wconf 76' lang='lat' dir='ltr'>DE</span> <span class='ocrx_word' id='word_1_472' title='bbox 968 174 1125 204; x_wconf 85' lang='lat' dir='ltr'>BELLO</span> <span class='ocrx_word' id='word_1_473' title='bbox 1158 175 1332 204; x_wconf 75' lang='lat' dir='ltr'>elvim.</span> 
     </span>
    </p>
   </div>
   <div class='ocr_carea' id='block_1_6' title="bbox 868 1777 1583 2777">
    <p class='ocr_par' dir='ltr' id='par_1_10' title="bbox 871 1777 1578 2021">
     <span class='ocr_line' id='line_1_84' title="bbox 873 1777 1577 1818; baseline 0 -10"><span class='ocrx_word' id='word_1_474' title='bbox 873 1782 986 1809; x_wconf 89' lang='lat' dir='ltr'>turum</span> <span class='ocrx_word' id='word_1_475' title='bbox 1012 1788 1094 1809; x_wconf 82' lang='lat' dir='ltr'>meas</span> <span class='ocrx_word' id='word_1_476' title='bbox 1119 1778 1318 1810; x_wconf 79' lang='lat' dir='ltr'>contumelias</span> <span class='ocrx_word' id='word_1_477' title='bbox 1346 1777 1468 1818; x_wconf 66' lang='lat' dir='ltr'>putat!</span> <span class='ocrx_word' id='word_1_478' title='bbox 1521 1778 1577 1809; x_wconf 89' lang='lat' dir='ltr'>De</span> 
     </span>
     <span class='ocr_line' id='line_1_85' title="bbox 871 1827 1577 1869; baseline -0.001 -10"><span class='ocrx_word' id='word_1_479' title='bbox 871 1829 1065 1869; x_wconf 89' lang='lat' dir='ltr'>hujusmodi</span> <span class='ocrx_word' id='word_1_480' title='bbox 1098 1829 1234 1860; x_wconf 90' lang='lat' dir='ltr'>vocibus</span> <span class='ocrx_word' id='word_1_481' title='bbox 1272 1828 1457 1868; x_wconf 83' lang='lat' dir='ltr'>reciprocis</span> <span class='ocrx_word' id='word_1_482' title='bbox 1498 1827 1577 1859; x_wconf 64' lang='lat' dir='ltr'>vide</span> 
     </span>
     <span class='ocr_line' id='line_1_86' title="bbox 873 1878 1578 1910; baseline -0.001 -1"><span class='ocrx_word' id='word_1_483' title='bbox 873 1878 916 1910; x_wconf 80' lang='lat' dir='ltr'>A.</span> <span class='ocrx_word' id='word_1_484' title='bbox 941 1878 1092 1910; x_wconf 88' lang='lat' dir='ltr'>Gellium</span> <span class='ocrx_word' id='word_1_485' title='bbox 1121 1879 1225 1910; x_wconf 78' lang='lat' dir='ltr'>Noct.</span> <span class='ocrx_word' id='word_1_486' title='bbox 1252 1878 1360 1909; x_wconf 88' lang='lat' dir='ltr'>Attic.</span> <span class='ocrx_word' id='word_1_487' title='bbox 1388 1880 1511 1909; x_wconf 77' lang='lat' dir='ltr'>1x.1‘.&gt;.</span> <span class='ocrx_word' id='word_1_488' title='bbox 1538 1888 1578 1909; x_wconf 90' lang='lat' dir='ltr'>ac</span> 
     </span>
     <span class='ocr_line' id='line_1_87' title="bbox 872 1928 1578 1960; baseline -0.003 0"><span class='ocrx_word' id='word_1_489' title='bbox 872 1929 950 1960; x_wconf 89' lang='lat' dir='ltr'>intt.</span> <span class='ocrx_word' id='word_1_490' title='bbox 969 1929 1012 1960; x_wconf 91' lang='lat' dir='ltr'>ad</span> <span class='ocrx_word' id='word_1_491' title='bbox 1029 1928 1165 1960; x_wconf 86' lang='lat' dir='ltr'>Phaedri</span> <span class='ocrx_word' id='word_1_492' title='bbox 1181 1928 1263 1959; x_wconf 89' lang='lat' dir='ltr'>Fab.</span> <span class='ocrx_word' id='word_1_493' title='bbox 1282 1937 1321 1959; x_wconf 85' lang='lat'>11.</span> <span class='ocrx_word' id='word_1_494' title='bbox 1334 1930 1364 1959; x_wconf 88' lang='grc'>8.</span> <span class='ocrx_word' id='word_1_495' title='bbox 1389 1928 1500 1959; x_wconf 76' lang='lat' dir='ltr'>Daris.</span> <span class='ocrx_word' id='word_1_496' title='bbox 1533 1929 1578 1959; x_wconf 87' lang='lat' dir='ltr'>Et</span> 
     </span>
     <span class='ocr_line' id='line_1_88' title="bbox 873 1978 1565 2021; baseline -0.001 -11"><span class='ocrx_word' id='word_1_497' title='bbox 873 1980 1006 2021; x_wconf 87' lang='lat' dir='ltr'>passim.</span> <span class='ocrx_word' id='word_1_498' title='bbox 1050 1979 1151 2010; x_wconf 80' lang='lat' dir='ltr'>Adde</span> <span class='ocrx_word' id='word_1_499' title='bbox 1174 1988 1233 2010; x_wconf 86' lang='lat' dir='ltr'>nos</span> <span class='ocrx_word' id='word_1_500' title='bbox 1247 1978 1287 2010; x_wconf 89' lang='lat' dir='ltr'>ad</span> <span class='ocrx_word' id='word_1_501' title='bbox 1306 1980 1346 2010; x_wconf 90' lang='lat' dir='ltr'>B.</span> <span class='ocrx_word' id='word_1_502' title='bbox 1362 1979 1452 2010; x_wconf 86' lang='lat' dir='ltr'>Gall.</span> <span class='ocrx_word' id='word_1_503' title='bbox 1472 1987 1495 2009; x_wconf 88' lang='lat'>1.</span> <span class='ocrx_word' id='word_1_504' title='bbox 1513 1981 1565 2009; x_wconf 81' lang='lat'>30.</span> 
     </span>
    </p>

    <p class='ocr_par' dir='ltr' id='par_1_11' title="bbox 870 2029 1579 2263">
     <span class='ocr_line' id='line_1_89' title="bbox 916 2029 1576 2070; baseline -0.003 -9"><span class='ocrx_word' id='word_1_505' title='bbox 916 2033 954 2061; x_wconf 88' lang='grc'><strong>17</strong></span> <span class='ocrx_word' id='word_1_506' title='bbox 980 2031 1158 2070; x_wconf 79' lang='lat' dir='ltr'>Expellere,</span> <span class='ocrx_word' id='word_1_507' title='bbox 1187 2030 1275 2069; x_wconf 79' lang='lat' dir='ltr'>alios,</span> <span class='ocrx_word' id='word_1_508' title='bbox 1299 2030 1377 2060; x_wconf 84' lang='lat' dir='ltr'>alios</span> <span class='ocrx_word' id='word_1_509' title='bbox 1410 2029 1576 2069; x_wconf 82' lang='lat' dir='ltr'>arcessere]</span> 
     </span>
     <span class='ocr_line' id='line_1_90' title="bbox 873 2080 1578 2120; baseline -0.003 -8"><span class='ocrx_word' id='word_1_510' title='bbox 873 2082 984 2113; x_wconf 89' lang='lat' dir='ltr'>Semel</span> <span class='ocrx_word' id='word_1_511' title='bbox 1006 2081 1085 2112; x_wconf 82' lang='lat' dir='ltr'>alios</span> <span class='ocrx_word' id='word_1_512' title='bbox 1113 2082 1263 2120; x_wconf 78' lang='lat' dir='ltr'>expungi</span> <span class='ocrx_word' id='word_1_513' title='bbox 1285 2080 1448 2118; x_wconf 84' lang='lat' dir='ltr'>malebat,</span> <span class='ocrx_word' id='word_1_514' title='bbox 1464 2085 1578 2111; x_wconf 84' lang='lat' dir='ltr'>aucto·</span> 
     </span>
     <span class='ocr_line' id='line_1_91' title="bbox 870 2130 1579 2168; baseline -0.004 -5"><span class='ocrx_word' id='word_1_515' title='bbox 870 2133 971 2163; x_wconf 82' lang='lat' dir='ltr'>ritate</span> <span class='ocrx_word' id='word_1_516' title='bbox 995 2132 1125 2163; x_wconf 88' lang='lat' dir='ltr'>codicis</span> <span class='ocrx_word' id='word_1_517' title='bbox 1142 2131 1192 2161; x_wconf 89' lang='lat' dir='ltr'>sui</span> <span class='ocrx_word' id='word_1_518' title='bbox 1213 2130 1373 2168; x_wconf 87' lang='lat' dir='ltr'>Ursinus;</span> <span class='ocrx_word' id='word_1_519' title='bbox 1399 2131 1452 2162; x_wconf 93' lang='lat' dir='ltr'>cui</span> <span class='ocrx_word' id='word_1_520' title='bbox 1477 2130 1579 2161; x_wconf 86' lang='lat' dir='ltr'>adsti-</span> 
     </span>
     <span class='ocr_line' id='line_1_92' title="bbox 871 2180 1578 2223; baseline 0 -11"><span class='ocrx_word' id='word_1_521' title='bbox 871 2183 1032 2223; x_wconf 85' lang='lat' dir='ltr'>pulantur</span> <span class='ocrx_word' id='word_1_522' title='bbox 1055 2182 1175 2212; x_wconf 89' lang='lat' dir='ltr'>Petav.</span> <span class='ocrx_word' id='word_1_523' title='bbox 1192 2181 1301 2221; x_wconf 83' lang='lat' dir='ltr'>Bong.</span> <span class='ocrx_word' id='word_1_524' title='bbox 1318 2186 1354 2212; x_wconf 90' lang='lat' dir='ltr'>et</span> <span class='ocrx_word' id='word_1_525' title='bbox 1382 2180 1480 2212; x_wconf 83' lang='lat' dir='ltr'>Leid.</span> <span class='ocrx_word' id='word_1_526' title='bbox 1505 2189 1578 2212; x_wconf 87' lang='lat' dir='ltr'>see.</span> 
     </span>
     <span class='ocr_line' id='line_1_93' title="bbox 872 2230 1370 2263; baseline -0.002 -1"><span class='ocrx_word' id='word_1_527' title='bbox 872 2232 994 2263; x_wconf 88' lang='lat' dir='ltr'>Recte.</span> <span class='ocrx_word' id='word_1_528' title='bbox 1020 2231 1109 2262; x_wconf 85' lang='lat' dir='ltr'>Vide</span> <span class='ocrx_word' id='word_1_529' title='bbox 1123 2230 1163 2261; x_wconf 92' lang='lat' dir='ltr'>ad</span> <span class='ocrx_word' id='word_1_530' title='bbox 1181 2231 1222 2262; x_wconf 89' lang='lat' dir='ltr'>B.</span> <span class='ocrx_word' id='word_1_531' title='bbox 1238 2231 1282 2262; x_wconf 86' lang='lat' dir='ltr'>G.</span> <span class='ocrx_word' id='word_1_532' title='bbox 1300 2239 1324 2260; x_wconf 94' lang='lat'>1.</span> <span class='ocrx_word' id='word_1_533' title='bbox 1340 2233 1370 2261; x_wconf 82' lang='lat' dir='ltr'>S.</span> 
     </span>
    </p>

    <p class='ocr_par' dir='ltr' id='par_1_12' title="bbox 868 2280 1583 2777">
     <span class='ocr_line' id='line_1_94' title="bbox 917 2280 1577 2321; baseline -0.002 -10"><span class='ocrx_word' id='word_1_534' title='bbox 917 2284 956 2312; x_wconf 88' lang='grc'><strong>19</strong></span> <span class='ocrx_word' id='word_1_535' title='bbox 981 2281 1044 2316; x_wconf 77' lang='lat' dir='ltr'>Qui</span> <span class='ocrx_word' id='word_1_536' title='bbox 1068 2281 1163 2312; x_wconf 75' lang='lat' dir='ltr'>iuret.</span> <span class='ocrx_word' id='word_1_537' title='bbox 1188 2282 1296 2321; x_wconf 83' lang='lat' dir='ltr'>compl.</span> <span class='ocrx_word' id='word_1_538' title='bbox 1320 2282 1373 2311; x_wconf 72' lang='lat' dir='ltr'>Al.</span> <span class='ocrx_word' id='word_1_539' title='bbox 1402 2280 1497 2312; x_wconf 79' lang='lat' dir='ltr'>bellis.</span> <span class='ocrx_word' id='word_1_540' title='bbox 1528 2281 1577 2311; x_wconf 80' lang='lat' dir='ltr'>Hi</span> 
     </span>
     <span class='ocr_line' id='line_1_95' title="bbox 877 2332 1578 2372; baseline 0.001 -11"><span class='ocrx_word' id='word_1_541' title='bbox 877 2332 972 2372; x_wconf 58' lang='lat' dir='ltr'>Ptol]</span> <span class='ocrx_word' id='word_1_542' title='bbox 995 2332 1052 2363; x_wconf 88' lang='lat' dir='ltr'>Sic</span> <span class='ocrx_word' id='word_1_543' title='bbox 1077 2333 1218 2372; x_wconf 87' lang='lat' dir='ltr'>primus,</span> <span class='ocrx_word' id='word_1_544' title='bbox 1233 2337 1395 2372; x_wconf 88' lang='lat' dir='ltr'>quantum</span> <span class='ocrx_word' id='word_1_545' title='bbox 1410 2332 1491 2371; x_wconf 90' lang='lat' dir='ltr'>scio,</span> <span class='ocrx_word' id='word_1_546' title='bbox 1508 2332 1578 2363; x_wconf 87' lang='lat' dir='ltr'>edi-</span> 
     </span>
     <span class='ocr_line' id='line_1_96' title="bbox 871 2381 1577 2424; baseline 0.003 -12"><span class='ocrx_word' id='word_1_547' title='bbox 871 2381 923 2413; x_wconf 92' lang='lat' dir='ltr'>dit</span> <span class='ocrx_word' id='word_1_548' title='bbox 948 2382 1104 2424; x_wconf 83' lang='lat' dir='ltr'>Scaliger</span> <span class='ocrx_word' id='word_1_549' title='bbox 1131 2392 1172 2413; x_wconf 77' lang='lat' dir='ltr'>ex</span> <span class='ocrx_word' id='word_1_550' title='bbox 1195 2382 1437 2413; x_wconf 29' lang='lat' dir='ltr'>Ursinirlibro.</span> <span class='ocrx_word' id='word_1_551' title='bbox 1483 2382 1577 2414; x_wconf 86' lang='lat' dir='ltr'>Ante</span> 
     </span>
     <span class='ocr_line' id='line_1_97' title="bbox 871 2432 1576 2474; baseline 0 -10"><span class='ocrx_word' id='word_1_552' title='bbox 871 2443 947 2464; x_wconf 91' lang='lat' dir='ltr'>eum</span> <span class='ocrx_word' id='word_1_553' title='bbox 976 2434 1009 2464; x_wconf 92' lang='lat' dir='ltr'>in</span> <span class='ocrx_word' id='word_1_554' title='bbox 1035 2433 1205 2474; x_wconf 77' lang='lat' dir='ltr'>plerisque</span> <span class='ocrx_word' id='word_1_555' title='bbox 1234 2432 1322 2463; x_wconf 90' lang='lat' dir='ltr'>Edd.</span> <span class='ocrx_word' id='word_1_556' title='bbox 1350 2433 1576 2465; x_wconf 78' lang='lat' dir='ltr'>omittebatur</span> 
     </span>
     <span class='ocr_line' id='line_1_98' title="bbox 871 2483 1574 2523; baseline -0.003 -9"><span class='ocrx_word' id='word_1_557' title='bbox 871 2484 992 2515; x_wconf 84' lang='lat' dir='ltr'>vocula</span> <span class='ocrx_word' id='word_1_558' title='bbox 1020 2484 1064 2514; x_wconf 82' lang='lat' dir='ltr'>lii.</span> <span class='ocrx_word' id='word_1_559' title='bbox 1110 2484 1238 2514; x_wconf 77' lang='lat' dir='ltr'>Verum</span> <span class='ocrx_word' id='word_1_560' title='bbox 1263 2483 1346 2514; x_wconf 86' lang='lat' dir='ltr'>Mss.</span> <span class='ocrx_word' id='word_1_561' title='bbox 1371 2483 1445 2513; x_wconf 87' lang='lat' dir='ltr'>Pal.</span> <span class='ocrx_word' id='word_1_562' title='bbox 1464 2484 1574 2523; x_wconf 81' lang='lat' dir='ltr'>Bong.</span> 
     </span>
     <span class='ocr_line' id='line_1_99' title="bbox 871 2532 1576 2573; baseline -0.001 -9"><span class='ocrx_word' id='word_1_563' title='bbox 871 2533 968 2565; x_wconf 88' lang='lat' dir='ltr'>Leid.</span> <span class='ocrx_word' id='word_1_564' title='bbox 990 2543 1056 2565; x_wconf 89' lang='lat' dir='ltr'>sec.</span> <span class='ocrx_word' id='word_1_565' title='bbox 1081 2534 1191 2565; x_wconf 90' lang='lat' dir='ltr'>Dorv.</span> <span class='ocrx_word' id='word_1_566' title='bbox 1218 2538 1253 2564; x_wconf 91' lang='lat' dir='ltr'>et</span> <span class='ocrx_word' id='word_1_567' title='bbox 1271 2532 1357 2564; x_wconf 88' lang='lat' dir='ltr'>Edd.</span> <span class='ocrx_word' id='word_1_568' title='bbox 1376 2533 1494 2573; x_wconf 89' lang='lat' dir='ltr'>primae</span> <span class='ocrx_word' id='word_1_569' title='bbox 1513 2534 1576 2568; x_wconf 79' lang='lat' dir='ltr'>Qui</span> 
     </span>
     <span class='ocr_line' id='line_1_100' title="bbox 870 2582 1574 2615; baseline -0.001 -1"><span class='ocrx_word' id='word_1_570' title='bbox 870 2584 965 2615; x_wconf 76' lang='lat' dir='ltr'>int-et.</span> <span class='ocrx_word' id='word_1_571' title='bbox 1010 2584 1060 2615; x_wconf 80' lang='lat' dir='ltr'>Hi</span> <span class='ocrx_word' id='word_1_572' title='bbox 1086 2594 1187 2615; x_wconf 82' lang='lat' dir='ltr'>omnes</span> <span class='ocrx_word' id='word_1_573' title='bbox 1198 2594 1223 2615; x_wconf 85' lang='lat' dir='ltr'>c.</span> <span class='ocrx_word' id='word_1_574' title='bbox 1246 2585 1299 2615; x_wconf 73' lang='lat' dir='ltr'>Al.</span> <span class='ocrx_word' id='word_1_575' title='bbox 1326 2583 1355 2614; x_wconf 87' lang='lat' dir='ltr'>b.</span> <span class='ocrx_word' id='word_1_576' title='bbox 1385 2584 1468 2613; x_wconf 79' lang='lat' dir='ltr'>Ptol.</span> <span class='ocrx_word' id='word_1_577' title='bbox 1507 2582 1574 2614; x_wconf 84' lang='lat' dir='ltr'>Sed</span> 
     </span>
     <span class='ocr_line' id='line_1_101' title="bbox 869 2633 1574 2674; baseline -0.001 -8"><span class='ocrx_word' id='word_1_578' title='bbox 869 2634 946 2666; x_wconf 89' lang='lat' dir='ltr'>Pet.</span> <span class='ocrx_word' id='word_1_579' title='bbox 962 2635 1052 2666; x_wconf 90' lang='lat' dir='ltr'>Scal.</span> <span class='ocrx_word' id='word_1_580' title='bbox 1072 2635 1167 2665; x_wconf 90' lang='lat' dir='ltr'>Leid.</span> <span class='ocrx_word' id='word_1_581' title='bbox 1185 2644 1237 2674; x_wconf 87' lang='lat' dir='ltr'>pr.</span> <span class='ocrx_word' id='word_1_582' title='bbox 1254 2634 1351 2665; x_wconf 76' lang='lat' dir='ltr'>Voss.</span> <span class='ocrx_word' id='word_1_583' title='bbox 1370 2634 1466 2664; x_wconf 77' lang='lat' dir='ltr'>carr.</span> <span class='ocrx_word' id='word_1_584' title='bbox 1487 2633 1574 2665; x_wconf 86' lang='lat' dir='ltr'>Edd.</span> 
     </span>
     <span class='ocr_line' id='line_1_102' title="bbox 872 2683 1583 2725; baseline -0.003 -9"><span class='ocrx_word' id='word_1_585' title='bbox 872 2685 1104 2725; x_wconf 56' lang='lat' dir='ltr'>Vastusteph.</span> <span class='ocrx_word' id='word_1_586' title='bbox 1123 2684 1253 2724; x_wconf 86' lang='lat' dir='ltr'>Gryph.</span> <span class='ocrx_word' id='word_1_587' title='bbox 1279 2688 1366 2723; x_wconf 74' lang='lat' dir='ltr'>post.</span> <span class='ocrx_word' id='word_1_588' title='bbox 1391 2683 1458 2713; x_wconf 84' lang='lat' dir='ltr'>Str.</span> <span class='ocrx_word' id='word_1_589' title='bbox 1483 2683 1583 2723; x_wconf 59' lang='lat' dir='ltr'>exhi3</span> 
     </span>
     <span class='ocr_line' id='line_1_103' title="bbox 868 2732 1566 2777; baseline -0.003 -11"><span class='ocrx_word' id='word_1_590' title='bbox 868 2734 952 2766; x_wconf 88' lang='lat' dir='ltr'>bent</span> <span class='ocrx_word' id='word_1_591' title='bbox 963 2735 1104 2777; x_wconf 86' lang='lat' dir='ltr'>optime,</span> <span class='ocrx_word' id='word_1_592' title='bbox 1121 2738 1159 2766; x_wconf 92' lang='lat' dir='ltr'>ut</span> <span class='ocrx_word' id='word_1_593' title='bbox 1175 2732 1321 2772; x_wconf 86' lang='lat' dir='ltr'>restitui,</span> <span class='ocrx_word' id='word_1_594' title='bbox 1333 2732 1419 2763; x_wconf 81' lang='lat' dir='ltr'>milia</span> <span class='ocrx_word' id='word_1_595' title='bbox 1435 2741 1475 2764; x_wconf 90' lang='lat'>11.</span> <span class='ocrx_word' id='word_1_596' title='bbox 1514 2732 1566 2764; x_wconf 83' lang='lat' dir='ltr'>In-</span> 
     </span>
    </p>
   </div>
  </div>
 </body>
</html>
