1850 3109
431 185 854 228 CAr.42.1An.nss
889 188 1275 220 BELLOIHSPAN.

98 296 259 338 Stepli.et
272 294 346 326 aliae
361 293 466 324 semel:
484 299 588 332 qnare
606 288 638 320 id
653 287 797 328 reposui.

100 347 236 388 Apulei.
266 345 410 376 Metam.
438 343 457 372 1.
490 348 556 371 vn.
585 349 618 379 p.
651 341 703 368 3-1.
736 337 797 368 Ed.

100 397 192 429 Prie.
221 393 395 426 ‘Verbum
427 390 564 433 quidem
598 387 797 429 praecedens

101 448 259 480 semelae
277 443 401 484 saepius
419 441 587 472 inmodice
604 439 799 471 clamitari!

99 499 154 530 Sic
182 496 271 528 enim
302 495 385 526 Mss.
403 498 438 524 et
457 492 544 523 Edd.
559 492 653 522 Vett.
672 496 799 530 prester

100 548 232 580 Ber-tin.
245 546 369 578 Glaud.
385 545 440 576 hic
465 544 547 584 legit
562 553 621 574 non
644 543 734 573 semel
749 542 800 572 sed

100 599 231 639 saepius:
255 597 305 628 uti
332 594 422 636 apud
458 594 585 634 Nepot.
619 593 650 622 in
679 593 800 632 Epam.

102 659 132 680 c.
149 652 181 680 7.
195 648 273 678 dein
289 645 446 678 adtulistis
462 647 491 675 et
509 644 530 674 l.
546 642 706 682 rescripsi
723 650 801 672 anc-

100 697 232 730 toribus
246 698 331 728 Mss.
348 700 383 726 et
407 693 494 726 Edd.
512 693 682 734 plerisque
698 703 704 722 :
731 691 801 721 vul-

102 758 144 789 go
160 747 257 778 abest
272 750 322 777 ct:
345 743 540 776 adtulIssetis
566 747 618 774 est
635 743 667 772 iu
682 742 801 772 Petav.

101 798 225 838 Scalig.
243 807 261 827 a
282 807 325 827 m.
345 805 395 837 pr.
408 794 502 826 Leid.
520 804 570 834 pr.
587 793 739 824 attulisset
756 791 804 822 his

101 851 211 882 Dorv.

146 903 187 931 20
223 899 375 937 Legiones
393 898 495 928 desint
523 895 637 936 Populi
671 894 805 925 Romani

104 952 138 982 in
152 951 209 982 hac
223 950 380 990 prm-incia
394 947 514 987 haberi]
554 948 644 987 Lege
672 945 807 983 legiones

105 1003 220 1042 Populi
238 1001 368 1032 Romani
382 999 500 1030 desitne
518 998 549 1029 in
571 998 627 1028 hac
645 996 806 1038 provincia

105 1052 222 1083 haberi.
277 1051 404 1081 Vocem
432 1050 540 1080 desitae
567 1053 712 1089 praestat
742 1047 807 1077 Ms.

107 1103 228 1134 Pet-av.
262 1101 357 1132 Ordo
373 1100 554 1130 verborum
567 1104 618 1129 est
631 1108 650 1128 a
669 1097 809 1128 Norvic.

107 1154 224 1184 Dat-sis.
249 1162 319 1184 cur.
350 1160 416 1181 sec.
478 1149 555 1179 Non
587 1147 810 1178 dubitandum

107 1210 161 1236 est
177 1205 219 1235 de
239 1203 382 1235 veritate
400 1200 555 1232 lectionis
572 1199 692 1236 desim,
709 1207 809 1238 quam

109 1262 145 1286 et
159 1254 273 1286 inveni
287 1253 318 1283 iu
335 1251 564 1292 Scaligerano.
612 1249 685 1279 Nisi
711 1247 808 1279 malis

110 1311 222 1337 tamen
244 1304 352 1335 desitoe
373 1303 447 1333 siut.
493 1301 616 1333 Cicero
637 1299 671 1329 iu
702 1299 810 1329 Bruto

110 1367 138 1388 c.
166 1359 218 1387 32.
243 1356 251 1372 ‘
270 1354 453 1385 Orationes
469 1352 538 1392 legi
564 1354 642 1381 sunt
665 1347 809 1380 desitaess

110 1406 338 1446 Glaudorpius
364 1403 568 1444 conjiciebat
593 1400 752 1438 desierint,
778 1403 814 1429 et

111 1457 221 1489 habere
248 1458 380 1487 Manut.
409 1464 470 1496 pro
493 1453 646 1484 habitare.
692 1451 814 1482 Paullo

111 1511 190 1548 post
206 1507 247 1538 ad
266 1516 381 1537 vocem
397 1509 532 1545 tempore
556 1502 673 1534 deficit
697 1511 814 1535 manus

113 1557 251 1599 antiqua
268 1556 363 1587 Leid.
375 1555 475 1596 primi
493 1554 577 1585 Cod.

155 1610 195 1639 27
225 1608 420 1646 tv'estmmque
443 1603 650 1645 provinciam]
689 1603 817 1633 Deleta

114 1667 211 1697 voce,
237 1657 430 1698 legendum,
452 1665 545 1694 agros
573 1654 820 1694 provinciamque

117 1711 214 1740 vestro
230 1708 366 1747 impulsu
381 1706 596 1746 depopularit;
614 1709 716 1745 prout
729 1703 820 1733 exhi-

115 1758 198 1790 bent
211 1758 293 1789 Mss.
311 1758 431 1788 l’etav.
450 1761 484 1786 vt
503 1755 644 1787 Norvic.
661 1764 698 1785 ac
718 1754 817 1784 editt.

117 1807 278 1840 Beroald.
308 1807 440 1847 Grypll.
473 1812 507 1837 et
538 1806 693 1846 Lngdun.
725 1808 819 1836 1576.

116 1859 230 1891 Ducis.
269 1868 339 1889 cur.
365 1867 433 1889 see.
494 1856 594 1887 Adde
626 1855 820 1894 Leidenses‚

117 1909 266 1942 Dorvill.
290 1909 413 1949 Scalig.
434 1912 470 1939 et
497 1906 585 1938 Edd.
619 1906 717 1936 Rom.
746 1905 820 1936 Me-

118 1959 201 1991 diol.
225 1960 310 1990 Ven.
331 1959 473 1989 Vascos.
498 1957 615 1997 steph.
647 1955 820 1996 aliasque;

119 2018 223 2052 quare
238 2011 370 2040 vestram
385 2007 507 2038 delevi.

163 2058 392 2100 Depopulavit]
431 2058 530 2089 Hane
567 2057 694 2088 nltimae
727 2055 819 2086 vocis

120 2107 265 2140 formam
299 2108 495 2139 barbarismi
529 2107 700 2138 insimulat
721 2106 821 2139 Joau.

120 2159 293 2191 Brantius.
328 2159 502 2189 Immerito
532 2167 622 2189 sune.
660 2157 822 2197 Virgilius

121 2209 248 2249 Georg.
264 2218 288 2240 1.
304 2211 377 2239 135.
397 2212 406 2225 ‘
424 2209 639 2248 populatque
651 2208 824 2247 ingentem

123 2258 222 2290 farris
239 2257 420 2289 acervum?
468 2258 513 2288 Et
538 2257 668 2288 AEneid.
685 2266 734 2287 ιν.
751 2260 825 2288 402.

122 2311 131 2327 ‘
149 2310 201 2341 Ac
227 2310 333 2340 veluti
358 2309 530 2349 ingentem
555 2306 704 2338 formicae
729 2306 826 2336 farris

123 2369 283 2392 acervum
299 2359 382 2390 Cum
397 2358 585 2399 populant)
626 2357 712 2388 Vide
723 2356 826 2387 etiam

124 2409 201 2443 AEn.
216 2418 282 2442 ΧΠ.
305 2412 380 2441 263.
404 2420 443 2441 ac
474 2409 518 2442 G.
536 2410 571 2442 J.
596 2409 756 2439 Vossium
784 2408 826 2439 de

1443 176 1556 218 1679

853 284 953 316 Anal.
973 293 1027 314 ιιι.
1044 286 1076 314 7.
1100 293 1132 323 p.
1150 285 1202 314 30.
1227 283 1337 313 Daris.
1386 283 1556 323 Depopuln.

853 339 904 366 tus
928 333 1028 365 Leid.
1046 342 1115 363 sec.
1133 337 1168 362 et
1198 331 1283 362 Edd.
1303 332 1399 362 Vusv.
1423 333 1555 372 Grypli.

854 390 941 426 post.
954 383 1073 425 steph.
1087 382 1220 414 Stradae
1239 383 1337 412 male.
1365 382 1468 412 Plura
1481 383 1557 413 vide

854 436 896 467 ad
912 437 951 466 B.
967 434 1056 466 Gau.
1077 435 1200 465 νιιᾶῒ.
1213 432 1221 448 ‘
1239 432 1460 472 Depopulata
1476 432 1560 463 Gal-

855 494 924 525 lia.’

898 548 939 575 28
965 545 1002 574 In
1031 542 1117 583 quos]
1162 542 1218 573 Ita
1248 542 1376 582 primns
1406 541 1560 573 exhibuit

856 594 998 634 Scalig.;
1023 604 1097 623 cum
1114 594 1147 622 in
1164 593 1245 622 Mss.
1274 596 1309 622 et
1333 591 1419 622 End.
1446 592 1562 631 priori-

857 647 918 677 bus
935 646 977 676 sit
990 645 1028 675 In
1045 655 1119 684 quo.-
1144 644 1174 673 ni
1209 642 1308 673 fallor
1332 642 1477 674 rectius:
1502 642 1562 674 sed

857 702 891 727 et
909 706 968 736 pro
985 694 1213 726 existimabatis
1229 693 1260 724 in
1278 694 1398 725 Petav.
1432 694 1560 733 Scalig.

858 747 954 778 Leid.
987 756 1038 787 pr.
1077 745 1237 775 scribitur
1277 744 1444 775 extabatis.
1475 744 1563 776 Edd.

859 799 954 830 Rom.
971 795 1114 828 Mediol.
1128 796 1214 826 Ven.
1227 794 1423 825 excitabatis.

901 851 943 880 29
968 848 1040 878 Nou
1067 846 1204 877 animum
1241 844 1463 884 advertebam-5]
1508 845 1565 875 Sic

859 909 901 931 ex
930 899 995 930 Ms.
1026 897 1166 929 Norvic.
1199 896 1346 935 restitui,
1373 906 1449 927 cum
1480 896 1566 927 editi

859 950 969 981 minus
980 949 1152 987 eleganter
1166 946 1567 978 exhiberentnnimmlver-

860 1000 984 1031 tebatis.
1010 999 1120 1030 Daris.
1165 998 1221 1029 Sic
1247 997 1350 1028 etiam
1374 998 1496 1029 Petav.
1521 997 1565 1030 V.

864 1050 907 1081 ad
924 1051 964 1081 B.
983 1050 1026 1081 G.
1045 1059 1068 1080 ι.
1087 1051 1139 1079 34.

905 1100 1070 1140 Legiones]
1100 1099 1184 1129 Mss.
1213 1100 1326 1130 Ciacc.
1355 1100 1441 1139 Reg.
1466 1099 1566 1130 Voss.

864 1151 961 1182 Leid.
979 1160 1046 1181 sec.
1073 1151 1180 1180 Dorv.
1206 1148 1407 1180 EddNasc.
1436 1148 1568 1190 Grypli.

869 1205 960 1241 post.
973 1200 1104 1231 Stradae
1122 1200 1216 1229 lectas
1231 1199 1349 1238 quidem
1368 1199 1513 1238 legiones.

893 1250 952 1267 ”³³
962 1251 1084 1280 Desunt
1096 1247 1229 1288 reliqua]
1246 1248 1287 1278 In
1302 1248 1396 1278 Leid.
1407 1258 1475 1279 sec.
1491 1249 1572 1279 scri-

865 1301 958 1332 bitur
974 1299 1116 1340 :lmplius
1129 1308 1186 1328 non
1202 1299 1366 1338 reperitur.
1391 1298 1430 1329 In
1450 1298 1571 1339 Cujac.

866 1357 901 1382 et
918 1352 1038 1382 Petav.
1057 1351 1169 1380 Cetera
1185 1349 1408 1381 desiderantur.
1433 1349 1574 1381 Addunt

868 1401 968 1433 Leid.
987 1411 1036 1442 pr.
1055 1400 1143 1431 Edd.
1162 1401 1259 1431 Rom.
1274 1405 1310 1431 et
1334 1400 1474 1431 Mediol.
1490 1404 1575 1432 totus

868 1457 900 1486 iu
916 1455 986 1485 orbe
1003 1459 1159 1485 terrarum
1177 1454 1306 1485 mundns
1321 1454 1453 1484 exultat.
1491 1452 1575 1483 Sub-

870 1505 920 1536 dit
937 1509 1016 1545 post
1032 1505 1105 1535 haec
1123 1504 1242 1535 Celsus
1262 1504 1366 1533 Multa
1380 1503 1468 1541 hujus
1483 1503 1577 1533 histo-

870 1556 927 1586 re'ae
942 1556 975 1586 in
991 1557 1053 1586 loco
1064 1555 1248 1595 scriptorum
1264 1554 1339 1584 titio
1353 1552 1482 1590 confusa
1494 1563 1576 1592 bra>-

874 1610 956 1637 cereo
971 1605 1114 1646 adfinem
1126 1613 1306 1645 properans,
1347 1603 1413 1634 Hic
1429 1614 1501 1643 ergo
1517 1603 1578 1634 bel·

874 1657 972 1687 lorum
995 1655 1132 1686 cirilium
1161 1655 1194 1685 in
1224 1654 1382 1693 Hispania
1401 1654 1483 1695 finis
1503 1657 1577 1686 esto.

875 1706 976 1737 Unde
990 1711 1085 1736 recle
1108 1709 1228 1736 censet
1241 1704 1416 1743 Heinsius,
1432 1704 1576 1744 liquere,

868 1757 941 1797 jam
966 1757 1044 1787 olim
1072 1757 1159 1787 hunc
1187 1755 1310 1785 librum
1331 1753 1415 1785 adeo
1440 1764 1579 1795 corrup-

875 1813 945 1838 tum
969 1806 1085 1846 fuisse,
1102 1811 1139 1837 ut
1152 1805 1322 1836 medicina
1345 1814 1387 1834 ex
1414 1805 1479 1835 Ms.
1504 1814 1579 1845 spe-

875 1858 943 1888 rari
960 1858 1017 1888 rix
1035 1857 1173 1888 debeat.
1220 1856 1380 1887 Ceterum
1396 1855 1485 1885 Belli
1502 1855 1581 1886 His-

875 1908 1046 1948 paniensis
1076 1906 1317 1947 fragmentum,
1342 1906 1429 1947 quod
1459 1907 1491 1936 in
1515 1906 1581 1937 Cn-

870 1957 941 1998 jac.
967 1963 1001 1989 et
1025 1958 1146 1988 Petav.
1185 1956 1292 1988 Codd.
1320 1956 1583 1995 exstat,edidit-

878 2018 940 2049 que
954 2008 1242 2049 Jungermaunus,
1257 2007 1418 2047 cujusque
1428 2006 1583 2038 meminit

875 2057 1019 2089 casaub.
1044 2057 1087 2088 ad
1114 2058 1252 2088 Sueton.
1277 2058 1348 2089 Jul.
1365 2066 1396 2087 c.
1413 2060 1466 2088 56.
1494 2055 1581 2087 frus-

877 2116 947 2140 tum
965 2118 1038 2140 esse
1052 2109 1139 2140 scias
1157 2109 1254 2145 Julii,
1277 2107 1426 2148 quisquis
1439 2108 1494 2137 ille
1510 2106 1583 2138 fue-

876 2159 934 2198 rit,
952 2159 1056 2198 Celsi,
1066 2164 1103 2189 nt
1127 2164 1223 2198 patet
1247 2168 1287 2188 ex
1303 2158 1367 2188 Ed.
1391 2157 1519 2189 Graevii
1547 2167 1581 2197 p.

879 2212 952 2240 135.
978 2215 1014 2241 et
1041 2219 1135 2251 seqq.
1179 2210 1286 2240 Immo
1311 2208 1369 2239 din
1401 2213 1583 2248 antequam

882 2261 1020 2291 Celsum
1046 2261 1204 2292 Graevius
1229 2260 1343 2290 recudi
1368 2262 1532 2298 curasset,
1549 2257 1584 2289 id

874 2309 945 2349 jam
962 2309 1092 2340 monuit
1116 2310 1132 2338 ὅ
1158 2308 1237 2339 πάνυ
1261 2308 1399 2338 Vossius
1430 2308 1464 2338 in
1491 2306 1583 2339 Hist.

882 2360 957 2390 Lat.
980 2369 1005 2391 1.
1030 2362 1081 2391 13.
1104 2369 1209 2401 quare
1224 2358 1309 2389 illud
1324 2358 1430 2390 omisi.

511 2608 637 2640 FINIS
662 2607 906 2640 NOTARUM
929 2608 1079 2640 VARIO
1086 2608 1201 2640 RUM.
