1850 3109
260 136 373 178 1760
687 146 724 177 J.
755 143 893 175 CELSI
926 142 1277 174 commuumr

259 245 458 285 obstabat:
489 246 540 284 sic
562 245 789 296 implicitum
810 246 940 283 hostes
960 252 1153 294 premunt:
1185 243 1344 281 aemulus
1363 241 1538 292 adjuvat,
1553 240 1702 292 fertque

259 309 315 346 illi
335 323 445 360 quem
467 310 593 347 odisse
615 316 861 347 consueverat
881 309 1084 345 auxilium:
1115 309 1151 345 in
1171 309 1285 352 hunc,
1307 306 1432 356 primo
1450 306 1601 351 omisso,
1623 311 1705 343 tota

259 373 362 411 acies
381 375 472 411 ruit:
506 376 585 423 ipse
608 374 737 410 stricto
759 371 884 421 gladio
906 383 1019 420 seque
1039 377 1077 407 et
1097 371 1202 407 illum
1223 378 1418 420 potegens,
1445 376 1525 407 uuo'
1540 370 1706 406 hostium

259 436 403 481 occiso,
424 449 626 486 parumper
653 435 744 472 alios
764 434 1031 471 submoverat:
1063 434 1129 470 sed
1165 433 1256 470 dum
1287 434 1481 471 ardentius
1503 433 1703 477 invehitur,

259 501 384 538 eloco
404 500 534 536 altiore
555 498 713 535 excidit:
747 497 809 534 cui
838 496 1040 534 confestim
1074 497 1185 533 Pullo
1218 497 1339 541 affuit,
1375 504 1411 534 et
1445 498 1614 535 similiter
1634 498 1706 535 cir-

260 569 506 601 cumventum
527 576 546 598 e
575 561 748 598 manibus
782 560 946 597 hostium
976 559 1180 610 expeditus
1213 567 1250 597 et
1285 560 1431 597 nudato
1457 561 1540 610 jam
1575 559 1706 610 gladio

259 626 486 664 metuendus
505 625 662 675 eripuit:
694 625 749 661 sic
783 624 886 661 inaesi
906 624 1019 661 ambo
1052 624 1099 661 ad
1135 637 1224 661 suos
1247 624 1374 661 multis
1396 624 1562 661 hostium
1582 623 1708 668 caesis,

258 695 297 726 et
316 688 446 726 adhuc
467 688 647 738 ambigua
676 688 741 725 lite
775 687 921 728 virtutis
952 700 1119 724 evasere.
1175 688 1364 725 Caeterum
1400 694 1547 737 quanto
1583 686 1707 724 indies

259 751 391 790 durior
409 752 574 797 obsidio,
596 758 633 789 et
667 752 884 788 vulneribus
917 751 1091 788 interiore
1123 751 1256 788 militia
1283 750 1436 796 afflicta,
1460 750 1709 789 decrescebat

259 829 440 854 numerus
477 815 738 859 defensorum,
779 820 893 864 atque
932 813 1098 851 hostium
1143 814 1372 863 augebatur:
1420 822 1527 852 tanto
1568 815 1707 853 Cicero

258 881 441 918 attentius
463 879 672 928 cogitabat,
695 878 742 915 de
762 885 864 916 statu
885 891 1006 915 rerum
1029 877 1182 914 nuutios
1211 878 1258 914 ad
1282 878 1470 915 Caesurem
1500 878 1707 922 destinare,

259 956 424 993 quorum
445 943 560 991 aliqui
584 943 619 978 in
643 942 807 979 hostium
828 955 962 980 manus
983 941 1090 991 lapsi,
1108 947 1146 978 et
1166 941 1235 978 sub
1257 941 1376 978 oculis
1398 954 1550 978 suorum
1573 940 1710 979 crude-

257 1006 358 1043 libus
380 1005 659 1055 ³⁷supplicibus
678 1005 879 1050 interfecti,
909 1004 1075 1054 reliquos
1096 1004 1230 1041 merito
1251 1010 1391 1042 terrore
1411 1005 1709 1054 compleverant.

258 1070 441 1106 Inventus
461 1076 517 1106 est
538 1068 693 1106 tandem
716 1082 846 1106 servus
867 1082 964 1106 unus
984 1082 1004 1106 e
1034 1068 1176 1112 Gallia,
1209 1068 1275 1117 qui
1310 1068 1487 1106 libertate
1506 1075 1544 1105 et
1564 1068 1708 1119 magnis

258 1133 427 1184 praemiis
461 1133 668 1183 promissis,
700 1133 827 1170 literas
856 1132 992 1181 jaculo
1024 1131 1196 1176 insertas,
1232 1131 1368 1168 Gallus
1401 1145 1477 1168 non
1511 1138 1709 1181 suspectus

260 1197 394 1244 Gallis,
414 1197 462 1234 ad
485 1198 675 1234 Caesarem
696 1196 845 1233 detulit.
903 1196 980 1239 Qui
1003 1201 1044 1232 ut
1070 1202 1177 1232 erant
1197 1195 1310 1232 rebus
1332 1195 1512 1245 coguitis,
1542 1196 1709 1245 legiones

260 1260 332 1297 sibi
349 1273 480 1298 omnes
498 1260 758 1310 expectandus
779 1272 854 1296 non
875 1259 1102 1303 existimans,
1124 1272 1170 1295 ne
1193 1272 1296 1295 mora
1316 1259 1527 1308 periculum
1548 1259 1711 1296 allatura

259 1330 374 1368 esset,
396 1325 563 1360 evocatis
583 1324 777 1373 proximis,
800 1322 916 1360 satius
938 1321 1068 1358 3³³di1x'it
1087 1321 1165 1358 cito
1194 1335 1281 1358 cum
1303 1322 1447 1371 pauciS,
1470 1335 1583 1371 quam
1603 1321 1710 1360 tarde

261 1401 349 1425 cuni
383 1387 514 1424 multis
552 1386 758 1436 proticisci.
839 1386 1112 1424 Convenerunt
1150 1385 1215 1435 qui
1253 1386 1381 1423 vocati
1418 1392 1524 1423 erant
1562 1399 1707 1423 omnes.

262 1451 429 1488 Labieno
449 1450 668 1499 scripserat,
692 1457 733 1487 ut
752 1450 780 1487 si
801 1449 1022 1499 reipublicae
1043 1449 1248 1486 commodo
1270 1456 1401 1500 posset
1422 1449 1468 1486 ad
1493 1463 1530 1486 se
1550 1450 1708 1487 veniret.

260 1515 331 1552 Ille
349 1514 552 1564 rescripsit,
571 1514 728 1563 legionis
750 1521 788 1550 et
809 1514 1019 1563 legatorum
1042 1512 1149 1550 ca‘de
1171 1512 1340 1549 sublatos
1361 1513 1507 1549 animos
1527 1512 1707 1555 hostium,

259 1584 298 1616 et
328 1591 479 1615 omnem
512 1583 744 1627 potestatem
765 1577 1012 1614 Trevirorum
1043 1577 1089 1612 ad
1124 1576 1193 1613 tria
1218 1576 1319 1613 milia
1338 1589 1517 1625 passuum
1540 1577 1575 1613 in
1595 1576 1709 1614 armis

260 1655 358 1680 esse:
391 1642 420 1678 si
440 1642 613 1679 discedat
636 1642 709 1679 hoc
731 1641 768 1677 iu
790 1646 904 1684 statu,
927 1653 1004 1676 non
1033 1639 1325 1689 profectionem,
1345 1640 1408 1676 sed
1431 1640 1557 1690 fugam
1580 1639 1709 1690 potius

236 1705 381 1745 ,visum
403 1706 466 1750 iri;
499 1718 567 1742 nec
600 1711 784 1754 praeterea
817 1716 928 1740 suum
959 1703 1030 1740 iter
1063 1715 1198 1740 vacare
1222 1702 1407 1753 periculo,
1444 1703 1530 1753 [98]
1577 1704 1710 1742 Caesar

260 1769 437 1818 quamvis
469 1768 518 1805 ad
549 1781 693 1818 paucos
727 1767 916 1811 reductus,
951 1761 1064 1816 legati
1098 1767 1213 1804 ³⁹tum
1234 1767 1436 1804 consilium
1457 1767 1706 1817 approbavit:

259 1832 432 1882 dumque
451 1832 501 1869 ad
523 1832 648 1869 hostes
671 1837 862 1881 properat,
894 1832 929 1868 in
950 1831 1082 1869 itinere
1101 1831 1260 1876 audivit,
1297 1837 1441 1880 quanto
1473 1831 1574 1880 apud
1597 1830 1710 1869 Cice-

259 1909 389 1933 ronem
423 1896 460 1931 in
499 1895 714 1932 discrimine
752 1908 809 1932 res
850 1903 985 1933 essent.
1043 1895 1148 1932 Illius
1185 1908 1276 1945 ergo
1312 1894 1514 1939 sollicitus,
1550 1894 1708 1932 Gallum

259 1959 427 2008 equitem
467 1958 659 2007 quendam
700 1958 893 2007 promissis
931 1958 1147 2007 ingentibus
1180 1958 1341 2007 impellit
1377 1957 1498 1994 ⁴⁰lites
1533 1971 1619 1994 suas
1657 1957 1704 1994 ad

238 2058 241 2059 γ
260 2022 486 2059 Ciceronem
509 2022 618 2066 ferat,
639 2028 675 2057 et
697 2022 726 2057 si
757 2028 883 2057 castra
904 2021 1048 2070 ingredi
1070 2028 1234 2069 nequeat
1254 2020 1427 2069 alligatas
1455 2021 1589 2069 jaculo
1609 2020 1708 2058 intra

259 2085 401 2123 vallum
415 2085 555 2134 jaciat:
586 2090 690 2134 paret
725 2084 807 2128 ille;
837 2090 875 2120 et
896 2083 944 2119 ad
976 2091 1100 2120 castra
1122 2097 1208 2119 cum
1229 2083 1402 2127 venisset,
1426 2083 1612 2121 accedere
1630 2097 1708 2122 me-

260 2156 383 2194 tuens,
418 2154 458 2186 ut
487 2151 620 2197 jussus
653 2154 733 2184 erat
766 2147 907 2184 litteras
938 2146 1145 2195 jaculatur.
1202 2147 1282 2183 111ae
1316 2160 1409 2183 casu
1444 2146 1635 2196 quandam
1669 2147 1708 2183 in

259 2212 393 2250 turrim
413 2212 652 2256 inci‹leruut;
683 2224 806 2261 neque
827 2224 848 2247 a
869 2223 1062 2259 quoquam
1083 2216 1169 2246 ante
1189 2210 1287 2246 diem
1310 2211 1461 2247 tertium
1483 2210 1571 2247 visae
1592 2217 1703 2255 sunt;

259 2282 352 2314 tunc
382 2282 602 2325 couspcctae
635 2288 656 2311 a
685 2274 854 2324 quodam
888 2273 1005 2311 milite
1036 2273 1301 2318 detrahuntur,
1336 2280 1373 2310 et
1404 2273 1451 2309 ad
1487 2273 1613 2320 ipsum
1643 2273 1706 2311 cui

258 2339 454 2388 inscripta:
499 2346 605 2376 erant
642 2338 867 2376 Ciceronem
907 2338 1077 2387 perlatae,
1116 2344 1231 2386 atque
1270 2337 1306 2372 in
1345 2336 1509 2372 concilio
1545 2336 1705 2374 militum

258 2401 429 2439 recitatae
450 2415 587 2451 magua
615 2415 746 2439 omnes
777 2401 920 2438 fiducia
951 2407 988 2437 et
1015 2400 1156 2450 gaudio
1189 2400 1398 2449 replevere.
1457 2401 1546 2438 Erat
1579 2406 1706 2438 autem

236 2465 457 2515 -perbrevis
490 2466 667 2514 epistola,
704 2478 749 2502 ue
782 2478 804 2501 a
835 2464 1005 2501 barbaris
1033 2472 1162 2514 posset
1195 2463 1369 2513 intelligi,
1397 2463 1539 2512 scripta
1571 2464 1704 2501 litteris

261 2528 410 2567 Graecis
432 2528 503 2565 hac
534 2528 736 2566 sententia.
795 2535 805 2552 ‘
821 2529 904 2578 Ego
936 2529 1019 2577 jam
1058 2541 1146 2564 cum
1186 2527 1400 2575 legionibus
1439 2527 1510 2564 iter
1545 2527 1703 2578 arripui:

302 2675 343 2704 37
368 2674 471 2715 Lege,
486 2673 740 2715 suppliciis.—3s
764 2675 868 2716 Lege,
885 2674 1074 2706 duria—30
1096 2674 1201 2714 Lege,
1217 2674 1414 2704 tamon—40
1437 2672 1551 2713 Forte,
1565 2671 1682 2702 literas.
