1850 3109
530 162 591 191 nu
627 161 737 190 vrrA
773 160 904 190 sumi
941 160 1171 191 crumnis.
1460 152 1572 194 1719

124 265 162 298 ct
182 258 358 310 praesidio
379 256 498 307 ponti,
520 256 586 305 qui
609 255 772 292 fluminis
791 255 892 305 ripas
914 256 1176 305 conjungebat
1197 258 1390 307 imposito,
1410 267 1447 297 et
1470 267 1577 299 trans

123 331 280 374 pontem
301 320 451 358 Titurio
471 319 614 357 Sabino
642 319 768 368 legato
797 332 886 356 cum
915 331 980 356 sex
1012 319 1236 357 cohortibus
1268 320 1317 357 ad
1353 322 1571 361 custodiam

121 388 251 431 misso,
279 398 377 421 nova
405 383 564 422 Caesaris
599 383 767 420 animum
801 382 887 419 serit
921 394 1026 420 cura.
1083 382 1230 433 Nempe
1265 381 1461 421 ⁵⁴Bracem
1491 386 1576 435 opi·

121 450 215 488 dum
236 449 466 486 Rliemorurn
488 461 561 484 non
584 447 653 484 nisi
673 455 762 484 octo
793 447 945 484 milibus
978 460 1161 496 passuum
1183 453 1370 484 semotum
1394 461 1414 484 a
1437 448 1577 486 Roma-

119 513 176 552 nis
194 513 342 557 (nstris,
371 512 505 561 Belgas
525 512 638 549 tantis
661 512 802 549 viribus
822 525 1046 562 oppugnare
1068 511 1282 548 nuntiatum
1303 519 1357 549 est
1377 527 1385 555 ;
1424 518 1463 548 ut
1496 525 1576 562 prae

120 576 362 615 multitudine
384 575 528 625 lapides
549 589 594 613 ac
616 576 689 613 tela
705 576 936 624 jactantium
966 588 1037 612 nec
1065 575 1217 612 defendi
1243 575 1402 625 opidum
1434 589 1504 614 nec
1537 577 1576 613 in

120 639 238 678 muris
271 639 428 676 consisti
464 639 596 688 possit.
656 639 832 688 Denique
862 638 946 686 jani
984 651 1131 675 murum
1165 639 1291 683 dirui;
1328 640 1410 689 jain
1446 646 1574 690 portas

119 703 287 746 incendi,
319 717 387 740 nec
423 704 585 740 dubium
618 703 708 752 quin
741 704 822 751 jam
857 701 1006 738 dudum
1037 703 1277 752 oppugnatio
1312 710 1578 741 consummata

117 774 229 812 esset,
266 768 334 804 nisi
374 767 591 816 55direptrix
632 767 849 816 proeliorum
885 780 959 802 nox
995 767 1259 804 intervenisset
1296 780 1365 803 nec
1400 766 1576 804 sustineri

118 844 228 881 posse
248 831 412 880 amplius
434 831 501 867 nisi
531 831 730 868 confestim
761 831 1026 868 laborantibus
1057 838 1315 868 succurratur.
1374 831 1466 868 lime
1487 843 1575 867 curn

120 895 247 933 Iccius
270 895 502 932 Rliemorum
526 895 797 940 nobilissimus,
830 902 867 932 et
889 895 1034 945 populo
1054 895 1355 945 acceptissimus,
1379 894 1462 944 [4⁴5]
1481 907 1577 932 unns

119 972 166 995 ex
191 959 250 996 liis
270 959 423 996 duobus
445 959 509 1008 qui
531 958 578 995 nd
602 960 793 996 Caesarem
816 959 926 1008 legati
958 972 1045 996 cum
1077 956 1356 996 ⁵⁶dedicatione
1379 958 1481 995 urbis
1511 957 1578 995 ad-

122 1029 317 1067 venerant,
339 1029 418 1059 tum
441 1036 529 1060 vero
555 1023 661 1072 opidi
682 1023 887 1072 praesectus
908 1030 1021 1061 nocte
1042 1023 1316 1065 denuntiasset,
1338 1022 1467 1058 statim
1488 1022 1578 1071 quia

121 1100 262 1124 moram
286 1087 494 1123 necessitas
517 1087 649 1123 ultima
672 1100 747 1123 non
770 1087 930 1132 ferebat,
951 1099 1017 1136 per
1046 1085 1190 1123 medias
1218 1084 1402 1129 tenebras,
1435 1085 1491 1122 his
1509 1085 1579 1122 eis-

119 1149 222 1195 dem,
245 1150 309 1200 qui
329 1164 349 1186 a
372 1150 478 1187 lccio
500 1150 600 1187 missi
620 1157 742 1195 erant,
764 1150 944 1194 ducibus,
977 1149 1165 1185 Numidas
1186 1149 1317 1187 Caesar
1348 1156 1384 1185 et
1417 1148 1579 1186 Creten-

121 1226 181 1251 ses
209 1214 432 1264 sagittarios,
461 1220 499 1251 et
528 1214 749 1252 fundatores
779 1213 997 1252 Belearicos
1025 1214 1125 1249 intra
1155 1211 1315 1262 opidum
1347 1211 1576 1256 destinavit;

122 1291 286 1329 quorum
307 1278 496 1315 adventus
526 1278 700 1328 opidanis
731 1292 837 1330 spem
861 1277 1095 1315 defensionis
1117 1275 1257 1321 attulit,
1288 1274 1413 1325 Belgis
1433 1287 1579 1326 expug-

121 1342 283 1379 nationis
303 1341 476 1379 abstulit.
533 1343 650 1380 Mane
680 1342 795 1392 igitur
825 1342 924 1392 agris
955 1341 1058 1378 circa
1089 1339 1249 1389 opidum
1275 1338 1433 1376 vastatis
1463 1346 1579 1389 atque

120 1405 285 1443 incensis
307 1404 477 1442 aedificiis
499 1406 790 1456 oppugnatione
811 1406 949 1442 omissa
971 1405 1006 1442 in
1029 1405 1219 1442 Caesaretn
1250 1409 1330 1441 tota
1363 1403 1452 1440 belli
1481 1404 1579 1440 mole

124 1471 330 1508 '³⁷utuntur.
386 1471 549 1520 Jamque
578 1471 626 1509 ad
659 1470 737 1508 duo
770 1471 869 1508 milia
904 1483 1087 1520 passuum
1112 1469 1228 1518 juxta
1258 1474 1378 1512 erant,
1414 1480 1580 1517 quorum

121 1540 245 1570 castra
266 1535 352 1583 plns
374 1547 490 1584 quarn
519 1542 609 1573 octo
638 1536 743 1573 milia
772 1536 1034 1585 occupabant,
1065 1539 1252 1583 quantum
1279 1545 1299 1569 e
1330 1530 1492 1568 flammis
1524 1530 1580 1569 su·

121 1609 262 1647 moque
283 1597 492 1647 intelligere
513 1606 606 1637 erat.
665 1600 799 1649 ltaque
819 1600 950 1636 Caesai·
969 1604 1006 1635 et
1027 1609 1187 1634 numero
1217 1602 1342 1632 motus
1370 1601 1411 1633 ut
1439 1594 1516 1632 dixi
1543 1601 1581 1632 et

121 1659 224 1697 fama
245 1660 393 1698 virtutis
415 1661 527 1698 simul
550 1675 593 1698 ac
616 1663 913 1711 ⁵²³magnanimus
944 1667 981 1698 et
1009 1661 1160 1698 differre
1193 1660 1370 1710 proelium
1391 1658 1578 1703 decrevit,

119 1730 159 1761 et
179 1724 343 1761 assiduis
365 1726 634 1775 congressibus
655 1725 747 1775 quid
770 1725 948 1762 hostibus
970 1724 1119 1769 virium,
1151 1722 1245 1773 quid
1267 1722 1344 1759 suis
1365 1722 1580 1759 animorum

119 1794 218 1825 esset
237 1788 415 1838 experiri.
472 1789 682 1838 Postquam
703 1788 858 1826 abunde
877 1801 959 1826 esse
981 1787 1179 1838 perpendit
1197 1799 1205 1823 :
1235 1785 1366 1824 statuit
1387 1785 1579 1822 fortunam

121 1852 246 1901 proelii
284 1859 445 1891 tentare.
509 1853 626 1890 Fossa
665 1860 789 1890 tamen
830 1852 1111 1896 circumducta,
1151 1864 1197 1888 ne
1235 1849 1333 1887 forte
1369 1862 1425 1895 ea,
1463 1861 1579 1898 quam

121 1915 240 1953 solam
268 1916 486 1961 verebatur,
517 1915 763 1954 multitudine
796 1916 949 1953 circuiri
983 1915 1133 1965 quiret;
1169 1927 1240 1951 nec
1274 1913 1345 1951 nisi
1379 1913 1415 1950 in
1443 1912 1580 1950 faciem

118 1986 369 2029 pugnaretur,
401 1987 439 2017 et
470 1979 565 2017 duas
603 1979 757 2030 quidem
798 1979 966 2029 legiones
1005 1978 1224 2028 nuperrime
1259 1977 1426 2027 scriptas
1461 1983 1502 2014 ut
1535 1976 1581 2013 de

115 2043 262 2094 quibus
283 2043 456 2081 nondum
476 2044 643 2094 expertis
673 2045 712 2081 in
742 2045 823 2082 acie
858 2043 953 2081 forte
985 2056 1062 2080 non
1094 2042 1254 2086 fideret;
1290 2041 1339 2079 ad
1370 2047 1581 2078 castrorum

121 2106 249 2155 posuit
268 2106 423 2144 tutelam
441 2122 450 2152 3
485 2114 526 2144 ut
547 2113 675 2145 tamen
697 2108 726 2145 si
748 2121 804 2145 res
834 2115 1023 2158 posceret,
1052 2106 1210 2144 auxilio
1224 2105 1426 2156 egentibus
1447 2104 1582 2141 subve-

119 2169 267 2206 nirent:
295 2170 376 2219 ipse
398 2183 485 2207 cum
507 2171 660 2220 reliquis
682 2171 804 2221 copiis
830 2177 918 2208 ante
946 2177 1073 2208 castra
1100 2170 1220 2207 aciem
1251 2168 1415 2206 instruit.
1473 2167 1581 2205 Idem

119 2233 250 2270 hostes
269 2233 320 2270 ab
340 2233 501 2270 adverso
523 2233 606 2283 jam
628 2233 820 2271 fecerant:
856 2247 975 2271 unum
994 2240 1073 2270 erat
1094 2233 1201 2283 quod
1223 2233 1398 2282 proelium
1419 2244 1584 2269 morare-

122 2302 197 2342 tur,
218 2296 321 2346 quod
343 2297 490 2334 scilicet
510 2297 609 2334 inter
628 2299 724 2335 dnos
745 2298 935 2335 exereitus
963 2297 1100 2347 exigua
1128 2296 1238 2346 palus
1266 2303 1346 2334 erat
1364 2309 1371 2332 ε
1410 2296 1509 2333 hanc
1542 2301 1584 2332 ut

122 2360 250 2398 hostes
277 2360 488 2405 transirent,
517 2367 678 2411 utraque
707 2362 873 2411 partium
905 2362 1154 2411 expectabat,
1187 2366 1229 2398 ut
1258 2360 1362 2411 prius
1392 2360 1582 2408 ingressos

120 2423 260 2473 iniquis
280 2424 372 2461 locis
389 2424 636 2463 invaderent:
670 2425 736 2462 sed
758 2425 864 2476 quod
886 2432 1048 2475 utraque
1078 2437 1165 2475 pars
1195 2424 1388 2475 sperabat,
1419 2429 1583 2472 utraque

120 2487 340 2533 differebat,
380 2499 458 2538 qno
493 2489 686 2527 temeritas
725 2490 829 2540 prius
868 2490 919 2527 ab
958 2489 1134 2527 hostibus
1168 2488 1370 2538 inciperet.
1441 2488 1582 2525 5³'Duin

122 2556 203 2589 tum
237 2552 380 2590 interea
414 2553 563 2603 equites
597 2554 764 2592 invicem
799 2555 1068 2599 miscerentur,
1104 2559 1285 2604 essetque
1319 2552 1384 2590 illo
1418 2551 1455 2587 in
1489 2562 1583 2587 con-

167 2655 208 2684 5⁴
231 2653 334 2694 Lege,
352 2654 615 2686 [ftomam—55
642 2657 745 2698 Lege,
769 2657 1058 2698 din-emptrix.—-56
1082 2657 1186 2696 Lege,
1201 2654 1454 2685 ‹fetidiorem—57
1481 2651 1582 2691 Lege,

123 2707 381 2738 tenuium-58
406 2708 509 2750 Lege,
524 2710 890 2750 magnanimitatis-59
915 2712 1031 2751 Forte,
1047 2710 1126 2742 Cum
1140 2712 1254 2740 tamen.
