1850 3109
262 167 375 210 1778
688 177 726 207 J.
758 174 895 207 cELst
932 172 1283 204 comtssNrARn

247 289 307 315 ne
325 277 459 314 viatori
481 275 637 327 quidem
658 275 899 326 permeabilis
932 274 1050 311 fuisse
1086 286 1251 323 unquam
1274 271 1476 308 dicen-uir.
1538 271 1579 306 Et
1601 277 1715 316 crum·

261 339 311 378 ab
345 353 387 377 ca
419 347 525 390 parti·
559 353 604 377 eo
642 347 812 388 tempore
845 338 956 387 plane
985 337 1069 381 tuti,
1106 337 1135 372 si
1160 349 1245 372 cum
1268 336 1340 371 alio
1362 348 1418 371 res
1449 333 1595 371 fuisset.
1654 336 1707 369 At

261 404 393 442 Caesar
414 412 454 441 ut
474 417 584 452 quem
608 404 710 439 nulla
733 415 790 439 res
810 401 949 438 morari
979 407 1110 449 posset
1132 407 1191 436 aut
1214 399 1432 442 deflectere,
1467 398 1550 434 nive
1572 396 1707 433 ⁵“mul-

259 467 433 504 titudinis
455 466 593 516 pedum
616 479 679 502 sex
701 464 861 506 dimota,
896 470 933 500 et
953 462 1154 499 adversum
1179 463 1397 511 perjugnm
1418 461 1551 497 itincre
1574 458 1708 496 ςίἰηιή-

259 530 331 568 tito
351 530 481 566 labore
503 528 673 578 peditum
695 526 890 577 expedito,
925 526 1114 563 Alvernos
1135 523 1228 561 fines
1251 525 1516 574 inexpectatus
1537 521 1708 572 aggredi-

261 600 335 631 tur.
391 593 507 629 Juvat
540 592 648 628 aliter
681 591 780 627 hanc
811 603 890 627 rem
921 589 1041 639 ipsam
1079 588 1178 625 Flori
1206 588 1329 625 verbis
1363 600 1577 636 exponere;
1612 586 1710 623 ‘Per

258 655 406 700 invios,'
439 654 576 704 inquit,
599 660 607 674 ⁴
629 653 676 691 ad
704 653 741 690 id
763 659 916 702 tempus
937 652 1122 689 montium
1145 651 1323 694 tumulos,
1354 664 1423 701 per
1441 651 1602 687 intactas
1631 649 1708 686 vias

258 725 298 757 et
318 719 423 756 nives
444 717 625 768 expedita
656 729 768 754 manu
789 728 954 753 emersus
983 722 1151 763 occupat
1183 715 1378 752 Galliam!
1437 716 1528 751 Mox
1558 726 1646 750 vcro
1667 720 1708 750 ut

258 783 478 820 Alverniam
514 781 640 831 attigit
667 781 843 830 equitatu
878 779 914 816 in
936 791 1066 816 omnes
1085 777 1221 822 effuso,
1253 785 1400 815 tautum
1423 778 1538 815 subiti
1555 777 1708 814 terroris

259 846 483 890 incusserat,
518 853 559 883 ut
592 845 731 894 trepidi
764 857 893 881 omnes
917 842 1262 891 Vercingetorigem
1296 843 1342 878 ad
1376 841 1567 878 ferendam
1596 853 1707 890 opem

258 909 392 959 patriae
413 909 490 946 suis
513 908 679 947 consiliis
699 907 885 945 laboranti
915 906 1056 943 nuntiis
1077 918 1121 942 ac
1143 906 1321 955 precibus
1339 905 1559 942 excitarent.
1617 903 1709 947 Qui-

260 973 332 1010 bus
354 979 480 1010 motus
511 972 548 1008 in
579 972 738 1022 {nitriam
761 971 924 1009 redibat.
981 971 1011 992 ⁵⁷
1031 969 1160 1007 Caesar
1186 970 1332 1007 interim
1363 969 1597 1018 dimissoque
1629 968 1708 1005 sine

257 1035 532 1074 intermissione
582 1048 692 1084 agros
742 1035 902 1071 hostium
949 1032 1144 1084 populari.
1218 1033 1305 1083 lpse
1337 1047 1384 1070 ne
1428 1032 1708 1082 suspicantibus

259 1099 354 1150 quid
394 1099 471 1136 suis
511 1113 625 1150 quam
665 1099 861 1136 celerrime
896 1103 1035 1148 potest,
1077 1097 1261 1134 Viennam
1298 1096 1581 1146 proficiscitur:
1620 1096 1709 1133 inde

257 1163 435 1213 equitatu
454 1176 566 1213 quem
590 1163 650 1200 ille
668 1163 901 1213 praemiserat
921 1167 1097 1211 accepto,
1119 1173 1186 1210 per
1207 1162 1351 1198 AEduos
1373 1161 1494 1210 pergit
1514 1160 1549 1196 in
1575 1160 1710 1210 Lingo-

257 1239 348 1271 nes:
380 1233 483 1264 tanta
511 1227 654 1277 ubique
684 1226 898 1270 velocitate,
941 1233 981 1263 ut
1014 1239 1087 1262 uon
1122 1232 1269 1262 tantum
1305 1226 1432 1262 hostes
1453 1237 1608 1274 pavore,
1641 1224 1706 1261 sed

257 1292 401 1328 amicos
439 1298 594 1340 stupore
633 1288 893 1339 perfunderet,
929 1289 982 1326 sic
1013 1289 1302 1338 inopinantibus
1338 1289 1490 1325 aderat:
1521 1288 1598 1325 illic
1620 1287 1708 1324 duae

257 1353 425 1404 legiones
458 1354 495 1390 in
529 1353 697 1391 hibernis
728 1359 860 1390 erant:
892 1352 963 1389 illis
994 1352 1143 1390 eductis
1176 1359 1267 1390 octo
1300 1352 1463 1402 reliquas
1503 1352 1586 1388 hinc
1619 1350 1708 1388 inde

257 1418 450 1467 dispersas
488 1423 637 1461 evocat,
678 1416 862 1466 priusque
905 1428 1021 1465 quam
1057 1417 1183 1453 hostes
1217 1429 1293 1466 quo
1331 1416 1472 1460 ivisset,
1510 1422 1575 1451 aut
1613 1414 1707 1464 quid

259 1481 411 1530 ⁵⁸agere
441 1485 606 1524 nossent,
642 1492 790 1516 onmem
823 1479 1033 1516 exercitum
1056 1479 1321 1529 congregavit:
1352 1486 1469 1528 atque
1505 1486 1545 1515 ut
1579 1479 1708 1515 Florus

256 1543 360 1581 idem
380 1544 445 1586 ait,
469 1548 477 1563 ‘
494 1557 539 1581 ex
560 1543 788 1580 distantibus
810 1543 975 1580 hibernis
995 1549 1119 1581 castra
1140 1543 1343 1587 contraxit,
1364 1550 1402 1579 et
1421 1551 1510 1579 ante
1529 1542 1564 1578 in
1587 1541 1710 1579 media

257 1606 387 1645 Gallia
420 1607 504 1651 suit,
538 1620 652 1657 quam
675 1607 724 1643 ab
747 1607 879 1643 ultima
899 1606 1118 1644 timeretur!
1175 1606 1288 1656 [121]
1321 1605 1608 1654 Vercingetorix
1641 1618 1710 1642 au·

256 1670 340 1708 dito
361 1671 521 1708 Caesaris
554 1671 738 1717 digressu,
769 1676 867 1706 retro
901 1669 936 1706 in
959 1670 1143 1719 Bituriges
1176 1682 1342 1714 reverso,
1375 1675 1491 1718 atque
1513 1669 1600 1706 hinc
1622 1681 1710 1719 pro-

255 1734 381 1772 fectus
412 1735 449 1771 in
472 1735 590 1784 Bojos
610 1733 900 1783 Transalpinos,
935 1732 1094 1781 opidum
1124 1733 1269 1769 illorum
1292 1733 1365 1769 sub
1397 1733 1607 1769 Helveticae
1634 1732 1710 1770 vic-

256 1798 365 1835 toriae
388 1805 539 1847 tempus
560 1796 794 1834 aedificatum
815 1809 836 1833 a
857 1797 1020 1840 Caesare,
1044 1797 1254 1845 AEduisque
1276 1796 1616 1840 ⁵⁹contradicttun‚
1638 1809 1708 1846 op-

256 1872 425 1911 pugnare
447 1861 653 1911 disposuit:
685 1860 803 1910 opido
836 1873 974 1897 nomen
1007 1861 1230 1910 Gorgobia:
1260 1861 1471 1910 gloriosum
1491 1860 1562 1897 sibi
1583 1859 1708 1897 existi-

255 1937 377 1969 maus,
405 1925 435 1960 si
458 1925 666 1962 AEuuorum
688 1925 974 1974 receptaculum
997 1925 1185 1972 simulque
1207 1926 1421 1960 Caesareum
1444 1936 1542 1973 opus
1563 1930 1708 1960 everte-

254 1994 325 2024 ret.
384 1988 543 2024 Cae-aris
577 1988 744 2023 animum
782 1987 864 2024 haec
894 2000 950 2023 res
982 1987 1089 2023 valde
1123 1987 1324 2023 sollicitum
1357 1988 1535 2030 babebat,
1567 1999 1611 2023 ne
1643 1993 1710 2024 aut

255 2051 429 2100 neglecta
449 2051 562 2088 amici
581 2050 752 2087 defensio
781 2050 1039 2087 desectionem
1061 2050 1246 2087 sociorum
1270 2056 1307 2086 et
1335 2057 1598 2099 contemptum
1621 2050 1707 2094 sibi,

255 2121 322 2151 aut
342 2124 521 2163 suscepta
553 2114 641 2150 anni
676 2120 847 2162 tempore
867 2113 1042 2157 adverso,
1075 2112 1339 2150 difficultatem
1371 2113 1421 2149 rei
1452 2112 1708 2152 frumentariae

253 2177 468 2227 legionibus
498 2178 738 2227 importaret.
796 2177 922 2214 Satius
943 2182 1069 2212 tamen
1092 2176 1203 2213 duxit
1231 2177 1309 2225 pati
1330 2176 1457 2212 omnia
1479 2190 1593 2226 quam
1615 2190 1707 2213 con-

255 2242 386 2285 temni,
420 2248 457 2278 et
485 2248 709 2289 contemptu
743 2254 810 2276 suo
830 2240 992 2277 alienare
1026 2240 1097 2277 sibi
1127 2241 1272 2277 aninios
1292 2240 1511 2277 amicorum.
1573 2241 1707 2289 ltaque

253 2303 422 2340 dimissis
443 2304 726 2354 impedimentis
747 2303 925 2340 omnibus
947 2310 984 2340 et
1005 2304 1153 2340 duabus
1170 2303 1217 2339 ad
1238 2303 1453 2340 custodiam
1470 2302 1705 2351 legionibus.;

253 2373 291 2404 et
314 2367 465 2416 provisa
486 2381 572 2404 cum
596 2367 729 2404 AEduis
762 2380 876 2416 quam
898 2368 1025 2416 potuit
1060 2368 1310 2403 subventione
1340 2374 1640 2411 commeatuum,
1672 2367 1707 2404 in

254 2431 373 2479 Bojos
395 2431 513 2468 ducit.
572 2433 663 2467 Erat
683 2430 751 2466 via:
775 2430 900 2466 medio
929 2429 1233 2467 ⁶0Velleiidiiiuin
1268 2432 1486 2466 Scenouum
1517 2430 1704 2479 opidum:

294 2598 334 2625 55
360 2595 474 2634 Forte,
499 2595 531 2625 in
547 2595 840 2624 altitudinum—56
869 2596 968 2634 Lege,
991 2595 1103 2625 multos
1139 2597 1177 2624 5?
1207 2595 1378 2624 Nonnulla
1400 2595 1453 2625 hic
1471 2595 1607 2633 desunt,
1632 2604 1706 2636 qum

252 2659 294 2679 ex
327 2648 461 2679 Caesare
493 2648 644 2687 suppleri
675 2651 912 2687 possum—55
951 2648 1053 2687 Lege,
1083 2651 1289 2686 agents—59
1323 2648 1436 2687 Forte,
1466 2648 1704 2680 attributum,-

252 2706 293 2733 00
321 2701 581 2732 Vellaunodunum
598 2703 746 2731 Senomon
767 2701 903 2733 Caesari.
