1850 3109
240 185 353 228 1636

240 290 399 331 vidimus,
421 291 430 308 ‘
448 290 587 322 servitia
613 300 771 332 aggerem
788 294 941 332 agerent,

235 341 339 384 jussit
351 341 372 380 ς’
397 346 432 373 et
448 351 526 373 mox
542 351 573 372 c.
590 343 642 373 88.

285 395 325 424 16
349 393 455 432 anue
479 391 516 423 ab
541 392 680 423 Julianis
705 391 802 422 teneri
826 391 942 431 rident,

239 443 414 484 desperata]
438 443 478 473 In
496 443 562 473 Ms.
580 441 687 472 Norv.
702 446 738 471 et
753 441 941 481 antiquitus

239 494 372 526 excusis
390 499 442 523 est
458 502 492 523 ea
509 500 622 532 quoquc
637 491 674 521 ab
691 491 831 521 Juliunis
843 491 942 521 teneri

238 542 365 574 rident.-
400 544 572 582 desperata,
597 542 649 581 ἑξτ.
696 541 781 573 Quae
805 541 940 582 quidem

236 593 354 632 lectio,
381 597 419 623 ut
435 591 683 632 interpunctio,
709 591 751 622 ob
780 591 941 623 Codicum

238 652 437 674 consensum
478 646 530 673 est
572 641 780 683 recipienda.
825 642 941 673 Dat-is.

241 693 292 724 Ea
307 703 430 734 quoque.
474 693 515 724 In
544 692 630 724 Mss.
656 693 738 733 Reg.
767 696 802 723 et
830 693 942 723 Vossii

239 748 292 775 cst
307 753 398 784 eaque
421 743 484 784 ipsi
500 743 537 773 ab
563 743 704 774 Juliunis
727 743 824 773 teneri
850 742 942 774 vide-

239 799 328 825 rent.
375 794 545 834 Corrupte
581 793 731 834 quidem.
775 793 862 823 Inde
895 798 942 824 ta-

239 854 318 876 men
342 844 524 885 legendum
547 844 715 882 existimo,
746 853 839 883 eaque
863 851 942 873 ιρεΑ

239 893 276 925 ab
292 894 433 925 Julianis
455 894 552 925 teneri
577 893 759 930 viderunt;
781 894 943 933 desperata

238 944 350 983 salute,
373 946 426 983 ᾅτ.
461 945 569 975 Clark.
616 944 680 984 Ipsi
697 944 826 974 addunt
841 943 942 975 etiam

240 1004 316 1026 cuin
333 995 420 1026 Edd.
438 996 538 1026 Vasc.
555 995 674 1035 Steph.
701 994 834 1035 Grypli.
851 999 942 1035 post.

239 1045 350 1076 Dorv.
369 1049 405 1075 et
427 1044 587 1076 Leidens.
615 1054 695 1084 sec„
722 1049 757 1075 at
779 1055 813 1075 ea
829 1054 944 1085 quoque

241 1099 336 1126 recte
354 1094 509 1135 praebent
527 1094 623 1125 Leid.
643 1104 692 1134 pr.
719 1094 841 1125 Petav.
865 1094 945 1125 Sca-

241 1145 299 1186 lig.
331 1145 478 1176 Dorvill.
505 1145 592 1175 Edd.
620 1144 751 1184 primic,
783 1145 944 1175 Beroald.

240 1196 373 1228 Manut.
390 1196 523 1236 Grypli.
542 1200 576 1225 et
595 1195 707 1226 Plani.
753 1195 852 1226 Unde
878 1196 944 1235 legi

241 1251 357 1288 posset
371 1256 405 1277 ea
431 1256 544 1286 quoque
568 1246 643 1285 ipsu.
687 1245 754 1275 Sed
783 1254 845 1275 nec
874 1245 944 1275 vnl-

241 1301 322 1337 gata
360 1295 606 1336 proscribenda
644 1300 733 1325 esset
768 1295 882 1333 lectio,
917 1294 943 1325 si

243 1346 427 1378 Codicibus
456 1346 659 1376 inniteretur
687 1345 838 1382 idoneis;
865 1345 945 1385 quia

241 1398 430 1428 mutatione
470 1396 633 1436 temporis
667 1394 872 1435 perfugerunt
910 1400 945 1426 et

240 1447 343 1478 vident
362 1447 441 1477 nihil
469 1457 541 1477 esse
566 1446 732 1485 crebrius,
760 1445 944 1485 saepissime

237 1497 308 1538 jam
325 1497 480 1528 vidimus.

287 1550 325 1578 17
350 1548 459 1578 Armis
474 1546 629 1586 demissis]
652 1545 943 1578 Joan.Goduinus

243 1601 387 1628 testatur
421 1598 503 1627 Mss.
543 1596 667 1626 Gallie.
700 1595 824 1625 habere
850 1596 946 1625 «irruis

241 1646 388 1682 dimissis,
412 1646 501 1686 quod
530 1650 564 1676 et
593 1645 625 1675 in
656 1645 741 1676 Cod.
775 1645 881 1675 Norv.
906 1654 945 1675 ac

243 1697 365 1738 priscis
383 1697 484 1727 editt.
513 1696 695 1736 reperitur.
741 1695 806 1725 Sed
832 1695 946 1735 vulga-

243 1752 312 1779 tam
343 1749 549 1788 scripturam
579 1752 695 1778 tuetur
722 1748 793 1779 Jul.
818 1748 947 1788 Celsus,

242 1799 299 1841 qui
317 1809 348 1840 p.
365 1802 439 1830 228.
467 1799 605 1829 miseros
621 1799 722 1828 hosce
732 1799 947 1829 salutationem

242 1851 411 1890 militarem
430 1859 583 1880 armorum
601 1853 683 1879 motu
703 1848 823 1879 fecisse
836 1854 945 1881 notat.

244 1900 359 1931 Daris.
420 1900 608 1939 Perperam
658 1899 794 1929 dimissis
843 1900 946 1930 etiam

244 1950 334 1981 Scal.
352 1949 448 1980 Leid.
475 1959 541 1980 sec.
567 1949 673 1979 Dorv.
703 1954 738 1980 et
765 1948 853 1979 Edd.
879 1950 947 1989 ple-

243 2010 357 2042 rarque
391 2004 535 2036 veteres,
561 2000 712 2029 sollemni
736 1998 945 2030 confusione.

244 2051 414 2092 Egregius
431 2056 482 2081 est
498 2050 530 2080 in
547 2049 632 2080 hanc
652 2059 719 2079 reni
750 2050 874 2080 Lucani
900 2050 947 2081 lo-

245 2110 303 2132 cus
320 2109 368 2131 ιν.
385 2103 457 2131 173.
481 2101 489 2116 ‘
509 2105 639 2132 tautum
665 2105 761 2138 nutu,
787 2105 946 2141 motoque

244 2151 395 2186 salutant
419 2150 507 2181 Ense
537 2149 637 2181 suos.¹
681 2150 810 2180 Statius
836 2151 856 2180 '1
867 2151 944 2182 heb.

245 2209 310 2231 xil.
328 2203 402 2231 401.
420 2202 428 2216 ‘
441 2201 530 2231 Ense
545 2201 725 2231 salutatam
743 2205 776 2231 et
795 2202 946 2231 nutantis

243 2252 376 2282 vertice
387 2251 486 2282 coni.’
504 2250 604 2281 Adde
617 2251 737 2281 Isidor.
748 2250 844 2289 Orig.
858 2260 880 2281 1.
893 2256 945 2283 25.

288 2303 329 2331 29
352 2300 525 2331 Licentium
549 2301 607 2330 sibi
631 2301 861 2340 ussmupsisscnt
891 2301 947 2331 im-

243 2351 399 2381 moder-ute
425 2351 584 2390 peccandi,
612 2351 798 2390 impunitate
820 2355 948 2391 propter

244 2400 397 2431 maximus
412 2411 460 2430 res
472 2401 592 2439 gestus]
616 2401 725 2431 Locus
743 2407 794 2432 est
808 2411 948 2441 corrup-

246 2455 313 2489 tus,
327 2461 426 2492 quem
442 2451 542 2482 joan.
561 2451 791 2490 (ilanzlorpius
806 2452 852 2481 ita
869 2461 945 2491 sup-

247 2501 337 2542 plet:
352 2501 505 2531 licentiam
522 2500 580 2529 sibi
596 2501 827 2539 assumpsissent
842 2501 945 2530 immo-

245 2553 352 2582 derate
363 2551 503 2591 peccandi,
519 2555 546 2580 d
565 2561 645 2590 spem
664 2551 872 2590 impunitatis,
893 2552 945 2589 Zyc.

247 2602 345 2634 Joan.
374 2612 453 2632 vero
471 2602 661 2636 Goduinus,
685 2601 793 2631 (odd.
820 2602 944 2632 Gallie.

245 2659 395 2691 secutus,
411 2654 547 2692 reponit
572 2652 781 2682 immoderatoe
802 2653 946 2692 peccandi

245 2702 452 2743 impunitatis,
468 2712 510 2733 ex
534 2711 601 2743 qua
627 2701 864 2733 emendatione
889 2703 946 2744 qui

657 216 660 221 -
710 195 848 228 No‘rAE
882 194 1146 226 VARIORUM
1185 195 1232 225 {N

998 299 1132 321 sensum
1161 289 1372 321 commodum
1401 288 1623 331 exculpserit,
1644 300 1697 322 nae

998 339 1024 370 is
1048 340 1127 370 milii
1156 340 1293 381 quidem
1321 350 1462 381 magnus
1478 340 1544 372 erit
1560 339 1698 382 Apollo.

999 389 1110 421 Editt.
1126 391 1244 431 Steph.
1260 397 1294 422 et
1312 392 1560 423 Lansannensis
1578 390 1621 423 A.
1651 393 1698 424 D.

999 442 1094 471 1575.
1123 448 1369 481 repraeseutaut
1399 442 1599 473 immoderate
1632 452 1700 482 pec-

998 490 1088 520 candi
1110 490 1326 530 impunitatis;
1349 492 1452 531 uude,
1480 492 1599 523 vocula
1623 502 1701 532 sup-

999 540 1104 580 pleta,
1112 539 1328 572 scribendum
1338 541 1536 572 immoderate
1544 542 1707 582 peccandi,

997 590 1195 631 impunitatis
1227 600 1278 631 spe
1312 594 1439 631 propter
1473 591 1625 621 mua-imas
1653 601 1702 622 res

996 644 1112 680 gestus,
1129 640 1411 681 quemadmodum
1428 641 1493 672 Ms.
1518 641 1624 672 Non-v.
1654 641 1703 672 di·

999 692 1115 723 sertim
1146 691 1295 723 exhibet.
1328 692 1441 722 Datis.
1493 691 1577 722 Mss.
1610 692 1700 732 Reg.

999 746 1034 773 et
1070 742 1179 772 Vossii
1214 746 1247 772 et
1286 741 1446 780 Goduini,
1492 741 1700 781 impunitatis.

999 792 1100 825 Quod
1117 797 1314 834 corruptum
1342 792 1450 823 videri
1468 792 1575 832 possit
1592 801 1634 822 ex
1651 801 1703 832 eo,

999 844 1088 884 quod
1105 845 1242 875 exhibet
1261 845 1325 875 ΜΒ.
1352 845 1509 881 Emensis,
1536 844 1703 885 impunita-

998 895 1040 924 tis
1061 904 1123 934 spe.
1170 894 1348 926 Quomodo
1379 894 1562 934 legendum
1589 894 1704 925 existi-

999 948 1070 975 mat
1086 944 1257 975 Davisius.
1304 944 1417 975 Probe
1434 944 1583 984 quidem.
1624 944 1700 975 Nec

1000 999 1113 1025 tamen
1129 1004 1195 1025 non
1212 993 1295 1024 ferri
1324 994 1430 1034 possit
1447 993 1548 1024 etiam
1566 994 1703 1034 vulgata

1000 1043 1126 1081 lectio3
1169 1044 1526 1083 licentiam—peccandi,
1569 1043 1702 1083 impuni-

999 1097 1076 1124 tate.
1105 1093 1206 1126 Quod
1219 1099 1360 1131 est‚cum
1370 1093 1566 1133 impunitate.
1591 1093 1702 1124 Clark.

1002 1145 1085 1175 Cum
1102 1145 1134 1174 in
1152 1144 1233 1174 Mss.
1251 1143 1405 1173 omnibus
1423 1148 1456 1173 ct
1482 1142 1570 1173 Edd.
1598 1143 1702 1175 Vasc.

1000 1193 1255 1234 Strad.Grypl1.
1274 1198 1360 1233 post.
1378 1193 1421 1223 sit
1446 1192 1642 1232 impunitatis
1666 1196 1703 1224 et

1002 1254 1062 1284 pro
1079 1245 1137 1284 ipsi
1155 1244 1186 1274 in
1212 1244 1333 1274 Petav.
1352 1242 1446 1273 Lcid.
1467 1251 1518 1282 pr.
1542 1251 1581 1272 ac
1599 1241 1700 1273 Rom.

1001 1295 1140 1325 Mediol.
1158 1299 1193 1325 et
1211 1295 1295 1324 Ven.
1315 1293 1400 1323 Edd.
1417 1293 1460 1323 sit
1477 1291 1515 1322 ab
1531 1292 1618 1332 ipsis,
1635 1302 1701 1324 nou

1000 1345 1132 1383 dubito,
1162 1346 1240 1386 quin
1268 1345 1333 1383 legi
1360 1344 1486 1375 debeat
1512 1343 1698 1383 inpunitatis

997 1407 1045 1436 pr.
1062 1407 1102 1426 m.
1119 1407 1146 1427 r.
1168 1407 1203 1435 g.
1219 1407 1282 1436 spe,
1294 1396 1371 1436 ipsi:
1396 1395 1495 1425 immo
1514 1394 1700 1434 inpunitatis

998 1456 1050 1486 spe
1066 1447 1168 1478 habet
1184 1455 1315 1487 quoquc
1332 1446 1449 1476 l’etav.
1489 1445 1702 1476 Sedinallem

1001 1502 1078 1537 post
1096 1501 1204 1536 gestus
1226 1506 1342 1528 vocem
1359 1506 1431 1526 cam
1448 1505 1574 1535 ponere
1592 1507 1598 1526 :
1624 1505 1702 1527 ctuu

995 1557 1009 1577 s
1027 1557 1087 1587 pcr
1103 1557 1204 1587 praec.
1229 1556 1345 1577 vocem
1367 1550 1473 1585 gestus
1501 1546 1701 1585 absorptum

997 1602 1088 1628 esset
1103 1608 1142 1627 ex
1159 1607 1197 1637 pv
1211 1597 1270 1636 ipsi
1288 1596 1343 1626 alii
1368 1595 1526 1626 fecerunt
1551 1595 1590 1625 ub
1613 1595 1701 1635 ipsis,

998 1647 1055 1677 alii
1081 1647 1269 1687 inpunitatis
1297 1650 1526 1685 corruperunt
1552 1645 1586 1676 in
1612 1646 1701 1686 inpu-

996 1697 1107 1728 nitate.

1040 1757 1196 1779 Lxxxw.
1235 1751 1253 1778 *1
1290 1747 1539 1787 Elepliunlosque
1571 1754 1702 1777 Lxlv—·

996 1799 1092 1839 capit,
1120 1801 1224 1838 captos
1253 1801 1325 1828 ante
1361 1798 1508 1838 oppidum
1535 1798 1703 1828 instructos

997 1849 1173 1889 constituit]
1196 1849 1280 1880 Cum
1307 1850 1422 1879 caesar
1446 1848 1501 1889 (nt
1527 1847 1604 1878 mihi
1632 1846 1703 1888 qui-

998 1901 1074 1930 dem
1100 1899 1248 1940 videtur)
1282 1899 1482 1939 elephantos
1521 1899 1604 1930 istos
1634 1907 1703 1930 non

988 1952 1055 1989 jam
1080 1954 1212 1991 caperet,
1226 1951 1285 1981 sed
1301 1954 1372 1981 ante
1390 1951 1422 1980 in
1449 1951 1568 1990 proelio
1584 1953 1702 1990 captos,

998 2002 1030 2032 in
1047 2002 1247 2040 itincrejum
1265 2006 1343 2031 ante
1355 2000 1518 2040 oppidum
1535 2000 1701 2031 instructos

996 2052 1210 2082 constitueret:
1235 2050 1441 2081 crediderim
1471 2050 1640 2090 equidem,
1667 2060 1701 2081 o-

997 2103 1100 2133 missa
1123 2112 1205 2132 voce
1222 2102 1316 2141 capit,
1343 2101 1537 2141 legendum,
1561 2101 1702 2140 elephan-

997 2156 1100 2192 tosque
1125 2155 1367 2191 Lxrv—caplos‚
1393 2156 1466 2181 ante
1493 2151 1638 2191 oppidum
1653 2151 1701 2181 in-

997 2206 1130 2233 structos
1162 2202 1331 2233 constituit.
1386 2204 1588 2242 Quanquam
1624 2200 1701 2232 fieri

998 2253 1101 2283 etiam
1137 2257 1263 2292 potest,
1295 2257 1331 2283 ut
1358 2262 1414 2282 eos
1439 2251 1507 2289 jam
1533 2251 1566 2282 in
1590 2251 1701 2283 itinere

999 2309 1076 2344 post
1093 2302 1247 2342 proelinm
1264 2305 1389 2342 ceperit.
1434 2302 1548 2333 Quare
1562 2301 1634 2333 siue
1647 2311 1701 2332 co-

998 2352 1129 2382 dicibus
1145 2352 1223 2381 nihil
1238 2358 1341 2382 muto.
1380 2352 1488 2382 Clark.
1536 2352 1630 2392 Capit
1645 2361 1702 2383 ex-

999 2402 1171 2442 pungcbat
1188 2404 1291 2433 etiam
1317 2402 1559 2443 (ilandorpius,
1574 2406 1609 2434 et
1622 2401 1703 2434 dciu

999 2454 1095 2492 quue
1118 2452 1276 2483 malebat.
1325 2453 1399 2483 Hoc
1429 2453 1583 2483 ultimum
1606 2453 1703 2484 mini-

997 2513 1050 2533 nie
1067 2502 1238 2532 admittas.
1256 2513 1284 2533 c.
1300 2506 1352 2533 59.
1377 2504 1385 2518 ⁴
1403 2502 1442 2532 ld
1459 2503 1520 2532 lion
1537 2501 1702 2534 consilio!

1041 2557 1077 2583 ll
1108 2553 1262 2592 Recessit]
1288 2554 1369 2583 Mss.
1391 2553 1475 2592 ltcg.
1493 2558 1526 2583 et
1546 2552 1702 2592 Eliensis,

997 2608 1032 2633 et
1049 2602 1142 2633 Edit.
1164 2603 1261 2633 Rom.
1284 2603 1434 2633 discessit.
1482 2602 1582 2634 Quod
1611 2601 1698 2632 forte

997 2654 1126 2684 melius.
1172 2656 1288 2685 (Izcsar
1304 2654 1390 2684 enim
1421 2663 1484 2684 nou
1510 2655 1699 2693 regrediens,

998 2703 1056 2734 scd
1070 2705 1270 2743 progrediens
1285 2704 1401 2735 urbem
1428 2704 1567 2746 reliquit
1589 2703 1699 2736 obses-
