1850 3109
529 195 590 223 nn
637 193 748 225 vi'rA
781 193 913 223 sumi
948 193 1181 224 cAEssnis.
1473 186 1583 226 1765

128 287 260 325 tudine
274 286 473 336 copiarum
487 287 634 337 liquido
656 294 787 324 notum
810 287 914 325 fecit.
956 289 1002 325 Et
1019 287 1277 324 Indnciomari
1293 288 1446 336 quidem
1463 298 1581 328 morte

127 351 337 388 Galliarum
376 350 532 387 rebellio
573 364 646 387 nou
687 352 855 400 quievit:
904 352 1108 401 propinqui
1147 351 1231 400 ejus
1272 358 1313 388 nt
1360 352 1506 401 imperii
1544 361 1582 390 ct

125 413 307 464 propositi
328 426 583 458 successores,
616 428 748 452 omnes
783 429 880 465 qnos
912 422 1083 465 poteraut
1103 416 1355 460 concitantes,
1389 416 1584 454 Ambiori-

124 491 209 526 gem
238 478 320 527 jani
352 478 533 515 Romanis·
556 480 697 515 scelere
715 492 783 515 sno
807 479 966 516 invisum
990 479 1059 516 sibi
1081 479 1242 517 sociant.
1299 479 1474 516 Sentiens
1495 480 1580 517 Cae-

124 555 182 578 sar
214 542 383 580 Senones
419 555 505 578 cum
541 543 774 579 Carnutibus
804 542 1036 592 conjurasse,
1067 545 1282 581 Germanos
1316 543 1352 580 in
1386 543 1525 580 bellum
1560 555 1582 579 a

123 606 292 643 Treviris
328 607 513 650 excitari;
547 607 686 643 multos
717 606 799 654 jam
840 607 1004 656 populos
1024 620 1106 644 esse
1138 607 1174 643 in
1209 608 1332 652 armis,
1367 613 1404 644 et
1438 606 1582 644 fervere

123 677 263 707 cimcta
301 670 552 713 tuniultibusg
601 670 691 706 nihil
720 668 1017 708 ⁶⁷deserendum
1057 671 1289 714 existimaus,
1326 678 1410 708 ante
1449 670 1581 708 liiemis

125 733 237 770 tinem
272 741 309 770 et
343 742 431 770 ante
457 734 628 770 omnium
653 734 871 784 opinionem
894 733 988 772 fines
1010 736 1176 772 bostium
1199 735 1427 784 improvisus
1449 747 1581 784 aggre-

121 798 240 843 ditur,
260 806 297 835 et
319 798 464 835 nullum
484 799 535 835 cis
549 798 786 836 deliberandi
806 808 871 836 ant
892 799 1143 837 conveniendi
1161 799 1326 848 spatium
1343 798 1578 847 relinquens,

121 862 196 900 late
216 862 342 899 onmia
364 862 582 912 populatur,
604 870 641 899 et
662 862 790 912 praeda
807 863 997 900 militibus
1013 862 1220 912 permissa;
1252 861 1391 899 inultos
1409 861 1574 898 hostium

120 925 234 963 datos
255 927 291 962 in
311 925 546 962 ‹te‹lini‹›nen1
568 926 736 976 recepit;
766 934 847 963 tum
870 926 980 975 quasi
1002 926 1092 962 nibil
1113 925 1253 975 egisset
1271 925 1309 962 iu
1332 924 1490 963 hiberna
1525 937 1580 962 re·

122 989 294 1027 vertitur.
351 988 446 1026 Inde
469 989 566 1026 veris
589 989 707 1035 initio,
729 990 870 1028 Galliae
890 990 1093 1028 concilium
1115 988 1310 1026 ⁶⁵indicat.
1339 988 1452 1039 [104]
1473 989 1581 1026 Con·

121 1060 306 1090 venerunt
326 1066 458 1090 omnes
481 1060 621 1102 praeter
653 1053 829 1092 Treviros
862 1061 900 1091 et
935 1055 1100 1092 Senones
1129 1060 1165 1091 et
1200 1054 1408 1091 Carnutes:
1440 1054 1575 1090 borum

122 1116 184 1153 ille
205 1118 485 1154 contumaciam
509 1117 618 1166 qnasi
641 1117 833 1167 quandam
858 1118 947 1155 belli
967 1119 1116 1155 arrham
1146 1118 1366 1166 accipiens;
1400 1130 1447 1154 uc
1483 1116 1579 1153 banc

121 1194 200 1218 rem
222 1180 409 1230 negligere
430 1179 640 1223 videretur:
675 1181 880 1217 concilium
900 1181 947 1218 ad
973 1181 1160 1218 Lutetiam
1182 1181 1422 1218 Pariseorum
1453 1192 1580 1217 rursus

122 1243 275 1281 indicit:
307 1244 344 1281 bi
366 1243 580 1280 Senonibus
601 1243 765 1294 proximi
786 1251 886 1281 suut.
943 1244 1039 1282 Inde
1071 1244 1187 1294 igitur
1214 1244 1413 1294 profectus
1447 1243 1482 1280 in
1515 1244 1581 1280 Se-

121 1321 248 1352 nones,
273 1314 349 1345 tam
370 1314 541 1357 repente,
565 1315 607 1344 ut
627 1320 697 1344 nec
719 1306 820 1358 fngae
841 1307 914 1345 illis
935 1320 1004 1344 nec
1024 1307 1256 1345 defensionis
1274 1307 1430 1357 copiam
1456 1306 1577 1351 daret,

120 1371 389 1421 resipiscentes
423 1379 459 1408 et
493 1384 561 1421 per
590 1371 733 1420 legatos
754 1370 900 1408 veniam
922 1371 1157 1421 postulantes
1178 1370 1378 1408 Eduorum
1400 1369 1578 1420 precibus

123 1442 248 1473 motus
269 1435 421 1472 admisit
439 1450 447 1479 ;
479 1441 634 1472 centum
656 1434 754 1472 datis
774 1434 988 1480 obsidibus,
1013 1448 1111 1485 quos
1131 1434 1339 1472 servandos
1365 1434 1482 1471 Ednis
1512 1432 1578 1471 (lc-

120 1499 202 1537 dit:
234 1499 353 1536 secuti
370 1499 557 1537 Carnutes
579 1497 783 1535 deditionis
800 1498 1035 1548 exemplum,
1069 1506 1106 1536 et
1127 1498 1280 1536 obsides
1312 1497 1510 1542 miserunt,
1540 1503 1579 1534 et

122 1563 352 1600 Rhemorum
375 1562 555 1612 precibus
577 1562 721 1599 veniam
744 1570 976 1600 meruerunt.
1034 1563 1097 1601 Sic
1118 1563 1155 1600 in
1171 1562 1307 1600 animis
1329 1569 1419 1599 tunc
1441 1561 1576 1599 Gallo-

120 1639 201 1663 rum
221 1625 352 1663 odium
375 1633 578 1676 metusque
594 1627 810 1672 certabant,
833 1633 875 1664 ut
894 1627 1016 1677 primo
1036 1640 1173 1677 pacem
1194 1640 1342 1664 servare
1370 1624 1577 1675 ⁶‘iucipere

119 1703 170 1734 se,
193 1690 364 1727 secundo
386 1690 528 1727 bellum
549 1703 677 1740 gerere
704 1690 824 1736 vetiti,
854 1691 1050 1741 perpetuis
1071 1698 1187 1741 atque
1221 1690 1374 1728 incertis
1409 1689 1576 1727 motibus

120 1755 152 1776 ⁷³
168 1752 415 1791 fluctu-arunt.
474 1754 545 1791 Eis
566 1753 779 1792 incidenter
799 1755 940 1793 exactis
960 1755 1007 1793 ad
1025 1756 1232 1793 concilium
1254 1756 1385 1792 Caesar
1404 1753 1516 1799 redit,
1538 1759 1578 1790 et

118 1816 313 1855 soederatis
335 1818 551 1855 civitatibus
573 1818 748 1868 equitatu
770 1819 932 1864 indicto,
953 1827 991 1857 et
1011 1827 1120 1870 parte
1142 1819 1282 1857 Galliae
1308 1824 1460 1868 pacata,
1493 1824 1575 1854 toto

117 1880 246 1918 animo
265 1894 474 1919 conversus
494 1883 531 1918 in
552 1883 732 1920 Treviros
762 1882 1033 1934 perfidumque
1056 1883 1321 1932 Ambiorigem
1338 1894 1384 1919 eo
1404 1879 1578 1931 proficis-

116 1945 152 1982 ci
172 1944 348 1983 instituit.
406 1947 452 1983 Et
474 1959 560 1984 cum
583 1948 777 1984 Senonum
809 1948 1007 1997 equitibus
1041 1947 1274 1985 Cavarinum
1305 1958 1432 1995 regem
1452 1943 1575 1995 gentis

118 2022 247 2047 secum
268 2009 390 2055 duxit,
413 2023 460 2047 ue
481 2010 618 2047 sienni
652 2011 757 2048 domi
790 2012 1034 2062 relinqueret,
1075 2012 1134 2049 vel
1162 2024 1209 2049 ex
1243 2009 1335 2047 odio
1370 2008 1504 2059 populi
1537 2008 1575 2046 in

117 2085 216 2117 eum,
239 2074 362 2111 velex
384 2074 437 2111 ira
471 2073 554 2121 ejus
587 2075 622 2111 iu
658 2076 860 2125 populum,
895 2075 1031 2126 aliquis
1062 2076 1099 2113 in
1134 2075 1227 2113 urbe
1257 2082 1381 2111 motus
1401 2073 1574 2110 oriretur.

118 2137 237 2173 Erant
269 2150 356 2174 sane
392 2138 562 2186 Menapii
610 2137 782 2176 confines
824 2139 1063 2185 Eburonum,
1111 2137 1342 2187 Ambiorigis
1391 2136 1575 2186 liospiteS,

116 2199 230 2237 amici
259 2201 372 2237 etiam
403 2201 698 2239 Germanorum.
754 2203 885 2241 Caesar
913 2203 1175 2253 Ambiorigem
1223 2215 1261 2239 se
1304 2201 1438 2251 proelio
1471 2213 1576 2237 com-

118 2262 265 2301 mittere
303 2277 379 2302 non
418 2278 597 2302 ausurum
636 2279 706 2315 pro
741 2273 940 2317 comperto
971 2267 1130 2310 babens,
1164 2267 1233 2303 hos
1267 2265 1465 2302 auxiliares
1503 2263 1575 2300 sibi

116 2327 315 2377 praeripere
336 2329 520 2365 censebat
541 2329 683 2374 utilius,
707 2342 821 2379 quam
844 2329 969 2380 ipsum
993 2330 1098 2368 illuni
1121 2329 1221 2367 bello
1240 2328 1395 2379 aggredi
1413 2341 1421 2365 :
1453 2341 1499 2364 ne
1520 2327 1576 2365 sic

115 2403 202 2427 enm
224 2391 260 2428 in
292 2390 420 2441 fugam
448 2399 562 2442 atque
597 2393 634 2430 iu
669 2394 837 2432 latebras
868 2401 1033 2444 cogeret,
1069 2393 1175 2444 quod
1215 2393 1394 2430 nolebat:
1426 2392 1575 2428 duabus

114 2454 230 2503 igitur
250 2454 478 2505 legionibus,
513 2469 603 2493 cum
623 2457 802 2494 omnibus
837 2457 1120 2508 impedimentis
1150 2458 1342 2495 exercitus
1374 2455 1494 2493 missis
1524 2455 1571 2491 ad

114 2518 342 2563 Labienum,
377 2519 628 2557 Trevirorum
662 2528 752 2558 tunc
784 2522 819 2558 in
853 2521 995 2560 finibus
1018 2529 1059 2559 ut
1080 2522 1247 2559 diximus
1283 2521 1570 2561 liibernuntcui;

113 2582 192 2632 ipse
213 2595 300 2619 cum
322 2583 475 2632 reliquis
496 2586 619 2630 (erant
639 2592 765 2622 autem
789 2586 960 2637 quinque
991 2586 1288 2636 expeditissimae
1322 2584 1502 2633 legiones)
1533 2580 1571 2617 in

155 2690 195 2718 67
224 2688 327 2728 Lege,
350 2688 653 2730 differendum.—65
685 2690 788 2732 Lege,
803 2691 1015 2723 indicia—ou
1042 2691 1146 2732 Lege,
1169 2690 1445 2731 incipimus—70
1471 2687 1571 2726 Lege,

112 2740 306 2773 siut-euntem.
