1850 3109
425 203 857 243 CAP.57.1Ass.nss
892 209 1048 239 BELLO
1082 210 1245 240 Annuz

164 312 203 340 12
226 309 288 340 Sul»
307 309 456 349 potestate
476 305 556 344 doti,
576 303 730 335 occasione
745 312 814 342 cop-

117 360 167 400 m]
209 360 299 398 Scio,
319 359 390 389 liaec
407 356 543 387 defendi
562 363 659 396 posse
677 364 737 395 pro
760 353 813 384 sub

116 413 308 450 potestatem,
333 408 382 438 vel
406 406 602 438 Ablativum
631 405 814 446 poni,qnia

115 461 186 500 jam
201 462 297 490 erant
312 458 439 488 redacti.
485 457 626 495 Vereor,
644 461 756 487 tamon
773 464 814 485 ne

118 518 184 539 non
215 506 405 548 profectum
431 507 474 537 sit
505 506 547 537 ab
574 507 646 546 ipso
676 505 814 543 Hirtio;

119 567 182 589 non
199 557 286 598 qnod
309 566 428 597 negem
451 556 654 587 locutionem
671 557 746 586 dore
759 556 815 585 ali-

116 609 165 639 cui
190 607 245 638 sub
268 611 471 648 potestatem
493 607 541 638 sic
569 607 656 638 enim
683 608 758 637 dare
783 606 816 636 in

116 658 295 689 servitutem
319 658 422 697 alicui,
447 662 482 689 et
509 657 628 688 similia
651 666 743 696 saepe
762 665 815 686 oc-

115 713 276 740 currunt:
301 709 361 739 sed
388 708 478 750 qnod
505 709 589 739 Mss.
615 716 732 738 vocem
747 706 816 737 dati

117 760 197 791 satis
214 760 384 790 damnant.
431 761 533 790 Certe
549 758 582 789 in
604 758 687 789 meis
711 757 816 788 omni-

118 809 180 841 bus
204 814 240 841 ct
267 810 352 841 Edd.
375 810 490 850 primis
507 809 668 840 scribitur
683 809 816 848 (1αείρο-

116 863 236 890 testatc.
281 860 349 890 L'ro
364 863 453 900 capto
468 859 502 890 in
521 859 616 890 Leid.
632 868 682 899 pr.
698 863 734 890 et
751 858 814 889 Ed.

120 910 208 940 Flor.
233 915 286 940 cst
309 913 452 950 acceptu:
475 915 511 940 at
537 910 654 940 Petav.
673 913 707 940 et
726 908 813 939 Edd.

118 959 216 990 Rom.
230 961 316 990 Ven.
337 970 375 990 ac
391 959 485 990 Med.
501 961 586 990 datu.
631 958 730 989 Unde
746 968 816 989 sus·

119 1010 213 1050 picor
230 1010 309 1040 olim
330 1009 431 1039 fuisse
448 1009 501 1039 sub
519 1009 661 1048 Heimps.
680 1018 706 1039 r.
724 1018 749 1039 e.
764 1018 817 1048 po-

117 1062 241 1099 testate,
256 1061 331 1090 duta
346 1060 511 1098 occasione,
525 1059 547 1090 i.
561 1068 589 1089 e.
606 1059 732 1090 oblata.

162 1113 199 1141 15
225 1110 374 1140 Pron-ime
401 1108 516 1147 Uzitoe]
562 1109 648 1138 iuss,
677 1110 761 1148 Reg.
783 1113 819 1139 et

117 1160 244 1191 Eliens.
273 1160 416 1200 proxime
446 1159 554 1189 locum
597 1158 709 1188 Uzieoe.
768 1158 817 1188 Ut

116 1209 205 1241 forte
239 1209 305 1249 legi
340 1210 461 1249 possit,
484 1208 625 1248 proxime
654 1207 816 1248 oppidum

121 1259 235 1291 Uzitoe.
251 1259 359 1288 Clark.
390 1258 510 1289 Petav.
528 1261 564 1288 et
582 1258 720 1289 Norvic.
733 1257 816 1289 dant

114 1310 257 1350 proxime
287 1309 396 1339 locum
429 1309 540 1340 Uzitae.
587 1310 671 1339 Cum
700 1308 817 1349 Lipsio

116 1360 314 1400 scripserim
343 1360 482 1399 proxime
526 1359 662 1390 intam.
705 1359 817 1390 Daris.

117 1418 189 1441 cur.
205 1420 274 1441 sec.
318 1410 434 1441 Locum
449 1409 579 1440 addunt
596 1410 679 1440 Mss.
691 1410 768 1441 Urs.
784 1413 819 1440 et

118 1460 184 1492 mei
214 1469 347 1498 omnes3
386 1460 448 1491 sub
477 1470 544 1501 quo
576 1460 820 1491 Accusativum

117 1511 217 1542 alium
245 1511 352 1541 latere
382 1510 463 1540 inihi
490 1519 556 1540 non
581 1509 720 1540 dubium
745 1515 818 1548 est3

118 1560 176 1592 sed
203 1569 303 1601 quem
330 1569 396 1591 non
421 1559 523 1591 facile
552 1560 716 1599 dixerim3
740 1560 822 1591 licet

119 1611 218 1642 multi
248 1610 360 1651 effingi
396 1616 545 1652 possent.
609 1612 650 1642 In
681 1612 821 1652 planitie

120 1666 196 1692 erat
211 1661 313 1692 situm
328 1661 441 1692 Uzitae
452 1661 627 1702 oppidum.
645 1662 822 1693 ‘Proxime

121 1710 290 1742 Rhennm’
308 1712 348 1742 B.
363 1711 407 1742 G.
425 1721 449 1742 1.
465 1714 518 1742 54.
536 1711 592 1742 ubi
607 1712 693 1742 vide.

164 1770 251 1792 [ΝΠ.
269 1765 287 1792 5
314 1761 416 1796 Quum
436 1762 531 1793 nihilo
553 1763 655 1792 minus
678 1761 742 1800 eius
762 1771 824 1792 ser-

118 1821 238 1846 monem
253 1811 381 1841 nuncius
395 1812 435 1841 tul
460 1821 492 1842 se
514 1811 657 1850 referret,
679 1815 824 1843 restaret-

117 1871 190 1902 que,
220 1864 255 1892 ut
284 1861 417 1901 reliqua]
471 1862 580 1892 Editt.
614 1863 709 1892 Rom.
737 1863 823 1893 Ven.

121 1911 281 1942 Beroald.
329 1916 579 1951 repraesentant
617 1921 685 1942 cnm
721 1915 824 1943 autem

118 1960 316 1991 nihilominus
329 1961 393 1999 ejus
406 1971 574 1992 sermonem
595 1963 725 1992 nuncius
738 1963 779 1992 ad
793 1972 825 1993 se

121 2010 265 2049 referret,
277 2011 450 2051 diceretque
459 2015 495 2042 ut
507 2012 637 2052 reliquo:
655 2012 721 2043 Ms.
736 2013 824 2043 Nor-

121 2060 188 2092 vic.
217 2071 309 2101 quum
334 2062 535 2092 nihilomiuus
564 2062 632 2100 ejus
659 2072 825 2093 sermonem

115 2110 252 2141 nuncius
275 2112 316 2142 ad
340 2121 373 2143 se
397 2111 542 2152 referret,
569 2114 622 2144 sed
646 2117 765 2143 restare
791 2116 824 2143 ut

117 2160 252 2199 reliquo.
298 2161 350 2191 Ex
374 2171 440 2201 quo
466 2163 583 2194 codice
608 2164 686 2194 mihi
709 2164 827 2194 rescri-

125 2209 272 2241 bendum
288 2211 422 2242 videtur
437 2223 531 2252 quum
552 2214 750 2245 nihilominus
763 2215 827 2252 ejus

123 2269 288 2290 sermnem
303 2262 431 2291 nuncius
442 2263 481 2291 ud
496 2262 670 2302 Scipionem
683 2263 827 2304 referret,

123 2320 156 2342 se
170 2313 298 2350 restore,
312 2314 347 2341 ot
363 2311 492 2351 reliqna,
515 2313 567 2351 ᾅτ.
613 2313 776 2343 Mendum
793 2313 826 2343 in

125 2359 244 2393 Hirtio
255 2362 450 2401 procreavit
461 2362 713 2402 compendiaria
723 2363 827 2404 scrip-

127 2415 215 2450 tura,
232 2420 308 2441 nam
332 2411 365 2441 in
393 2411 476 2442 Cod.
500 2412 670 2452 scriptum.
681 2413 826 2452 putarim

125 2460 166 2490 ad
182 2467 220 2490 sc
235 2459 381 2499 reservet,
407 2461 497 2501 quod
514 2462 692 2502 imperitus
708 2463 827 2493 Libra-

127 2510 195 2541 rius
209 2510 243 2541 in
259 2519 298 2541 sn
313 2510 413 2541 facile
431 2513 585 2550 mutavit,
606 2522 684 2544 cum
700 2513 828 2553 Scipio-

129 2560 181 2592 nis
207 2570 328 2592 nomen
356 2566 446 2592 esset
472 2562 691 2594 exarandum.
739 2563 827 2594 Haec

123 2619 209 2640 sane
224 2611 422 2652 conjectura
434 2613 667 2644 Ciacconian'ae
680 2619 732 2645 est
746 2624 829 2655 pra}-

131 2659 284 2700 ferenda,
308 2661 376 2702 qui,
400 2663 515 2693 multis
533 2663 670 2694 vocibus
686 2665 830 2703 omissis,

133 2711 267 2750 reponit
281 2721 374 2751 quum
388 2713 585 2744 nihilominus
606 2715 670 2756 ipse
684 2718 829 2754 restaret,

132 2767 165 2794 ιιι
196 2764 324 2805 reliqua.
370 2765 609 2799 Hanuciuatus
639 2767 744 2800 etiam
776 2773 831 2800 est

1451 200 1564 242 1619

863 302 962 334 Joan.
980 302 1226 342 Glandorpius,
1243 302 1297 343 qui
1315 304 1475 335 emendat
1496 316 1564 336 cum

863 353 927 391 ejus
951 363 1120 384 sermonem
1156 354 1287 384 nuncius
1315 355 1356 383 ud
1384 354 1564 386 Sasernam

862 404 1006 444 referret,
1032 404 1127 446 quasi
1154 404 1322 445 Aquinius
1360 409 1395 435 et
1423 405 1565 435 Saserna

865 464 926 495 per
956 454 1187 486 internuncios
1218 453 1355 485 fuerant
1392 455 1565 486 collocuti.

866 505 974 536 Daris.
1022 505 1162 536 Nuncius
1186 506 1226 535 ad
1256 514 1291 535 se
1318 504 1471 542 τοίω-να,-
1494 505 1565 536 scil.

864 556 903 585 ad
918 556 1100 595 Scipionem.
1130 556 1292 587 Davisius
1309 556 1446 596 conjicit
1463 555 1567 595 scrip-

867 608 935 634 tum
953 604 1056 635 fuisse
1080 605 1189 645 initio,
1212 607 1251 636 ad
1278 605 1329 636 Sc.
1357 607 1510 646 (nempe,
1526 607 1566 636 ml

865 653 1074 694 Scipionem;)
1096 660 1328 696 mutatumque
1348 656 1379 686 id
1401 656 1567 687 Lim-ario-

867 714 939 735 rum
957 704 1084 735 incuria
1101 705 1147 743 in,
1168 706 1206 735 od
1223 706 1272 736 Se.
1320 706 1384 736 Sed
1409 707 1473 736 ista
1490 715 1569 736 con-

859 755 997 795 jectura
1013 755 1094 785 nihil
1110 765 1194 796 opus
1212 762 1273 787 cst.
1313 757 1399 787 Nam
1417 756 1514 795 illud,
1526 765 1569 794 se,

866 810 981 846 potest
998 809 1066 836 tam
1083 806 1205 836 Latine
1229 815 1304 836 cuin
1328 805 1571 837 Antecedeute

867 856 1051 895 remotiori,
1066 856 1183 896 Scipio,
1198 866 1297 896 quam
1314 865 1390 886 cum
1408 856 1572 896 propiori,

867 907 1008 947 nuncius,
1031 907 1249 948 reciprocari.
1308 906 1396 937 Vide
1420 917 1494 947 quae
1520 916 1573 937 su-

867 968 931 998 pra
945 959 1182 989 annotavimus
1195 957 1236 988 ad
1253 967 1282 989 c.
1298 960 1350 989 49.
1365 958 1406 989 ad
1422 967 1502 989 vui.
1519 961 1571 989 50.

868 1014 904 1040 et
928 1009 968 1040 ad
1001 1019 1024 1040 1.
1052 1012 1103 1040 20.
1149 1009 1377 1040 Quamobrem
1412 1015 1447 1040 et
1483 1010 1571 1040 male

868 1060 1029 1091 emendat
1068 1059 1260 1099 Goduinus,
1297 1060 1337 1090 od
1382 1060 1479 1097 Eum,
1517 1061 1570 1098 &C-

870 1110 1078 1150 Frustraque
1095 1111 1313 1141 Rhellicanus
1329 1115 1432 1149 negat
1450 1115 1572 1150 putare

867 1167 903 1188 se
918 1159 1070 1189 Hirtium
1093 1164 1162 1189 tam
1190 1159 1398 1190 ineruditum
1423 1165 1459 1189 et
1485 1160 1572 1190 male

868 1206 1137 1237 Grammaticum
1162 1205 1279 1244 fuisse,
1307 1212 1343 1237 ut
1362 1207 1573 1247 reciprocum

868 1266 1056 1296 pronomen
1079 1267 1112 1287 se
1141 1257 1182 1287 ad
1210 1257 1383 1297 Scipionem
1407 1257 1573 1287 retulerit.

868 1306 1086 1347 Lepidusque
1110 1307 1210 1347 plane
1237 1312 1287 1337 cst
1314 1307 1402 1337 idern
1420 1307 1480 1337 Vir
1496 1306 1574 1337 doc-

869 1356 1028 1397 tissimus,
1044 1366 1121 1388 cum
1146 1366 1248 1388 voces
1275 1357 1357 1387 istas
1384 1357 1512 1388 nuncius
1533 1360 1574 1388 ud

870 1415 904 1437 se
928 1406 1072 1447 referret,
1089 1407 1338 1448 interpretatur
1355 1408 1483 1438 nuncius
1495 1409 1525 1438 in
1541 1418 1573 1439 se

868 1458 1031 1499 reciperet,
1054 1460 1155 1500 siquid
1180 1460 1252 1490 imle
1268 1459 1448 1490 incommodi
1462 1460 1575 1500 occipi-

870 1510 1084 1549 endumsoret.
1125 1510 1284 1541 Ridicule
1302 1519 1449 1550 prorsus.
1499 1511 1573 1542 Nec

872 1561 978 1592 multo
993 1561 1112 1591 melius
1130 1560 1312 1598 Cellarius3
1337 1560 1393 1601 qui
1408 1560 1575 1601 interpre-

872 1615 978 1650 tatur,
1002 1610 1156 1651 Scipionis
1182 1612 1359 1641 mandutum
1381 1613 1508 1642 nuncius
1530 1611 1576 1641 A·

873 1661 988 1702 quinio
1012 1661 1160 1701 adferret.
1206 1662 1297 1692 Dein
1326 1666 1516 1702 res-turcique
1540 1666 1575 1693 ut

873 1711 1054 1741 ediderunt
1087 1711 1240 1751 Scaliger
1274 1716 1308 1742 ct
1344 1712 1576 1742 Recentiores.

874 1763 920 1792 Et
957 1766 1010 1792 est
1047 1761 1101 1802 (ut
1135 1761 1169 1792 in
1207 1762 1282 1792 loco
1317 1761 1438 1799 dubio)
1475 1763 1576 1792 lectio

873 1813 1019 1843 maxime
1056 1813 1239 1844 commoda.
1298 1813 1382 1843 Mss.
1422 1813 1577 1854 plerique

873 1863 1002 1894 habent
1029 1863 1201 1903 diceretque
1228 1866 1272 1902 ut,
1296 1865 1347 1902 &a
1394 1864 1574 1903 Coi-rupte.

875 1913 1054 1945 Goduinus
1068 1918 1102 1944 et
1118 1913 1279 1944 Davisius
1297 1923 1339 1943 cx
1357 1913 1429 1944 aliis
1446 1914 1578 1945 Codici-

875 1963 937 1994 bus
965 1963 1150 1994 emendant
1174 1973 1206 1994 se
1230 1967 1358 2002 restare,
1384 1967 1429 1994 ut.
1477 1963 1576 1996 Quod

870 2013 955 2045 ferri
993 2020 1116 2055 potest.
1179 2016 1389 2056 Quamquam
1427 2015 1575 2055 vulgatae

873 2066 1013 2097 lectioni
1044 2076 1110 2097 non
1142 2066 1277 2097 videtur
1316 2065 1575 2106 praeferendum.

877 2116 985 2147 Clark.
1033 2116 1137 2151 Quum
1150 2120 1254 2147 autem
1268 2117 1333 2148 nili.
1349 2118 1400 2156 ξε.
1426 2121 1477 2147 est
1500 2125 1580 2157 quo-

875 2175 940 2206 que
970 2165 1003 2196 in
1030 2166 1114 2196 Mss.
1133 2167 1214 2206 Reg.
1239 2167 1335 2197 Leid.
1353 2175 1420 2198 sec.
1437 2170 1471 2197 et
1490 2165 1578 2197 Edd.

876 2216 1018 2247 Mediol.
1064 2216 1133 2247 Pro
1149 2217 1189 2246 od
1200 2225 1232 2247 se
1248 2216 1342 2247 Leid.
1360 2225 1428 2247 sec.
1443 2221 1478 2246 et
1490 2216 1579 2246 Dor-

876 2266 947 2296 vill.
977 2269 1018 2296 ad
1044 2276 1125 2297 enm.
1167 2267 1219 2297 Aa
1247 2268 1330 2297 illum
1359 2267 1447 2297 Edu.
1476 2267 1579 2296 vaso.

878 2315 994 2354 Steph.
1022 2318 1084 2346 Sc.
1121 2325 1195 2355 quoe
1232 2316 1393 2346 omittunt
1425 2315 1579 2346 nihilomi-

876 2375 941 2396 nus.
987 2365 1175 2405 Dicerctqne
1197 2370 1249 2396 est
1264 2366 1298 2396 in
1315 2366 1461 2406 vulgatis
1477 2365 1580 2396 omni-

877 2415 940 2446 bus
952 2421 1031 2446 aute
1043 2416 1166 2456 Scalig.
1181 2422 1216 2446 et
1228 2416 1323 2446 Leid.
1338 2426 1406 2447 sec.
1420 2426 1451 2446 se
1462 2419 1580 2446 restare

876 2465 960 2496 disi-it
977 2465 1081 2496 habet
1100 2465 1247 2496 Dorvill.
1263 2468 1316 2496 sed
1328 2469 1444 2496 restare
1455 2467 1579 2506 Scalig.

878 2515 975 2547 Leid.
994 2525 1044 2556 pr.
1063 2515 1181 2556 Cujac.
1198 2516 1319 2546 Petav.
1337 2521 1373 2546 et
1387 2516 1499 2546 l'rsin.
1515 2516 1582 2546 Ve-

877 2567 1027 2598 tissime:
1054 2566 1144 2607 quod
1170 2567 1272 2597 miror
1299 2576 1366 2596 non
1384 2566 1515 2605 cepisse
1532 2565 1580 2594 in·

877 2622 1060 2659 terpretes.
1106 2618 1194 2649 Sunt
1218 2618 1293 2657 ipsa
1309 2617 1409 2646 verba
1427 2614 1580 2655 Aquinfi,

877 2668 968 2700 unde
1000 2667 1091 2708 apud
1121 2667 1255 2698 Celsum
1287 2665 1479 2705 respondit:
1510 2664 1580 2694 ‘Et

878 2718 976 2749 stabo
993 2717 1103 2758 inquit
1129 2716 1250 2754 adhuc,
1277 2716 1384 2746 donec
1414 2714 1579 2754 expleam,

879 2767 969 2810 quod
986 2766 1122 2808 incepi!
1168 2766 1299 2796 Restare
1315 2767 1424 2805 uolat,
1450 2771 1580 2804 perma-
