1850 3109
242 172 355 215 1532

236 276 381 309 Suetonii
406 287 528 309 nomen
551 278 750 319 inscribunt,
775 281 938 311 ridicule:

239 328 341 360 immo
364 329 397 359 in
421 329 588 360 nonnullis
612 335 665 360 est
690 331 724 361 J.
743 332 941 361 Constantini

240 379 386 411 caesaris.

282 430 369 461 CAP.
396 439 418 462 ι.
443 433 462 461 2
490 431 542 460 Ex
559 432 655 460 Creta
678 430 874 470 sagittar—ios]
901 430 938 460 In

237 481 329 511 nullo
358 490 506 511 meorum
540 480 708 517 codicum,
737 480 785 510 uti
811 489 875 511 nec
906 481 939 511 in

238 530 329 562 Edit.
348 531 500 561 Romana
516 534 690 569 comparet
711 529 938 569 l'raepositio:

237 589 340 621 quare
357 580 528 620 eamjussi
546 580 660 610 deleri.
708 582 803 610 Creta
823 584 938 619 evocat,

236 634 274 660 ut
291 630 400 660 Rhodo
416 630 542 660 arcessi!
558 642 566 660 :
591 630 652 660 uisi
670 630 818 670 jungere
834 632 938 662 velles

234 679 418 719 sagittarios
447 682 542 711 Creta
564 681 584 711 i.
608 690 637 711 e.
663 682 857 720 Cretenses,
884 683 937 712 vel

235 730 348 770 legere
378 732 497 770 Creta-s,
523 732 600 772 quia
623 732 656 762 in
688 731 771 763 Mss.
794 733 874 764 Lov.
902 737 938 764 et

236 779 401 821 Bongars.
427 788 586 812 exaratur
611 783 730 813 Certos.
774 783 841 813 Sed
870 793 939 815 mu-

233 830 363 861 tatione
382 840 595 873 nequaqnam
611 837 663 863 est
679 842 774 872 opus.

278 883 296 911 3
319 881 369 912 Αἱ)
384 892 455 921 rege
472 882 694 913 Nabataeorum
706 883 844 925 Malcho]
856 884 937 924 Ipsa

234 939 300 962 vox
325 931 443 962 ultima
477 932 591 969 Regem
620 932 799 973 significat,
829 940 863 964 et
893 934 935 964 ab

235 979 408 1011 Hebraica
436 961 526 1024 750
560 986 670 1011 ortum
698 982 805 1013 ducit.
852 984 936 1014 Por-

233 1030 372 1070 phyrius
401 1032 432 1061 in
456 1032 527 1062 vita
552 1032 690 1063 Plotini.
735 1033 884 1065 Βασιλεὺς
903 1034 936 1065 δὲ

232 1081 366 1120 τοῦνομα
380 1083 424 1120 τῷ
446 1082 604 1123 Πορφυρίῳ
628 1083 692 1120 ἐμοὶ
713 1085 840 1124 προσῆν,
857 1086 937 1116 κατὰ

230 1130 288 1169 μὲν
295 1130 423 1172 πάτριον
437 1131 599 1164 διάλεκτον
613 1132 736 1173 Μάλχῳ
748 1135 935 1175 κεκλημένῳ.

232 1181 321 1213 Vide
345 1187 380 1213 et
406 1183 487 1214 Luc.
515 1183 731 1214 Holstenium
756 1184 798 1215 (le
823 1186 883 1216 vit.
901 1191 936 1218 et

231 1231 350 1271 script.
378 1232 559 1273 Porphyrii
592 1243 620 1264 e.
649 1237 679 1264 2.
711 1235 822 1265 Duris.
846 1236 934 1267 Vide

232 1281 335 1312 etiam
359 1282 482 1313 Cellar.
507 1286 542 1312 et
566 1283 668 1312 Salm.
697 1283 785 1314 Plin.
812 1285 934 1318 Exere.

231 1340 309 1371 pag.
326 1334 400 1362 892.

274 1383 291 1411 7
320 1381 399 1411 Test.
417 1385 507 1422 atque
522 1383 666 1414 musculis
679 1385 842 1426 aptantur]
860 1386 935 1427 Lip-

230 1431 299 1461 sius
314 1431 335 1461 l.
354 1440 376 1462 1.
402 1432 478 1462 Pol.
502 1433 546 1463 D.
561 1436 592 1463 9.
618 1434 776 1465 emendat
793 1436 934 1475 quatiun-

229 1484 293 1519 tur,
307 1484 482 1521 captantur,
496 1486 554 1513 ant
571 1483 697 1524 aliquid
715 1484 834 1515 simile.
868 1486 932 1517 Sed

228 1530 310 1561 nihil
338 1540 432 1571 opus.
479 1532 519 1562 ld
547 1533 637 1564 enim
671 1535 743 1565 vnlt
775 1535 932 1567 Hirtius:

230 1589 306 1620 quae
322 1586 437 1620 partes
454 1581 563 1613 minus
580 1581 684 1613 firmoe
701 1589 825 1624 essent,
841 1585 874 1615 in
896 1585 932 1616 iis

229 1630 418 1662 testudines
445 1637 546 1673 atque
565 1635 744 1673 musculos,
760 1635 801 1665 ad
820 1639 933 1676 tegen-

228 1680 288 1710 dos
314 1681 447 1719 milites,
472 1682 575 1714 fuisse
600 1684 796 1716 collocatos.
824 1687 931 1717 Clark.

227 1730 362 1772 Lipsius
376 1733 520 1773 margini
549 1733 678 1765 adlevit
702 1746 836 1776 quoque
865 1738 932 1767 qu-

226 1785 540 1822 untur,gr‹1ssantur.
587 1785 754 1817 Gruterus
781 1787 932 1827 exponit,

226 1833 302 1865 loca
330 1833 525 1874 infirmiora,
554 1836 673 1876 quibus
699 1837 812 1868 hostes
841 1838 931 1868 inva-

226 1884 296 1915 suri
322 1889 419 1914 erant
449 1890 565 1924 partes
595 1886 688 1916 urbis
721 1886 931 1927 infirmiores,

227 1936 490 1972 accommodata,
513 1946 579 1976 quo
603 1937 834 1969 instrumentis
858 1939 930 1969 tali-

226 1985 288 2016 bus
304 1985 376 2016 sine
393 1984 625 2025 inpedimento
643 1987 689 2017 uti
708 1992 854 2027 possent.

270 2039 309 2067 10
334 2037 480 2068 Incendio
494 2037 567 2075 sere
583 2038 667 2078 tuta]
698 2039 753 2069 Ita
769 2039 930 2071 exhibent

226 2086 309 2118 Mss.
332 2096 446 2117 omnes
470 2092 678 2120 constanter.
725 2090 857 2130 Lipsius
882 2095 930 2121 ta-

224 2146 299 2168 men
315 2147 382 2167 orae
399 2137 524 2168 codicis
544 2138 593 2167 sui
617 2138 797 2179 adscripsit
821 2140 858 2170 ab
880 2141 927 2171 in-

222 2188 341 2226 cendio,
357 2191 457 2227 atque
475 2188 521 2217 ita
537 2188 646 2219 edidit
672 2189 710 2219 R.
723 2190 926 2230 Stephanus,

222 2237 301 2268 Sine
333 2237 574 2277 praepositione
614 2238 762 2269 invenies
794 2249 926 2280 quoque

222 2287 311 2328 apud
349 2287 466 2318 Seren.
503 2289 671 2319 Sammon.
710 2289 753 2319 de
797 2290 926 2322 Medic.

222 2348 251 2368 c.
277 2339 328 2368 61.
355 2339 363 2353 ‘
382 2338 426 2368 Ut
450 2342 541 2368 tutus
563 2338 622 2369 fias
648 2337 781 2370 infestae
808 2339 926 2372 frande

222 2396 379 2418 noverca:
395 2387 414 2417 :’
439 2388 495 2418 ubi
515 2388 588 2419 vide
606 2389 696 2420 Clar.
719 2390 835 2420 Burm.
861 2391 926 2421 Va-

220 2437 329 2468 riatur
352 2437 441 2477 apud
468 2438 538 2468 Liv.
562 2447 618 2469 111.
634 2441 689 2469 Η.
733 2440 800 2470 Sed
825 2444 859 2470 et
881 2441 927 2471 in.

221 2488 327 2519 cendio
350 2488 473 2527 exponi
500 2492 625 2527 potest,
643 2489 674 2518 in
692 2490 841 2529 incendio,
856 2491 927 2520 dum

221 2543 265 2570 cst
290 2539 474 2569 incendium.
519 2538 646 2568 Similia
671 2540 775 2569 multa
792 2539 869 2570 vide
885 2539 925 2570 ad

225 2590 264 2621 B.
282 2589 325 2620 G.
346 2597 386 2619 n.
404 2591 434 2619 l.
459 2588 468 2604 ‘
487 2587 634 2627 Imperio
649 2588 787 2619 nostro.’

265 2641 303 2669 12
327 2636 517 2676 Structuris]
549 2637 754 2677 Notandum,
779 2638 813 2668 in
839 2638 926 2679 opti-

221 2698 276 2719 mo
293 2687 386 2719 Leid.
402 2696 454 2727 pr.
472 2686 538 2727 legi
555 2687 767 2719 instructuris.
816 2688 925 2720 Quam

222 2747 340 2769 vocem
363 2737 425 2769 bae
448 2736 481 2768 in
506 2746 542 2768 re
566 2737 655 2778 apud
682 2737 848 2769 Isidorum
871 2749 926 2770 oc-

696 185 838 218 No‘rAE
879 186 1141 217 VARIORUM
1184 187 1236 218 IN

992 289 1141 318 currere,
1166 280 1278 311 monui
1308 281 1350 312 ad
1377 282 1492 313 Front.
1518 289 1559 312 ιι.
1585 283 1617 312 3.
1643 283 1694 313 17.

992 330 1091 362 Adde
1115 333 1254 365 Salmas.
1283 334 1369 365 Plin.
1402 335 1524 365 Exere.
1558 344 1590 374 p.
1618 335 1694 365 268.

992 384 1066 413 852.

1036 434 1075 461 16
1100 431 1181 462 Illud
1194 434 1334 474 sperans]
1366 435 1460 466 Fulv.
1489 434 1630 466 Ursinus
1650 443 1694 465 ex

991 480 1188 520 conjectura
1219 484 1350 522 reponit
1381 485 1456 514 illud
1479 487 1630 524 sprctam,
1658 486 1695 514 et

990 539 1070 561 sane
1109 531 1157 562 sic
1199 533 1359 564 exhibent
1398 534 1494 566 editt.
1538 533 1695 565 Beroald.

993 580 1094 611 Vasc.
1128 591 1236 622 eoque
1267 583 1422 614 alludunt
1464 585 1543 614 Mss.
1574 585 1694 615 Brant.

992 631 1132 663 Norvic.
1157 641 1196 663 ac
1221 632 1319 664 editt.
1347 634 1441 665 Rom.
1465 635 1551 665 Ven.
1573 634 1605 665 in
1622 634 1694 675 qui-

992 679 1052 711 bus
1076 686 1127 712 est
1154 683 1228 712 illud
1252 686 1441 723 exspectans,
1466 689 1693 725 praeterqnam

990 733 1078 773 quod
1107 743 1145 764 eo
1168 734 1267 765 modo
1290 735 1413 775 saepius
1439 736 1595 776 loquatur
1619 736 1691 767 Cae-

987 793 1061 814 sar:
1080 784 1252 814 interdum
1268 790 1380 816 tamen
1394 786 1505 816 aliter.
1529 786 1583 816 Sic
1597 786 1638 817 B.
1652 787 1694 818 C.

988 842 1013 863 1.
1030 836 1082 864 43.
1128 834 1138 850 ‘
1156 835 1232 865 Hoc
1251 845 1385 875 sperans,
1399 836 1549 876 legiones
1566 842 1633 867 tres
1650 846 1692 868 ex

988 883 1108 913 castris
1145 883 1280 915 educit!
1326 885 1370 916 Et
1409 886 1448 916 B.
1481 887 1518 917 C.
1549 895 1606 917 ιιι.
1639 889 1692 918 85.

988 932 997 948 ⁴
1017 931 1092 962 Hoc
1121 942 1257 973 sper-ans,
1288 938 1336 973 ut,
1366 935 1540 966 movendis
1571 936 1692 967 castris

989 982 1207 1024 pluribusque
1235 983 1398 1014 adeundis
1427 985 1521 1024 locis,
1547 994 1693 1016 commo-

989 1031 1082 1062 diore
1106 1031 1328 1064 frumentaria
1344 1043 1379 1064 re
1397 1034 1572 1066 uteretur.'
1618 1035 1692 1066 Ma-

986 1080 1146 1113 nifestum
1163 1083 1266 1123 igitur
1287 1088 1351 1124 est,
1372 1084 1553 1115 lectionem
1579 1085 1692 1125 vulga-

988 1136 1054 1162 tam
1071 1132 1152 1163 t'erri
1177 1143 1288 1174 posse,
1310 1143 1409 1174 quam
1427 1139 1550 1171 tamen,
1567 1136 1619 1166 vir
1641 1145 1693 1166 er-

987 1182 1120 1212 roribus
1167 1184 1401 1214 exscribendis
1443 1190 1553 1225 natuS,
1588 1185 1690 1218 Joan.

987 1232 1163 1263 Goduinus
1190 1233 1391 1273 ejiciendam
1417 1240 1546 1266 censet.
1579 1235 1692 1267 Dat-is.

985 1281 1145 1321 Spectans.
1189 1283 1244 1313 Sic
1262 1284 1493 1324 reponendum
1515 1294 1557 1316 ex
1579 1285 1618 1316 iis
1635 1295 1691 1318 co·

986 1332 1130 1372 dicibus,
1155 1334 1210 1374 qni
1237 1334 1362 1365 habent
1381 1338 1571 1374 exspectans.
1595 1335 1689 1367 Editi

983 1393 1120 1423 sperans.
1147 1384 1313 1415 Neutrum
1332 1389 1444 1415 tamen
1460 1386 1556 1415 male.
1580 1386 1689 1416 Clark.

986 1434 1098 1465 Quum
1122 1434 1153 1464 in
1179 1435 1260 1465 Mss.
1283 1435 1449 1466 'I'hnaneis
1464 1444 1503 1465 ac
1522 1435 1604 1466 ineis
1621 1445 1688 1466 om-

983 1483 1081 1514 nibus
1107 1489 1142 1514 et
1171 1484 1259 1515 Edd.
1287 1484 1403 1524 primis
1432 1485 1473 1515 sit
1501 1488 1690 1525 exspectans,

983 1542 1059 1564 cum
1078 1533 1120 1563 R.
1140 1534 1302 1573 siephau.
1331 1534 1468 1573 Ursino,
1483 1534 1638 1574 Brantio,
1653 1539 1689 1566 et

984 1584 1122 1615 Clarkio
1152 1588 1292 1624 spectans
1322 1585 1470 1625 praetuli.
1526 1585 1614 1616 Vide
1644 1585 1686 1616 ad

984 1634 1023 1664 B.
1038 1634 1110 1665 Civ.
1126 1643 1183 1665 ιιι.
1198 1638 1251 1665 85.
1274 1635 1283 1650 ‘
1298 1644 1443 1675 semper,
1457 1640 1492 1666 nt
1509 1635 1688 1667 videbatur

983 1689 1151 1724 spectans,
1187 1685 1215 1715 si
1253 1685 1375 1726 iniquis
1404 1686 1487 1717 locis
1516 1695 1551 1717 se
1586 1685 1690 1727 subji-

983 1734 1102 1765 ceret!

1025 1787 1066 1815 20
1092 1785 1233 1820 Quarum
1259 1786 1388 1817 alterius
1413 1785 1460 1816 rei
1486 1786 1604 1826 copiam
1633 1796 1685 1817 ex-

981 1834 1102 1874 iguam]
1127 1836 1274 1876 Lepidus
1292 1835 1445 1876 profecto
1466 1836 1529 1866 hoc
1554 1836 1587 1866 in
1610 1836 1685 1868 loco

981 1890 1032 1916 est
1056 1886 1296 1923 Rhellicanus;
1323 1886 1389 1926 qui,
1416 1887 1425 1902 ‘
1443 1886 1495 1916 Ex
1515 1886 1688 1927 sequenti-

983 1934 1065 1974 bus‚’
1081 1936 1200 1976 inquit,
1215 1936 1362 1976 (scilicet
1385 1946 1426 1966 ex
1443 1945 1496 1972 eo,
1512 1936 1602 1976 quod
1621 1946 1686 1967 uua

981 1985 1131 2016 alterave
1159 1985 1248 2016 int'ra
1272 1986 1397 2026 pagina
1421 1986 1513 2017 dieat
1538 1987 1686 2026 Hirtius,

980 2035 989 2052 ‘
1008 2036 1133 2066 nullum
1154 2036 1289 2067 omnino
1306 2037 1522 2068 Alexandria!
1545 2038 1684 2068 Fontem

978 2085 1105 2124 fuisse;
1141 2085 1264 2117 flumen
1294 2093 1405 2118 autem
1438 2088 1552 2119 Nilum
1580 2088 1612 2118 in
1644 2097 1686 2119 ea

980 2142 1077 2177 parte
1105 2137 1205 2167 Urbis
1233 2136 1349 2175 fuisse,
1371 2148 1470 2178 quam
1498 2137 1686 2170 adversarii

979 2187 1229 2228 obtinebant3')
1255 2191 1262 2205 ‘
1280 2198 1322 2218 ex
1337 2188 1408 2227 liis,'
1420 2188 1542 2229 inquit,
1560 2189 1569 2206 ‘
1584 2188 1684 2220 intel-

979 2237 1035 2277 ligi
1053 2242 1165 2277 potest
1181 2238 1360 2277 Caesarein,
1378 2247 1438 2278 per
1460 2238 1616 2279 (Alterius
1636 2238 1684 2269 rei

978 2288 1110 2328 copiam
1151 2289 1335 2327 exiguam,)
1371 2298 1482 2328 aquam
1519 2288 1683 2320 innuere!

979 2337 1085 2370 Quasi
1103 2346 1182 2368 vero
1198 2347 1263 2367 non
1281 2338 1312 2367 in
1327 2337 1390 2368 liae
1407 2338 1480 2377 ipsa
1502 2338 1684 2378 sententia,

977 2396 1088 2426 aquam
1115 2387 1213 2426 plane
1240 2386 1444 2417 nominasset
1469 2396 1475 2416 :
1519 2389 1554 2416 ut
1583 2395 1681 2420 ΑουΛ

973 2435 1142 2475 pabuloque
1165 2436 1355 2471 abundaret;
1387 2445 1516 2475 quarum
1543 2436 1682 2467 alterius

979 2485 1026 2516 rei
1057 2486 1174 2525 copiam
1203 2486 1361 2524 exiguam,
1395 2485 1524 2515 atterius
1552 2486 1680 2525 nullam,

977 2535 1028 2574 &a
1061 2537 1168 2566 Clark.

1022 2596 1059 2617 ιι.
1084 2589 1103 2617 2
1134 2587 1198 2617 Per
1223 2596 1298 2626 quas
1313 2587 1398 2628 fines
1424 2587 1584 2626 AEgyptii,
1611 2596 1682 2626 reg-

976 2646 1105 2676 numque
1131 2636 1284 2676 pertinet]
1321 2636 1472 2667 anbant
1508 2636 1560 2667 uic
1595 2636 1680 2668 Mss.

976 2697 1052 2717 nam
1077 2696 1131 2727 per
1154 2696 1227 2727 quas
1248 2696 1312 2716 non
1340 2691 1393 2717 est
1417 2686 1450 2716 in
1475 2687 1582 2717 Dorv.
1606 2697 1680 2727 quus

976 2738 1073 2769 deest
1098 2738 1172 2770 Pal.
1191 2737 1276 2780 fines
1297 2737 1431 2769 exsulat
1456 2747 1475 2769 a
1502 2737 1599 2770 Leid.
1625 2748 1677 2780 pr.
