1850 3109
383 168 476 198 Lm.
510 167 560 198 ιι.
592 166 698 196 CAP.
727 156 798 197 44.
831 165 894 195 nn
927 165 1082 195 BEnLo
1113 166 1284 197 civim.

124 261 232 303 ripam
244 261 361 302 equites
376 260 495 301 virique
511 258 727 291 obtinentes!
772 259 819 290 Si-

123 312 187 350 lius
216 312 354 343 Italicus
383 319 430 341 ix.
459 313 531 341 560.
558 311 707 347 ‘Magna
736 319 819 340 voce

123 363 259 394 trahens
283 362 482 401 equitemque,
496 362 645 401 virosque,
669 360 818 400 feraeque

121 413 311 453 Turriger‘oe
330 411 474 442 motem!
517 411 573 442 Sic
589 416 624 443 et
643 412 731 443 miles
746 421 818 441 cre-

122 462 181 494 bro
197 462 346 503 peditem
363 461 517 498 denotat,
543 466 578 493 et
594 462 701 503 equiti
716 471 819 502 oppo-

121 513 223 552 nitur,
247 517 283 544 ut
309 513 421 543 inultis
448 512 598 543 ostendit
622 513 656 545 J.
675 513 713 544 F.
730 512 818 543 Gro-

114 561 237 593 novius
269 563 310 593 ad
345 562 430 593 Livii
462 570 596 593 xxviii.
635 566 663 593 l.
704 563 816 594 Daris.

118 610 220 643 Adde
246 612 402 643 Vossinm
427 612 467 643 ad
493 622 526 643 v.
546 616 597 643 10.
627 617 662 644 et
693 623 752 645 nos
775 613 818 644 ad

120 669 199 692 viu.
215 664 267 693 36.
292 662 300 678 ‘
313 662 484 700 Germani,
499 663 722 704 equitesque?
753 663 818 694 Im-

118 720 173 742 mo
189 711 338 753 alioquin
365 718 398 743 et
425 713 542 753 equites
567 723 626 753 pro
642 714 728 754 equis
744 723 818 754 pos-

120 765 196 792 seut
224 762 318 793 sumi.
372 761 441 793 Adi
469 763 510 794 ad
542 764 694 795 Frontin.
726 772 764 794 11.
787 767 816 794 5.

120 812 137 851 ς
164 813 217 842 31.
240 811 415 853 ‘Equites,
443 822 485 843 ne
513 812 649 844 fremitu
678 813 819 851 eorum‚'

119 864 184 892 διο.
229 861 349 893 Paullo
366 868 444 893 ante
463 863 698 895 Hotoinannus
722 865 818 895 malit

116 912 362 951 proferebantur.
407 913 472 944 Sed
495 923 560 944 non
588 924 670 954 opus
687 920 750 945 est.
775 915 817 946 V.

120 961 218 993 Misc.
237 960 381 993 observ.
399 962 442 994 A.
461 966 554 994 1734.
571 964 648 996 Jan.
663 969 698 995 et
714 964 816 995 Febr.

119 1021 153 1052 p.
171 1014 241 1043 135.

162 1064 202 1092 23
219 1063 269 1093 Ad
284 1072 367 1102 spem
383 1063 572 1103 morabatur]
616 1064 767 1105 Scaliger
783 1068 818 1095 et

118 1111 353 1150 Recentiores‚
379 1113 416 1142 ab
437 1122 498 1152 spe.
543 1113 609 1143 Sed
630 1114 712 1144 Mss.
731 1114 816 1154 Reg.

119 1161 247 1194 Eliens.
259 1168 295 1193 et
306 1163 414 1193 Vossii
426 1161 565 1201 habent,
575 1164 614 1193 ad
625 1172 723 1202 spem:
741 1173 816 1203 quae

117 1213 220 1244 lectio
245 1213 379 1244 omnino
408 1223 488 1244 vera
516 1218 577 1244 est.
638 1214 700 1245 Est
729 1214 818 1245 enim

116 1263 244 1294 locutio
257 1263 385 1295 Caesari
398 1262 586 1294 familiaris.
613 1263 691 1298 Quae
701 1273 760 1303 res,
773 1264 815 1294 ad

117 1312 333 1353 insequendum
351 1313 505 1344 tardabat.
555 1313 663 1352 Palus,
681 1313 721 1343 ad
739 1313 816 1344 inse-

118 1364 267 1404 quendum
283 1363 438 1394 tardabat.
483 1363 529 1393 Et
545 1363 666 1393 similia
682 1364 816 1403 passim.

121 1413 228 1446 Clark.
271 1415 324 1445 Ad
349 1424 432 1454 spem
456 1414 584 1454 optime
607 1419 683 1454 post
707 1414 817 1445 Hoto-

120 1473 276 1495 mannum
295 1464 463 1504 Clarkins,
485 1464 574 1504 quod
592 1468 719 1504 praeter
737 1464 817 1496 Car-

120 1522 185 1546 rar.
202 1518 237 1544 et
261 1512 348 1545 Edd.
363 1514 462 1544 vase.
489 1514 558 1545 Str.
584 1514 702 1554 Stepli.
728 1514 817 1554 Gry-

118 1563 186 1604 phii
203 1568 291 1604 post.
310 1563 468 1594 exhibent
489 1564 571 1595 Mss.
587 1568 623 1595 et
639 1564 816 1595 Editiones

117 1614 212 1646 Vett.
235 1613 324 1645 Vide
341 1613 382 1644 ad
399 1614 456 1645 lib.
478 1623 528 1645 vr.
550 1617 580 1645 1.
626 1614 678 1645 Aa
700 1616 817 1655 opinio-

119 1673 188 1694 nem
216 1663 332 1694 Gallice
360 1669 395 1694 et
422 1664 504 1695 alibi
532 1664 681 1704 saepius:
707 1669 742 1695 et
774 1665 816 1696 de

119 1712 315 1745 confusione
339 1715 401 1743 τῶν
415 1714 454 1744 ad
480 1718 515 1744 et
536 1713 573 1744 ab
598 1713 639 1744 ad
664 1722 746 1745 vni.
763 1717 815 1745 41.

119 1763 213 1794 Male
230 1763 410 1794 Ciacconio
426 1768 461 1794 et
486 1763 635 1794 Gruter-o
649 1772 707 1803 pro
723 1773 815 1795 more

117 1811 158 1843 τὰ
172 1813 212 1843 ad
224 1822 307 1853 spem
321 1813 493 1843 abundare
512 1813 681 1843 videntur.

162 1870 218 1893 Χῖ..
234 1867 252 1893 5
270 1863 509 1903 Elephantisqae
524 1863 583 1902 XL]
600 1864 721 1895 Petav.
739 1864 814 1895 Pal.

118 1916 154 1944 et
177 1913 285 1953 Bong.
315 1922 359 1944 Lx
385 1913 523 1945 liabent.
552 1914 686 1946 Vossius.
740 1916 815 1947 Nec

118 1973 214 1995 secus
252 1965 336 1995 Mss.
374 1965 490 1995 Brant.
529 1964 644 1995 Ursini
681 1969 716 1996 et
749 1966 816 1996 mei

111 2022 247 2053 onmes,
263 2023 339 2044 cnm
356 2013 444 2044 Edd.
467 2014 627 2045 Beroaldi
651 2016 813 2056 aliisque:

120 2071 222 2103 quare
249 2064 394 2104 reposui,
421 2069 458 2095 ut
484 2070 520 2095 et
547 2075 665 2096 vocem
691 2066 815 2106 lentius,

110 2124 195 2155 -quae
233 2115 385 2146 inmerito
422 2116 601 2149 exsulabat
645 2118 688 2148 ab
726 2118 815 2150 Edd.

117 2163 227 2205 Lugd.
241 2170 275 2196 et
292 2165 433 2197 Amstei.

161 2215 182 2244 8
204 2214 305 2254 Atque
331 2215 378 2245 his
400 2215 542 2255 imperat,
566 2220 599 2247 ut
623 2217 816 2249 simulatione

118 2264 238 2296 timoris
267 2267 432 2305 paullatim
469 2267 593 2307 cedant]
637 2269 816 2299 Frontinus

117 2314 264 2355 Strateg.
282 2325 322 2346 11.
339 2321 369 2347 5.
397 2317 460 2347 hoe
477 2317 653 2348 consilinm
678 2328 742 2348 non
759 2319 816 2349 Sa-

118 2363 225 2405 burae,
239 2366 296 2396 sed
312 2369 382 2406 regi
397 2366 496 2399 Jubae
513 2367 681 2399 attribuit.
705 2369 815 2400 Dacis.

162 2423 238 2446 xm.
267 2419 286 2446 4
311 2417 461 2447 Peditum
489 2418 603 2459 utitur]
648 2419 688 2449 In
723 2419 814 2450 Leid.

117 2473 185 2496 sec.
200 2470 253 2496 est
265 2467 416 2506 peditum,
437 2473 470 2498 at
489 2468 521 2498 in
539 2468 633 2499 Leid.
659 2479 708 2509 pr.
731 2470 816 2509 pecli-

119 2518 226 2547 tatum.
271 2518 374 2549 Quasi
395 2519 532 2549 verbum
551 2523 620 2549 ιιίυι·
637 2521 724 2559 apud
743 2520 812 2551 Cae-

109 2574 225 2597 -sarem
241 2568 587 2608 qnoquejnngeretur
600 2569 693 2599 casui
708 2569 816 2600 Accu-

121 2617 233 2648 sandi:
258 2619 345 2658 quod
363 2624 473 2649 tamen
492 2629 557 2650 non
574 2618 673 2651 facile
695 2620 815 2651 admit-

114 2669 170 2698 ·to.
191 2667 232 2698 V.
246 2667 339 2699 Cort.
355 2669 408 2699 ad.
425 2669 505 2700 Sall.
522 2669 600 2709 Jug.
614 2680 644 2702 c.
662 2672 744 2711 12.§
761 2674 792 2702 3.

114 2733 120 2737 —
163 2717 184 2749 9
206 2716 238 2748 12·
252 2722 338 2750 eram
354 2728 476 2752 nurnero
493 2728 547 2752 cc.
587 2719 711 2761 Reliqui
728 2721 761 2752 in
775 2722 812 2752 it.

1457 156 1570 199 1439

871 258 967 290 subsc.
984 259 1031 289 Hi
1047 258 1093 299 q.]
1138 258 1192 289 Ita
1219 269 1237 290 e
1254 259 1320 289 Ms.
1343 258 1456 289 Ursini
1474 269 1570 299 repo-

871 314 1010 339 suerunt
1027 308 1178 348 Scaliger
1192 313 1226 339 et
1245 309 1476 347 Recenfiores,
1491 309 1572 340 mei-

871 368 934 399 que
953 358 1086 398 plurimi
1103 357 1303 389 confirmant
1316 357 1469 388 Codices.
1503 357 1570 388 An·

870 412 927 438 tea
949 408 1114 439 edebatur
1138 408 1163 439 ii
1183 418 1307 439 numero
1325 416 1365 438 cc
1389 408 1459 448 (rel.
1473 408 1507 439 in
1530 408 1569 439 it.

868 458 981 499 subst.)
997 469 1084 499 quem
1110 470 1136 490 c.
1181 460 1225 490 Et
1253 469 1332 490 sane
1360 461 1447 489 erant
1474 458 1571 490 deest

872 509 905 540 in
921 510 1018 540 Voss.
1047 519 1194 550 quoque,
1211 519 1250 540 ac
1278 508 1373 540 Leid.
1404 519 1455 549 pr.
1481 518 1500 540 a
1524 519 1569 540 m.

870 568 922 598 pr.
949 559 973 589 ii
989 559 1084 590 abest
1100 560 1202 590 etiam
1221 570 1238 590 a
1258 560 1353 591 Voss.
1371 563 1406 590 et
1423 559 1570 591 Dorvill.

872 620 934 650 pro
951 620 991 642 eo
1017 615 1070 642 est
1085 612 1137 651 qui
1154 612 1186 642 in
1203 612 1311 651 Bong.
1330 611 1423 641 Leid.
1443 620 1510 642 sec.
1533 614 1572 642 et

870 660 958 691 Edd.
976 662 1073 693 Rom.
1091 662 1178 692 Ven.
1203 661 1295 692 Med.
1322 665 1357 692 at
1384 661 1416 691 in
1442 662 1570 692 Lovan.

867 711 967 742 subst.
984 712 1022 742 L.
1041 711 1097 741 Hi.
1112 720 1154 742 ex
1172 711 1443 751 interpolatione.

910 764 951 792 20
971 761 1095 792 Nostris
1109 761 1189 792 vires
1203 761 1400 803 deficiebant]
1421 760 1477 792 Ita
1494 769 1570 792 cum

868 811 955 842 Edd.
989 812 1103 852 primis
1132 811 1311 842 ediderunt
1340 811 1503 852 Scaliger,
1533 816 1570 843 et

867 862 1030 893 Davisius
1062 862 1199 903 aliique.
1259 861 1305 893 At
1337 862 1502 893 Cellarius
1534 867 1571 892 et

869 912 1025 943 Clarkius
1041 912 1284 952 rescripserunt
1298 916 1432 943 nostros:
1455 912 1571 953 utjam

868 961 1028 993 exhibent
1045 963 1145 992 vase.
1163 962 1285 1001 Aldus,
1302 963 1421 1002 steph.
1436 962 1571 1001 Strada,

868 1013 1041 1054 Gryphius
1059 1014 1208 1055 aliique:
1233 1019 1268 1045 et
1297 1014 1517 1045 confirmatur
1544 1015 1571 1045 is

867 1073 965 1094 casus
997 1064 1076 1095 Mss.
1106 1064 1227 1104 scalig.
1258 1065 1378 1095 Petav.
1403 1065 1510 1104 Bong.
1536 1070 1572 1095 et

867 1113 965 1143 Voss.
997 1123 1036 1143 ac
1068 1114 1162 1144 Leid.
1194 1124 1262 1144 sec.
1291 1115 1348 1155 qui
1371 1114 1430 1145 dat
1453 1118 1571 1145 nostro.

867 1163 956 1193 Vide
990 1169 1154 1203 congesta
1184 1164 1224 1193 ad
1256 1164 1297 1194 B.
1329 1165 1418 1195 Gall.
1451 1173 1507 1195 111.
1539 1169 1571 1195 5.

868 1213 876 1229 ‘
892 1213 990 1244 Vires
1023 1213 1145 1243 nostris
1184 1212 1371 1245 deficerent
1388 1213 1409 1244 :'
1448 1220 1485 1246 ut
1523 1215 1571 1245 ibi

866 1263 1037 1293 mordicus
1067 1263 1218 1294 retinent
1244 1263 1344 1302 libri;
1378 1275 1443 1305 quo
1470 1265 1571 1296 modo

866 1314 919 1344 hic
935 1323 1012 1344 cum
1029 1314 1102 1344 aliis
1119 1313 1214 1344 Leid.
1232 1323 1283 1354 pr.
1299 1319 1335 1345 et
1353 1315 1478 1346 Lovan.
1501 1323 1570 1346 ser-

867 1369 958 1395 vant.

912 1423 1002 1445 xui.
1018 1417 1037 1444 S
1069 1413 1240 1452 Praefectus
1261 1414 1413 1454 equitnm]
1438 1415 1479 1446 In
1503 1415 1570 1446 Ms.

867 1463 945 1494 Pet.
962 1468 997 1494 et
1014 1464 1087 1495 Pal.
1113 1474 1162 1504 pr.
1187 1474 1233 1505 eq.
1254 1465 1304 1505 (in
1328 1466 1468 1496 Norvic.
1497 1476 1571 1497 cor-

867 1519 966 1555 rupte
979 1518 1070 1555 pater
1083 1514 1186 1555 eques)
1214 1516 1244 1545 in
1270 1516 1388 1555 anac.
1409 1526 1460 1556 pr.
1485 1526 1570 1556 eque.

866 1565 900 1596 id
918 1571 982 1604 est,
1006 1565 1172 1605 prafectus
1195 1566 1364 1606 equestris.-
1387 1576 1463 1597 nam
1484 1577 1571 1607 prae-

867 1614 975 1646 fectus
992 1616 1145 1656 equitum
1162 1617 1195 1646 in
1213 1621 1281 1647 vet.
1306 1617 1462 1657 inscript.
1486 1628 1572 1649 sem-

868 1675 930 1705 per
957 1666 1084 1706 legitur
1105 1666 1196 1705 proes.
1225 1668 1319 1706 equit.
1345 1677 1406 1697 nec
1424 1677 1571 1708 unquam

869 1715 980 1745 aliter.
997 1716 1129 1746 Vossius.
1156 1717 1214 1747 Pr.
1232 1726 1306 1756 eque
1321 1717 1480 1748 scribitur
1493 1726 1571 1758 quo-

869 1775 934 1805 que
957 1765 990 1795 in
1015 1765 1105 1796 Scal.
1135 1771 1170 1796 et
1195 1766 1290 1796 Leid.
1316 1777 1366 1806 pr.
1392 1766 1526 1798 Absunt
1548 1777 1569 1798 a

868 1815 995 1847 Lovan.
1041 1815 1081 1846 In
1111 1816 1208 1846 Voss.
1235 1826 1286 1856 pr.
1319 1816 1464 1856 huncque.
1510 1816 1570 1848 Nil

867 1870 973 1896 muto.
1011 1865 1099 1896 Vide
1120 1870 1231 1896 tamen
1250 1865 1369 1896 Varias
1385 1867 1483 1896 Lect.
1510 1874 1570 1897 111.

867 1917 921 1945 38.
965 1914 1085 1945 Asinio
1102 1915 1250 1946 Pollioni
1270 1915 1333 1946 hoc
1355 1916 1490 1946 videtur
1513 1916 1572 1947 tri·

866 1965 972 1997 buere
988 1966 1164 2007 Appianus
1181 1967 1222 1997 B.
1241 1967 1314 1997 Civ.
1332 1976 1371 1997 11.
1391 1977 1423 2007 p.
1440 1970 1515 1998 456.

910 2024 1013 2047 XL111.
1030 2018 1048 2045 3
1072 2015 1296 2056 Reportemur]
1324 2016 1364 2046 In
1395 2016 1490 2047 Leid.
1516 2026 1568 2056 pr.

868 2070 1030 2096 exaratur
1057 2067 1266 2106 deportentur.
1300 2066 1386 2096 vide
1407 2066 1447 2095 ud
1465 2066 1506 2098 B.
1523 2066 1569 2097 G.

867 2125 901 2147 v.
924 2119 977 2148 23.
1023 2117 1031 2133 ‘
1050 2117 1192 2148 Duobus
1214 2116 1457 2147 commeatibus
1473 2125 1569 2148 exer-

867 2167 971 2198 citum
998 2168 1178 2208 deportare
1202 2167 1372 2198 instituit)
1420 2168 1496 2198 Hoc
1519 2171 1570 2198 ta-

865 2227 944 2248 men
973 2219 1048 2249 loco
1080 2218 1253 2258 vulgatum
1283 2218 1431 2248 retinere
1461 2217 1568 2248 satius

867 2272 941 2306 θεῖς
966 2268 1043 2308 qnia
1057 2278 1075 2299 e
1091 2268 1256 2299 Siciliain
1278 2267 1430 2298 Africam
1452 2267 1485 2297 hi
1508 2268 1568 2298 mi.

868 2319 945 2349 lites
974 2324 1147 2350 venerant.
1207 2320 1295 2350 Vide
1325 2330 1353 2350 c.
1386 2323 1438 2350 23.
1469 2320 1568 2360 hujus

868 2369 957 2401 libri.
1000 2369 1041 2399 In
1073 2370 1169 2400 Leid.
1197 2380 1266 2400 sec.
1297 2375 1349 2400 est
1376 2373 1566 2410 transporta.-

866 2423 985 2450 rentur.

911 2479 1006 2500 xmv.
1024 2474 1041 2500 4
1066 2471 1391 2509 Legatorumnumwo
1409 2472 1427 2499 s
1428 2471 1569 2501 'caturia-

866 2521 967 2561 uibus]
1008 2521 1077 2551 Pro
1108 2522 1238 2560 legatis,
1266 2522 1454 2559 legatorum
1480 2522 1567 2558 loco,

867 2571 955 2611 qnod
984 2582 1059 2602 enni
1083 2581 1147 2601 non
1173 2572 1400 2611 intelligerent
1422 2571 1568 2602 Librarii

866 2621 898 2651 iu
918 2622 1015 2652 editt.
1034 2623 1129 2652 Rom.
1146 2623 1233 2652 Ven.
1254 2622 1407 2652 neroaid.
1424 2621 1565 2661 aliisque

865 2671 1034 2702 nonnullis
1051 2678 1211 2711 corrupte
1230 2671 1352 2709 legitur
1372 2670 1484 2705 ligatis
1497 2679 1567 2700 cum

864 2722 1101 2753 centurionibus.
1133 2723 1260 2752 hoster
1287 2720 1331 2750 de
1358 2719 1447 2752 Bell.
1474 2719 1568 2752 Gall·
