1850 3109
421 212 526 242 cAi‘.
557 200 630 241 79.
663 210 758 239 mn.
792 210 855 240 DE
889 209 1046 240 nunno
1078 210 1243 240 AFRIC.

93 311 204 342 locum
233 313 342 348 notas,
367 316 441 348 quae
464 306 538 347 plus
559 305 791 345 exemplorum

94 358 370 400 suppeditabunt.
394 356 504 387 Davis.
528 365 599 386 cur.
615 364 684 386 sec.
729 355 791 386 Ur-

93 410 184 441 sinus
206 419 224 439 e
249 408 337 439 libro
369 407 479 438 Latini
508 406 632 438 Latinii
659 405 793 438 videtur

94 458 255 500 praeferre
278 456 540 495 circumsandendi
555 462 591 488 et
602 460 792 497 pugnarent.

95 509 130 540 M
136 509 208 539 inus
221 508 305 538 bene
318 518 325 538 :
342 507 532 545 facultatem
547 507 794 545 circumfundere

93 568 153 590 suo
174 563 210 589 et
231 558 371 588 aliorum
395 567 488 589 more
506 558 639 590 Hirtius
656 568 717 598 pro
733 559 792 589 cir-

89 607 308 646 cumsundendi
321 612 474 648 usurpat,
486 613 522 639 ut
535 608 694 640 iudicatis
710 609 793 641 locis

92 663 187 698 patet
213 658 411 690 clarissime.
457 659 506 690 At
529 659 620 691 aliud
637 660 718 701 quid
746 660 792 690 la-

93 713 154 740 tet.
203 708 281 740 Non
309 709 397 740 enim
425 710 704 749 ciruunfimdendi,
731 710 791 742 sed

90 761 295 800 circumfundi
311 762 434 793 liabent
451 762 535 793 Mss.
554 763 678 803 Scalig.
692 763 792 794 Leid-

92 822 202 851 enses,
226 814 334 844 Dorv.
361 822 400 844 ac
425 823 484 844 sex
512 812 621 844 Codd.
650 814 739 845 Gall.
757 819 793 845 ct

93 863 180 894 Edd.
198 864 296 895 Rom.
308 863 402 894 Med.
416 865 538 895 Venet.
556 865 677 897 Recte.
714 866 792 898 Non

92 913 181 944 enim
207 913 318 953 modo,
344 914 367 945 ii
383 914 441 956 qui
468 915 794 957 circumcinguntur,

93 963 484 1004 dicunturcircumsundi,
504 966 562 996 sed
589 971 624 998 et
653 967 714 1007 illi,
737 967 794 1008 qui

91 1014 382 1055 circumcingunt;
412 1017 531 1047 eadem
560 1018 701 1058 ratione,
726 1029 794 1060 qua

92 1065 231 1095 verbum
257 1067 446 1098 circumdare
471 1067 597 1107 duplici
614 1078 712 1099 sensu
735 1069 792 1100 ad-

90 1114 236 1146 hibetur.
281 1116 367 1147 Caes.
396 1126 444 1147 vr.
469 1119 522 1148 34.
555 1118 564 1134 ‘
582 1118 794 1150 Circumfusa

92 1165 333 1196 multitudine!
378 1166 496 1197 Front.
510 1176 565 1197 111.
583 1170 633 1198 17.
649 1171 679 1198 4.
702 1169 711 1184 ⁴
728 1170 794 1199 Ex-

93 1215 198 1245 terior
213 1215 285 1255 ipse
300 1215 523 1248 circumfusus
542 1217 688 1248 corona.'
727 1218 795 1249 Lu·

92 1274 165 1295 can.
185 1275 231 1296 ιν.
247 1268 321 1297 471.
355 1266 364 1282 ‘
380 1266 470 1297 inter
494 1271 546 1298 tot
571 1267 663 1298 milia
682 1273 793 1309 captae

93 1315 306 1347 circumfusa
321 1317 415 1348 rati:’
433 1318 454 1348 l.
471 1326 504 1350 v.
521 1320 597 1349 680.
620 1320 629 1335 ‘
646 1319 794 1350 Circum-

92 1364 167 1396 fusa
193 1366 271 1397 duci
290 1367 412 1398 turba!
456 1368 536 1409 Ipse
559 1369 694 1400 Hirtius
711 1379 792 1401 vm.

91 1420 145 1448 29.
169 1418 178 1434 ‘
195 1417 403 1449 Cedentibus
428 1418 674 1450 circumfusisz'
705 1420 794 1451 unde

93 1472 129 1500 et
153 1468 206 1499 hic
235 1468 412 1500 videretur
439 1469 504 1509 legi
531 1469 659 1501 debere
683 1471 796 1501 turmis

93 1519 251 1550 Julianis:
287 1525 323 1550 et
351 1518 507 1560 profecto
534 1520 584 1550 sic
623 1525 729 1551 restat
760 1520 794 1551 in

93 1571 200 1603 Dorv.
223 1576 259 1602 et
285 1570 373 1602 Edd.
391 1571 519 1611 primis.
563 1571 630 1602 Sed
649 1570 794 1603 Accusa-

93 1621 182 1652 tivus
198 1621 387 1661 elegantior
410 1621 555 1653 videtur.
601 1621 669 1653 Adi
693 1623 735 1653 ad
754 1624 794 1655 Β.

95 1671 170 1703 Civ.
193 1680 249 1702 111.
265 1674 318 1704 61.
352 1672 361 1688 ‘
375 1681 457 1712 quos
481 1682 540 1703 sua
556 1673 716 1712 praesidia
733 1674 796 1704 cir-

95 1720 292 1752 cnn1duxit.’
350 1721 466 1762 Atque
497 1722 544 1753 ita
573 1727 625 1753 est
652 1723 684 1753 in
711 1724 794 1755 Cod.

94 1772 257 1802 Vossiano
279 1781 341 1812 pro
355 1772 464 1810 juveni
480 1773 570 1812 apud
588 1773 691 1805 Ovid.
709 1774 795 1806 Met.

95 1833 145 1855 1v.
161 1827 236 1856 360.
260 1824 269 1841 ‘
283 1825 328 1854 Et
341 1833 430 1855 nunc
445 1825 505 1856 hac
519 1825 694 1866 juvenem,
706 1836 795 1858 nunc

94 1873 377 1906 circumfunditur
410 1875 490 1906 illa.’
545 1876 613 1906 Sed
652 1876 795 1907 Metam.

94 1934 168 1956 xiv.
183 1928 258 1956 515.
281 1926 290 1941 ‘
307 1925 462 1967 colloque
479 1926 629 1966 parentis
645 1926 796 1957 Circum-

90 1975 165 2007 fusa
179 1975 252 2007 sui!

138 2029 176 2057 17
203 2027 281 2062 Qua>
295 2027 323 2057 ei
339 2026 464 2067 proelio]
487 2027 582 2058 Editi
595 2027 724 2068 aliquot
740 2037 796 2058 ve-

96 2080 186 2106 teres
195 2077 352 2116 proest'dz'o.
365 2077 471 2107 Clark.
497 2076 585 2107 Edd.
599 2077 794 2109 Rom.Ven.

94 2129 129 2155 et
154 2125 249 2157 Med.
270 2135 347 2157 cum
370 2127 453 2157 Mss.
470 2126 617 2158 Dorvill.
642 2130 678 2158 et
701 2127 796 2159 Ciac-

96 2174 183 2206 conii
208 2176 366 2215 praesidio.
422 2176 518 2208 Idem
548 2177 658 2208 Dorv.
684 2177 796 2208 codex

96 2225 156 2256 dat
169 2235 208 2256 ex
223 2226 332 2265 ‘prima
346 2228 406 2265 leg.
451 2227 521 2257 Pro
536 2228 565 2258 ei
579 2227 614 2258 in
631 2227 725 2258 Leid.
743 2238 795 2268 pr.

94 2274 239 2307 habetur
263 2286 312 2308 ex.
358 2276 459 2315 Vide,
487 2286 529 2307 an
556 2277 584 2307 ei
605 2278 749 2317 proxima
764 2278 797 2308 in

93 2326 160 2358 acie
183 2330 280 2357 const.
306 2336 371 2358 non
391 2327 569 2368 jungenda
594 2327 673 2358 sint.
718 2328 798 2358 Vul-

95 2377 181 2416 gatis
197 2377 320 2408 menda
333 2378 404 2408 sine
422 2377 523 2408 dubio
538 2377 700 2416 adhaeret,
716 2378 797 2409 licet

95 2426 199 2457 etiam
214 2427 325 2468 aliquo
338 2427 437 2458 modo
453 2427 616 2467 explicari
634 2427 773 2467 possint.

136 2479 177 2507 23
202 2477 444 2518 Minntatimqne
467 2476 627 2517 cedebant]
649 2477 795 2516 Sensim,

98 2526 283 2565 paullatim.
328 2527 384 2558 Sic
409 2537 512 2568 supra
536 2537 565 2559 c.
592 2530 644 2558 31.
670 2530 678 2545 ‘
698 2527 797 2559 Intra

95 2575 296 2607 munitiones
307 2578 483 2608 minutatim
493 2577 713 2619 modesteque
724 2579 796 2609 sine

97 2625 242 2655 tumultu
258 2630 316 2657 aut
327 2632 459 2658 terrore
474 2637 509 2658 se
527 2628 702 2668 recipere.'
727 2629 794 2660 Hic

99 2677 211 2704 tamen
237 2676 330 2707 vocis
356 2686 435 2707 usus
458 2678 492 2708 in
517 2687 618 2708 causa
634 2677 712 2717 fuit,
735 2688 796 2709 cur

97 2732 158 2753 non
183 2725 330 2764 optimum
353 2727 540 2758 Latinitatis
554 2731 707 2759 auctorem
723 2738 796 2759 nos-

99 2778 187 2805 trum
212 2776 341 2806 vocarit
361 2777 396 2808 J.
420 2777 469 2807 Μ.
484 2778 624 2808 Brutus.
670 2779 797 2818 Perpe-

183 2836 298 2876 Delph.
314 2839 344 2866 et
365 2836 438 2867 Var.
464 2837 544 2868 Clas.

773 2837 882 2868 Caesar

1430 200 1545 244 1633

843 312 914 333 ram
930 312 1022 334 sane.
1058 303 1173 334 Varro
1192 303 1235 335 R.
1260 305 1302 335 R.
1319 314 1342 336 1.
1359 309 1410 338 20.
1435 309 1443 325 ¹
1461 310 1546 342 Tum

842 354 891 385 ita
907 353 1144 393 subigendum,
1169 359 1206 386 ut
1233 355 1412 388 minutatim
1435 369 1547 392 assue-

844 404 998 437 faciant!
1044 407 1089 436 Et
1105 415 1143 437 ιι.
1160 409 1191 438 7.
1224 408 1232 423 ‘
1247 408 1409 441 Quotidie
1427 411 1546 452 adjici.

844 456 932 487 eudo
948 456 1147 489 minutatim?
1178 458 1265 490 Vide
1282 464 1317 491 et
1333 462 1497 493 Senecam
1514 465 1547 496 in

845 507 981 538 Consol.
997 507 1039 538 ad
1057 507 1159 540 Helv.
1174 519 1203 541 c.
1218 513 1248 540 8.
1274 510 1315 541 In
1329 511 1429 543 editt.
1447 513 1549 546 Rom.

843 557 965 588 Venet.
982 558 1139 590 Beroald.
1168 560 1292 601 legitur
1311 563 1548 606 minutatimque

843 608 1049 646 caedelmntur,
1070 610 1170 642 Joan.
1197 612 1395 645 Rhcllicano
1419 614 1549 648 frustra

844 659 1085 699 applaudente.
1111 662 1220 692 Dacis.
1256 663 1343 694 Vide
1373 665 1413 695 ad
1440 675 1470 697 c.
1493 669 1546 698 31.

844 708 1103 750 Glandorpium.
1124 712 1440 746 Coedebanturetiam
1453 717 1549 750 Leid.

843 768 912 791 sec.
930 760 1016 801 Reg.
1031 762 1138 793 Dorv.
1156 767 1192 794 et
1209 764 1296 795 Edd.
1313 766 1453 797 Mediol.
1478 768 1548 799 Sed

844 814 879 842 et
895 811 980 842 Cod.
998 812 1120 853 Scalig.
1138 814 1302 845 minuatim
1318 817 1524 848 coedebantur.

887 870 1012 893 Lxx1x.
1029 866 1048 894 4
1072 863 1358 905 Animadverterat]
1382 866 1437 897 Ita
1454 868 1549 899 Editi

844 920 972 943 omnes.
995 913 1062 944 Sed
1077 914 1184 945 minus
1202 915 1335 947 Latine.
1362 917 1440 948 Non
1458 918 1547 950 enim

844 963 1063 1003 conjunctum
1085 965 1146 995 lioc
1171 975 1244 996 cum
1269 968 1548 1006 praecedentibus

834 1013 982 1049 facerent
1009 1019 1044 1046 et
1070 1017 1297 1056 descenderent,
1313 1017 1363 1058 (id
1380 1019 1470 1058 quod
1495 1020 1549 1051 Li·

844 1063 973 1096 brarios
983 1065 1137 1107 fefellit,)
1152 1067 1211 1098 sed
1221 1078 1296 1108 pum
1310 1070 1550 1111 antecedente,

842 1119 973 1154 poterut.
1009 1117 1250 1158 Quamobrem,
1266 1129 1309 1150 ex
1326 1120 1391 1150 ΜΞ.
1408 1121 1549 1160 Eliensi,

843 1165 917 1204 lege
927 1166 1440 1206 o1nnino‚AN1>1AnvrznTtnw.
1459 1172 1550 1203 Post-

843 1218 1115 1255 quam—poterat
1126 1219 1549 1257 ;—neque——animadver-

845 1264 963 1302 tebat3
1002 1267 1194 1298 adversarios
1215 1268 1363 1309 (autem)
1394 1270 1549 1302 intellexit

844 1314 950 1355 (tum)
984 1316 1106 1356 pridie,
1132 1320 1197 1349 ἃς.
1229 1319 1335 1349 Clark.
1383 1320 1551 1352 Latinitas

845 1365 1008 1405 postulat,
1026 1370 1063 1396 ut
1079 1376 1154 1397 cum
1178 1368 1230 1399 Cl.
1247 1368 1386 1399 Clarkio
1403 1379 1550 1410 reponas

843 1415 1120 1449 animadvertebat.
1175 1417 1228 1449 Ac
1264 1419 1312 1450 ita
1349 1429 1429 1451 sane
1467 1420 1550 1451 daut

844 1465 969 1496 Petav.
986 1471 1021 1497 et
1038 1467 1145 1499 Norv.
1160 1469 1271 1500 Dat-is.
1295 1479 1365 1500 cur.
1384 1479 1451 1502 sec.
1487 1471 1549 1501 Po-

844 1518 925 1546 terat
953 1520 989 1547 et
1014 1517 1285 1558 animadverteret,
1311 1518 1450 1550 defendi
1476 1530 1552 1561 pos-

845 1572 919 1597 sent
938 1577 998 1608 per
1022 1578 1075 1606 ea,
1091 1578 1168 1609 quae
1185 1568 1228 1599 de
1245 1569 1412 1600 variorum
1434 1570 1550 1601 modo-

846 1627 919 1648 rum
932 1619 1169 1660 conjunctione
1181 1620 1305 1660 saepius
1316 1621 1444 1652 notavi.
1461 1620 1550 1653 Vide

847 1674 974 1709 praeter
990 1670 1055 1701 alia
1071 1671 1113 1701 ad
1131 1671 1171 1701 B.
1191 1671 1234 1702 G.
1251 1681 1284 1702 v.
1302 1675 1331 1703 1.
1366 1673 1494 1703 Verum
1511 1676 1551 1703 ut

845 1719 916 1750 haec
933 1725 1061 1750 temere
1078 1730 1143 1751 non
1159 1726 1237 1751 sunt
1258 1721 1433 1760 mutanda,
1452 1723 1499 1753 ita
1517 1732 1550 1753 e-

846 1770 928 1800 tiam
953 1775 1074 1801 contra
1097 1771 1181 1801 Mss.
1200 1771 1456 1809 vetustissimos,
1482 1781 1550 1803 non

847 1821 1026 1851 retinenda
1065 1826 1124 1852 aut
1154 1821 1355 1852 inculcanda
1391 1822 1551 1853 arbitror.

847 1872 962 1903 Quare
999 1880 1075 1902 cum
1114 1871 1250 1902 Clarkio
1287 1871 1553 1902 animadvertebat

848 1920 1007 1960 rescripsi
1037 1919 1103 1950 fide
1133 1920 1314 1951 Petaviani
1341 1925 1376 1951 et
1404 1920 1549 1952 Eliensis

847 1971 956 2002 Codd.
974 1970 1095 2012 quibus
1120 1971 1257 2002 accedit
1278 1970 1456 2001 Leidensis
1484 1971 1554 2011 pri-

846 2034 928 2054 mus.

888 2077 906 2103 5
925 2073 995 2104 Non
1005 2083 1109 2104 eorum
1119 2073 1236 2104 virtute
1245 2071 1411 2114 confidere]
1429 2073 1552 2106 Quem-

844 2124 1026 2155 admodum
1051 2132 1237 2163 pronomen
1253 2124 1464 2164 reciprocum
1489 2133 1551 2164 pro

845 2175 1115 2206 demonstrativo
1153 2174 1295 2206 subinde
1330 2175 1480 2215 ponitur,
1513 2179 1553 2206 ut

846 2225 995 2256 ostendit
1010 2226 1109 2257 Joan.
1132 2225 1288 2256 Vorstius
1304 2224 1347 2255 de
1364 2225 1475 2256 Latin.
1492 2224 1554 2255 fal-

845 2285 882 2306 so
895 2280 1047 2315 suspect.
1063 2285 1093 2307 c.
1118 2279 1149 2305 5.
1177 2276 1237 2314 ita,
1260 2275 1335 2306 vice
1351 2285 1461 2314 versa,
1477 2275 1552 2306 ἀπο-

846 2325 995 2356 δεικνηκὸν
1021 2326 1054 2356 in
1084 2326 1249 2366 reciproci
1265 2326 1378 2357 locum
1401 2326 1455 2357 hic
1480 2335 1553 2358 suc-

847 2376 951 2408 cedit.
996 2377 1052 2407 Sic
1081 2380 1116 2407 et
1145 2377 1235 2416 apud
1263 2377 1437 2417 Hyginum
1466 2376 1550 2409 Fab.

846 2436 956 2458 Lxxx.
980 2428 988 2443 ‘
1007 2427 1099 2458 Tunc
1127 2427 1333 2467 deprecatus
1359 2427 1496 2465 Pollux,
1513 2431 1552 2458 ut

845 2477 967 2508 liceret
998 2485 1034 2508 ΕΙ
1063 2487 1182 2508 munus
1214 2487 1310 2507 suum
1339 2487 1414 2508 cum
1443 2476 1550 2507 fratre

847 2527 1118 2559 communicare?
1174 2528 1280 2558 Plura
1310 2528 1479 2568 congessit
1506 2526 1550 2557 G.

844 2579 879 2611 J.
907 2579 1047 2610 Vossius
1073 2577 1115 2609 de
1143 2578 1261 2609 Const.
1290 2587 1318 2607 c.
1348 2580 1400 2607 56.
1438 2576 1549 2606 Dat-is.

847 2628 1014 2661 Quoniam
1040 2628 1123 2659 illud
1139 2637 1172 2658 se
1188 2627 1230 2657 ad
1248 2627 1418 2658 Czesarem
1447 2624 1553 2655 reser-

847 2683 913 2717 tur,
928 2678 1004 2708 ideo
1021 2678 1064 2708 de
1087 2676 1289 2707 adversariis
1311 2675 1397 2704 dixit
1414 2674 1550 2704 Hirtius

847 2738 926 2766 non,
955 2737 1015 2758 sua
1043 2727 1174 2765 virtute,
1206 2730 1364 2765 respectu
1395 2723 1550 2754 nImirum

848 2777 1017 2818 propioris
1055 2775 1304 2815 antecedentis,
1337 2774 1552 2811 adversarios,-

1399 2835 1463 2867 5L
