1850 3109
445 187 550 217 cm».
581 175 651 215 61.
686 185 780 215 Lm.
815 185 878 217 nr.
912 185 1067 216 nunno
1117 189 1277 219 Arme.

129 281 238 323 primo
254 281 382 322 legitur
387 279 525 319 forsitan
539 279 570 309 id
585 282 714 318 tempus.
739 279 830 311 Qua-

128 332 155 362 si
173 330 277 362 fucrit
294 329 475 366 olimsorsit
491 332 564 359 unte
579 328 646 359 ide.
694 329 747 359 De
765 338 829 369 qua

128 390 210 412 voce
227 379 281 410 adi
310 378 460 410 Bronkb.
485 377 525 408 ad
554 379 715 418 Propert.
738 387 777 408 n.
797 382 828 409 7.

127 433 180 462 3³.
202 429 418 460 Cetermndie
432 438 494 468 pro
507 428 568 458 diei
581 438 693 458 rursus
707 429 830 467 legitur

127 479 161 510 in
174 479 256 511 cod.
271 478 448 518 Scaligeri.
475 478 540 509 Adi
555 478 597 509 ad
616 479 654 509 B.
670 479 708 510 C.
724 488 763 509 ιι.
775 482 828 509 23.

168 533 188 561 4
211 530 297 560 Dum
311 529 466 570 coepisset]
504 530 580 561 Hoc
598 531 673 562 loco
691 531 829 562 Ciacco-

127 580 200 610 nius
229 579 385 610 defendit
415 581 560 612 alterum
589 591 617 612 c.
642 584 694 611 88.
733 582 742 598 ‘
762 581 829 613 Qui

127 628 204 660 dum
223 630 335 660 anima
356 631 502 661 nondum
532 631 704 671 exspirata
720 631 829 661 conci-

127 679 229 711 disset
243 679 263 710 ·.’
300 680 357 712 ubi
385 681 418 712 in
446 682 612 712 nonnullis
642 685 696 712 est
725 691 827 721 quum.

126 729 194 762 Sed
213 731 311 762 male.
346 732 434 762 Dum
461 741 537 762 cum
563 736 696 771 tempus
719 735 829 771 notat,

126 789 192 820 quo
209 781 289 821 quid
313 781 451 820 accidit,
470 781 697 812 Indicativum
713 781 829 812 habet.

127 829 174 860 At
198 840 290 870 saepe
309 837 507 873 corruptum
537 841 613 863 esse
630 832 663 862 in
685 832 830 863 auctori-

125 880 187 912 bus
208 881 349 913 vidimus
367 882 409 913 ad
429 882 580 913 Frontin.
597 891 622 912 1.
639 886 670 912 5.
688 884 720 912 7.
758 882 828 913 Ad-

125 930 168 961 de
184 930 345 963 Arntzen.
363 933 404 963 ad
433 932 551 964 Aurel.
581 933 672 964 Vict.
689 933 732 964 de
754 934 829 965 Vir.

126 981 253 1012 illustr.
280 992 310 1012 c.
328 986 358 1013 8.
385 984 447 1022 ς4.
475 983 529 1014 Cl.
560 983 654 1014 Duk.
679 983 721 1014 ad
739 983 828 1015 Flor.

128 1041 186 1063 111.
206 1033 256 1063 1'1.
274 1035 303 1063 7.
322 1033 498 1064 Drakenb.
518 1033 560 1064 ad
579 1033 666 1064 Livii
691 1042 716 1065 1.
743 1037 795 1065 40.
813 1036 830 1075 ξ

128 1086 162 1113 7.
180 1083 257 1114 1ιίιιο
286 1084 445 1114 emendat
462 1094 480 1114 e
499 1085 565 1115 Ms.
603 1085 730 1125 Ultraj.
751 1087 828 1117 Val.

126 1133 222 1163 Max.
242 1141 297 1164 111.
314 1135 344 1163 3.
358 1134 372 1172 ξ
385 1136 414 1163 2.
440 1135 447 1150 ⁶
467 1133 535 1165 Qui
552 1133 630 1163 dum
649 1134 828 1174 legationis

126 1182 238 1214 officio
281 1184 457 1223 fungitur!
516 1183 571 1215 Sic
610 1184 712 1214 etiam
745 1184 828 1215 Mss.

126 1234 223 1266 Harl.
242 1239 277 1265 et
295 1234 390 1265 Leid.
408 1234 683 1273 nonfungeretur.
715 1235 829 1267 Quare

126 1284 216 1325 apud
245 1284 395 1315 Hirtium
427 1294 561 1326 quoque
591 1294 686 1325 quum
727 1285 827 1316 malo.

129 1334 236 1365 Plura
255 1333 332 1364 vide
349 1333 391 1364 ad
407 1343 437 1365 c.
454 1337 507 1365 88.

169 1387 207 1415 17
235 1384 325 1419 Quod
346 1383 521 1424 proprium]
561 1385 712 1416 Primam
729 1395 830 1417 vocu-

125 1434 205 1474 lam,
220 1438 341 1474 utpote
369 1434 562 1474 delendam,
576 1435 705 1466 uncinis
722 1436 830 1467 cinxit

125 1484 200 1517 Jos.
217 1484 368 1524 Scaliger
385 1495 394 1522 ;
430 1485 489 1515 sed
507 1494 573 1516 non
598 1495 683 1526 opus
711 1491 774 1526 est,
791 1491 830 1518 ut

124 1535 197 1566 viro
223 1545 352 1566 summo
392 1544 492 1566 aures
531 1536 758 1576 praebeamus,
789 1547 830 1568 ea

126 1585 214 1616 enim
233 1586 401 1626 particula
424 1586 490 1616 vim
514 1586 764 1617 adversativam
781 1588 830 1618 in-

126 1635 260 1666 terdum
291 1636 435 1675 obtinet,
463 1640 499 1667 ut
525 1636 720 1668 observavit
748 1636 827 1668 Ald.

128 1684 305 1716 Manutius
323 1685 366 1716 ad
383 1686 422 1716 B.
445 1686 484 1717 C.
502 1695 541 1717 11.
564 1689 614 1717 16.
663 1688 830 1728 Proprium

127 1740 242 1766 autem
257 1736 412 1775 gaudium
439 1740 491 1767 est
518 1741 735 1777 perpetuum,
759 1738 830 1770 sive

127 1785 335 1817 diuturnum.
397 1787 526 1818 Nonius
569 1787 754 1818 Marcellus
796 1799 828 1829 p.

126 1838 200 1867 390.
239 1836 248 1854 ‘
267 1837 463 1877 Proprium,
479 1837 676 1868 diuturnum
692 1839 829 1869 z—Pro-

126 1885 237 1925 prium
263 1885 434 1925 significat
450 1896 579 1917 rursum
603 1888 829 1927 perpetuum!

127 1934 255 1966 Noster
281 1935 423 1975 hujusce
451 1936 528 1967 libri
544 1946 573 1968 c.
591 1939 641 1967 32.
687 1938 696 1954 ‘
714 1938 830 1969 Victo-

126 1984 209 2015 riam
237 1985 408 2025 propriam
432 1995 467 2016 se
493 1987 542 2018 eis
559 1987 652 2017 brevi
670 1987 828 2019 daturum

125 2035 328 2075 pollicetur.'
363 2036 465 2067 Corn.
484 2036 602 2078 Nepos
618 2037 781 2079 Tlirasyb.
797 2048 827 2070 c.

126 2087 157 2115 4.
203 2086 212 2102 ‘
231 2086 345 2117 Parva
374 2096 523 2126 munera,
551 2087 704 2126 diutina3
738 2088 828 2119 locu-

126 2133 243 2173 pletia,
269 2144 336 2165 non
365 2136 507 2175 propria
543 2146 617 2167 esse
649 2147 830 2169 consueve-

127 2183 230 2213 runt.’
275 2184 365 2215 Vide
389 2190 424 2215 et
449 2185 603 2217 Servium
619 2187 662 2218 ad
689 2188 827 2228 Virgilii

126 2231 201 2264 AEn.
231 2241 287 2264 ιη.
315 2237 367 2263 85.
397 2235 523 2265 etAEn.
547 2239 688 2267 v1.871.
715 2237 828 2269 Davis.

127 2281 228 2314 Quod
242 2283 402 2322 proprium
413 2284 561 2322 gaudium
573 2284 755 2316 bellantibus
759 2286 829 2324 for·

126 2335 204 2363 tuna
231 2332 368 2364 tribuere
397 2343 457 2364 nou
486 2335 642 2366 decrerit:
678 2336 831 2377 Scaliger

127 2391 244 2414 vocem
260 2382 347 2417 Quod
358 2383 538 2415 delendam
549 2385 732 2418 existimat.
748 2387 830 2418 Per-

130 2443 248 2474 peram
266 2434 458 2466 admodum.
505 2435 604 2467 Perit
631 2437 733 2476 enim,
759 2438 830 2468 sine

129 2494 180 2524 ea,
201 2486 382 2517 sententiae
407 2491 566 2518 venustas
598 2488 706 2519 omnis
728 2493 830 2530 atque

129 2536 308 2566 connexio.
355 2537 516 2568 Davisius
544 2538 756 2570 retinendam
775 2550 831 2569 vo-

128 2584 214 2622 luit3
250 2586 340 2626 quod
357 2597 399 2618 ea
415 2589 584 2628 particula
607 2589 672 2620 vim
689 2592 831 2621 adversu-

129 2634 225 2665 tivam
241 2636 409 2668 interdum
423 2639 586 2671 obtineat.
623 2640 691 2671 Sed
707 2647 741 2672 et
757 2642 830 2682 ipse

131 2682 272 2715 fallitur.
319 2687 369 2717 Ac
381 2687 504 2718 nodum
529 2688 684 2728 profecto
701 2690 735 2721 in
751 2691 832 2722 scir-

132 2742 177 2773 po
195 2735 424 2774 quaesiverunt
440 2737 515 2769 Viri
530 2738 727 2771 doctissimi.
769 2742 832 2773 Est

1468 178 1582 222 1623

883 279 972 309 enim
988 279 1050 309 hoc
1068 280 1100 310 in
1119 279 1192 310 loco
1207 281 1307 320 plane
1324 291 1445 313 nomen
1464 284 1582 315 Relati-

882 338 961 360 vum.
1007 329 1105 362 Quod
1128 331 1278 368 gaudium
1304 331 1443 372 (nempe
1473 335 1583 372 prm-lii

882 379 1049 419 equestris
1097 380 1266 420 secundi‚)
1295 380 1428 418 fortuna
1470 386 1582 414 tamen

879 429 1039 469 proprium
1068 429 1148 469 (hoc
1179 436 1244 469 est,
1272 434 1453 471 perpetuum
1464 434 1491 472 ‚·)
1529 434 1584 463 tri-

884 479 975 511 buere
991 491 1049 511 non
1065 481 1210 513 decrevit.

926 532 966 559 19
992 532 1070 560 Cum
1097 534 1188 570 purte
1215 531 1382 572 equitatus]
1423 532 1584 572 Syntaxis

882 580 1046 618 postulat,
1064 585 1101 610 ut
1115 581 1264 620 legamus
1279 591 1346 611 cum
1367 585 1487 621 purtem
1502 581 1586 621 equi·

881 632 978 666 tutus,
1018 631 1298 670 quemadmodum
1342 631 1482 661 exhibet
1515 631 1584 663 Ms.

882 681 1021 721 Regius,
1038 686 1186 712 testante
1198 683 1298 714 Joan.
1310 683 1479 713 Goduino.
1506 682 1584 714 Mu·

881 735 954 762 tata
983 731 1085 772 igitur
1123 731 1357 772 distinctione,
1398 733 1586 764 rescriben-

881 780 960 811 dum
976 791 1068 821 quum
1078 785 1199 821 par-tem
1223 783 1378 821 equitatus
1396 782 1587 822 sui—misit,

880 830 914 861 in
942 830 1064 870 itinere,
1094 832 1146 870 &a
1184 831 1300 862 Dacis.
1357 832 1477 871 Caesur,
1507 841 1584 863 cum

882 884 978 920 parte
993 881 1148 921 equitatus
1160 882 1358 920 sui‚-—misit
1374 893 1381 913 :
1415 882 1448 912 in
1460 883 1587 923 itinere,

880 932 932 969 ἑγε.
990 931 1163 970 Davisius,
1193 940 1235 962 ex
1263 931 1473 972 conjectura,
1503 932 1585 973 Syn·

881 979 953 1010 taxi
966 981 1172 1020 postulante,
1185 982 1340 1022 reponit3
1361 982 1468 1013 Coesur
1478 992 1582 1023 quum

881 1036 1012 1069 partem
1025 1032 1180 1070 equitatus
1192 1032 1393 1069 sui—misit3
1412 1032 1444 1063 in
1458 1033 1582 1072 itinere,

878 1081 929 1117 ἄγε.
975 1081 1059 1112 Quae
1076 1081 1210 1122 quidem
1227 1081 1355 1121 optima
1379 1086 1433 1112 est
1448 1081 1584 1122 conjec-

880 1135 978 1168 tnra3
1003 1136 1038 1162 et
1061 1131 1343 1173 firmatur,atque
1357 1132 1459 1164 etiam
1470 1142 1585 1164 emen·

881 1179 981 1210 datur
996 1189 1049 1217 eo,
1066 1180 1153 1220 qnod
1180 1181 1213 1210 in
1238 1182 1304 1211 Ms.
1334 1183 1446 1212 Vossii
1475 1183 1582 1223 scrip-

881 1234 951 1260 tum
979 1229 1136 1270 repperi;
1178 1230 1284 1260 Caesar
1316 1240 1419 1271 quum
1449 1236 1584 1270 partem

879 1280 1035 1319 equitatus
1050 1280 1322 1318 sui—nnfflsSET;
1346 1280 1378 1310 in
1395 1280 1518 1321 itinere,
1532 1283 1585 1321 §01:-

881 1329 1025 1361 Interim
1053 1334 1167 1361 tamen
1198 1329 1335 1361 defendi
1353 1330 1500 1371 quodam
1515 1340 1585 1362 mo·

880 1382 923 1413 do
950 1392 1051 1423 posse
1082 1381 1217 1413 videtur
1250 1381 1404 1412 lectionis
1434 1381 1583 1422 vulgatae

879 1433 1040 1473 Syntaxis
1055 1444 1063 1471 ;
1088 1435 1207 1471 Coesur,
1224 1442 1300 1464 curn
1318 1437 1414 1473 parte
1431 1433 1586 1473 equitatus

879 1484 1077 1522 suis-misit
1092 1483 1280 1524 (subintell.
1299 1483 1449 1522 milites.)
1475 1484 1515 1514 In
1531 1483 1585 1514 iti-

879 1544 964 1574 nere,
979 1536 1030 1574 Esc.
1055 1536 1162 1566 Clark.
1201 1535 1271 1565 Pro
1289 1539 1370 1565 nota
1385 1544 1460 1565 mea
1472 1544 1581 1575 pone:

883 1585 961 1615 Cum
977 1589 1074 1625 parte
1095 1584 1249 1624 equitatus
1275 1585 1324 1614 sui
1350 1584 1488 1624 Leptim,
1516 1583 1584 1615 fru-

880 1636 986 1666 menti
1013 1635 1136 1676 gratia,
1162 1635 1266 1668 misit.
1312 1636 1351 1665 Ιιι
1379 1635 1501 1675 itinere,
1526 1637 1581 1674 ᾃσ.

883 1685 1046 1716 Frumenti
1059 1686 1168 1725 gratia
1185 1695 1250 1716 non
1272 1685 1466 1725 agnoscitur
1483 1695 1503 1715 a
1521 1685 1585 1717 Pe-

882 1738 951 1765 tav.
970 1736 1090 1776 Cujac.
1114 1739 1150 1766 ct
1178 1735 1319 1766 Norvic.
1346 1735 1442 1765 Voss.
1470 1739 1585 1766 autem

882 1791 917 1817 et
934 1786 1065 1826 Gryph.
1089 1786 1251 1816 exhibent
1275 1786 1585 1826 purtim—misisset.

882 1837 974 1877 Lege
992 1837 1096 1877 igitur
1119 1847 1188 1867 cum.
1208 1840 1332 1877 purtem
1357 1837 1512 1876 equitatus
1537 1838 1586 1867 sui.

881 1886 1010 1926 Leptim
1027 1887 1160 1918 misisset
1175 1897 1185 1923 ;
1209 1887 1240 1917 in
1257 1887 1379 1926 itinere,
1395 1888 1448 1926 ὅγε.
1473 1887 1585 1918 Dacis.

880 1946 952 1967 cur.
968 1947 1037 1968 sec.
1069 1937 1199 1968 Partem
1216 1937 1339 1968 habeut
1352 1937 1447 1968 Leid.
1466 1947 1532 1968 sec.
1551 1940 1586 1968 et

880 1985 967 2016 Edd.
981 1987 1121 2017 Vascos.
1139 1986 1273 2027 Gryph.
1302 1991 1390 2026 post.
1415 1987 1533 2027 Steph.
1550 1993 1587 2018 et

879 2035 968 2066 aliae.
995 2036 1064 2067 Pro
1085 2035 1241 2073 frumenti
1259 2036 1368 2076 gratia
1394 2036 1454 2067 dat
1477 2037 1587 2068 Dorv.

873 2085 1092 2124 frumentandi
1108 2092 1143 2117 et
1155 2086 1250 2118 Leid.
1267 2096 1334 2118 sec.
1351 2097 1466 2118 caussa.
1489 2086 1521 2118 A
1534 2097 1587 2118 re-

881 2137 980 2177 liquis
997 2137 1122 2168 absunt
1139 2137 1243 2168 etiam
1256 2141 1325 2168 eta
1340 2137 1438 2168 Leid.
1456 2147 1508 2178 pr.
1524 2138 1587 2168 eti-

880 2197 934 2218 am
958 2187 1109 2219 Verbum
1136 2187 1234 2219 misit.
1283 2188 1362 2218 Cum
1383 2191 1474 2227 parte
1499 2187 1586 2218 misit

881 2238 961 2268 mihi
985 2238 1120 2270 sincera
1151 2238 1320 2269 videntur.
1368 2239 1492 2268 Forsan
1512 2237 1586 2275 fru-

881 2289 1050 2319 mentarios
1066 2289 1116 2318 vel
1123 2288 1370 2326 frumentatores
1385 2298 1477 2327 quum
1486 2288 1586 2327 misit,

881 2338 914 2368 in
936 2338 1061 2377 itinere,
1083 2340 1137 2377 ἔμ’.
1162 2339 1294 2378 proedat.
1323 2338 1387 2373 Qui
1403 2338 1520 2379 equites
1534 2343 1587 2370 est

883 2389 917 2419 in
934 2388 1116 2419 Petavian.

924 2440 965 2469 25
991 2438 1059 2469 Iter
1074 2439 1207 2480 qfficere]
1239 2437 1457 2469 Rhellicanus
1475 2447 1586 2470 emen-

882 2488 953 2527 dat,
970 2488 1097 2519 interim
1118 2490 1246 2530 officere.
1289 2487 1360 2519 Sed
1380 2488 1462 2518 nihil
1486 2497 1584 2527 opus.

883 2540 991 2570 Clark.
1052 2539 1125 2571 Iter
1156 2541 1274 2582 officere
1303 2550 1363 2570 non
1391 2538 1585 2570 intermittit.

882 2588 1098 2620 Archaismos
1127 2590 1161 2619 in
1191 2589 1297 2619 nitido
1325 2588 1491 2628 scriptore
1517 2596 1585 2617 non

882 2639 1089 2670 admiserim.
1150 2639 1262 2679 Igitur
1294 2639 1345 2668 vel
1388 2638 1448 2667 iter
1474 2636 1586 2675 delen,

883 2689 974 2730 quod
1004 2689 1114 2720 nescit
1141 2689 1247 2720 editio
1271 2687 1492 2728 Gryphiana;
1529 2686 1585 2718 vel

882 2740 959 2780 lego
974 2740 1276 2778 adversariorumque
1291 2736 1521 2769 excursionibus
1535 2735 1585 2768 ita
