1850 3109
252 183 362 225 1818
675 192 712 222 J.
747 190 883 220 eichst
919 187 1270 219 COMMENTARII

248 294 414 344 plurium
435 293 579 331 dierum
600 291 911 342 supplicationes,
934 301 1046 337 quam
1071 287 1134 324 ulli
1161 298 1329 336 unquam
1361 283 1578 326 decrevere,
1603 286 1643 318 ut
1664 285 1702 318 et

248 359 451 396 historicus
480 358 580 393 idem
615 356 681 399 ait,
711 362 748 391 et
780 366 825 389 ex
860 351 1061 401 praemissis
1095 350 1293 399 ⁹⁴aperuit.
1352 348 1544 396 Deinceps
1566 345 1701 382 eadem

246 435 349 460 arma
371 422 488 471 impia
522 427 557 455 et
594 419 733 467 injusta
762 423 800 454 et
833 415 1034 452 inviscera
1064 415 1196 463 patriae
1225 412 1431 449 miserabili
1451 409 1703 448 alternatione

247 498 446 523 conversa:
481 482 667 526 Quamvis
699 481 799 517 enim
834 486 870 516 et
906 478 962 515 liis
994 490 1129 525 magna
1161 489 1234 512 uon
1267 476 1365 513 desit
1384 475 1594 516 excusatio,
1617 484 1703 509 vere

197 563 209 569 *
248 558 374 587 tamen
398 548 496 584 nulla
521 545 708 583 sufficiens
729 557 845 582 causa
876 550 934 580 est
969 547 1100 578 eontra
1132 539 1294 589 patriam
1315 551 1415 575 arma
1438 536 1702 574 moventibus:

246 612 293 649 ‹le
315 610 586 661 ”quibusdam
612 609 693 657 jam
728 608 815 644 hinc
849 619 960 655 agere
982 603 1195 654 aggrediar.
1254 602 1410 640 Dictum
1432 608 1485 637 est
1507 599 1635 637 multis
1665 599 1702 635 iu

245 675 340 712 locis
373 681 409 712 et
444 673 650 710 dicendum
689 671 883 721 pluribus:
915 669 1055 706 ‘Nulla
1090 679 1257 717 unquam
1294 678 1431 710 magna
1470 664 1589 714 gloria
1623 664 1703 700 sine

245 751 381 789 magna
403 737 474 775 fuit
497 736 670 774 invidia?
701 743 739 772 ut
761 733 1004 771 memorabile
1035 732 1084 769 sit
1116 730 1222 780 quod
1256 731 1374 767 fertur
1394 729 1564 767 Socratis
1585 727 1706 765 cousi-

246 802 353 847 lium‚
376 802 442 852 qui
465 801 652 851 quaerenti
676 798 866 837 Alcibiadi
885 797 1048 847 qualiter
1068 794 1244 832 invidiam
1267 794 1416 831 vitaret:
1442 798 1451 812 ‘
1466 793 1560 829 vive'
1580 791 1705 840 iuquit

246 872 313 903 ‘nt
331 866 534 903 Ten-sites&
572 865 624 901 sie
663 871 722 901 est
762 862 901 899 hercle.
961 861 999 897 Si
1039 859 1197 896 vixisset
1234 858 1336 894 domi
1375 858 1505 894 Caesar
1543 856 1702 897 otiosus,

245 930 434 979 voluptati
465 936 501 965 et
536 941 671 965 somno
707 926 956 969 incubuisset,
992 924 1093 961 baud
1133 922 1250 959 dubie
1289 921 1461 959 hostibus
1494 926 1529 956 et
1563 918 1705 956 invidia

244 993 443 1029 caruisset:
478 992 543 1028 sed
578 1004 663 1027 eum
696 990 862 1027 Galliam
886 989 1108 1031 domuisset,
1131 988 1428 1035 Romanumque
1449 984 1546 1020 illam
1563 983 1703 1030 jugum

244 1056 342 1094 ferre
363 1056 566 1105 coegisset,
590 1054 789 1104 vectigalia
813 1053 945 1104 populi
966 1051 1131 1089 Romani
1163 1051 1385 1087 immensum
1408 1048 1584 1091 auxisset,
1605 1047 1704 1084 Ger-

245 1132 378 1157 manos
419 1126 459 1156 ut
497 1126 553 1155 est
592 1119 735 1154 dictum
776 1117 950 1153 cladibus
986 1115 1175 1153 affecisset
1214 1114 1400 1156 maximis,
1441 1126 1537 1162 quos
1577 1118 1702 1148 tamen

243 1182 431 1220 vincendo
451 1196 496 1219 ac
516 1180 714 1224 vastando,
742 1180 854 1230 [17¹2]
875 1180 927 1216 ita
948 1179 1019 1216 sibi
1041 1178 1189 1215 virtutis
1209 1177 1459 1214 admiratione
1478 1174 1701 1220 devinxerit,

246 1255 287 1286 ut
319 1261 439 1297 usque
474 1248 509 1284 in
545 1254 769 1296 }›i·aesei)terii
803 1245 903 1282 diem
939 1245 1216 1293 gubernatores
1245 1243 1392 1292 imperii
1425 1241 1544 1291 (qnod
1567 1240 1614 1278 ad
1637 1254 1703 1278 eos

245 1312 330 1349 ideo
350 1324 483 1349 vereor
511 1310 722 1353 descendit,
759 1318 797 1346 ut
833 1311 974 1353 rueret)
999 1320 1072 1344 uon
1107 1307 1182 1343 alio
1216 1319 1331 1356 quam
1362 1305 1520 1342 Caesaris
1553 1304 1704 1341 nomine

246 1375 410 1412 vocitent
428 1374 574 1424 vulgari
595 1374 631 1410 in
653 1385 844 1410 sermone:
865 1385 953 1409 cum
973 1378 1012 1408 et
1031 1371 1249 1408 Brittannos
1269 1369 1437 1406 similiter
1457 1369 1703 1418 subjtigasset

244 1439 514 1489 Rhenumque,
538 1452 583 1474 ue
603 1437 766 1487 amplius
788 1437 894 1472 limes
915 1442 1030 1479 esset,
1053 1442 1169 1484 atque
1192 1434 1314 1483 ipsum
1335 1433 1449 1470 etiam
1469 1430 1703 1469 ⁹⁶‹locuisset

244 1503 462 1547 Oceanum;
496 1502 615 1539 multa
649 1508 687 1538 et
721 1513 857 1550 magua
890 1500 1039 1548 agendo
1071 1505 1187 1547 atque
1220 1496 1415 1541 audendo,
1439 1496 1642 1533 multorum
1664 1503 1702 1533 et

245 1579 467 1616 magnorum
509 1566 543 1601 in
585 1564 767 1601 iuvidiam
804 1557 948 1600 incifiit.
1005 1563 1041 1599 O
1074 1562 1291 1598 mortalium
1327 1574 1478 1610 semper
1511 1560 1702 1597 laboriosa

244 1630 428 1673 conditio,
452 1643 604 1679 semper
624 1628 809 1678 disposita
839 1627 896 1663 vel
925 1626 1176 1675 contemptui,
1210 1627 1266 1663 vel
1303 1625 1457 1662 invidiae
1485 1624 1702 1673 subjacere.

245 1696 360 1732 Erant
384 1695 516 1731 Romae
539 1693 646 1729 multi
670 1693 736 1729 viri
759 1693 941 1741 ingentes,
972 1704 1134 1741 quorum
1157 1690 1323 1740 quisque
1344 1691 1416 1727 sibi
1449 1690 1611 1740 primum
1646 1689 1704 1726 lo-

243 1772 331 1796 cum
353 1758 484 1808 gloriae
507 1757 726 1794 vindicaret.
783 1752 887 1792 Inter
920 1755 996 1791 imo
1027 1762 1113 1791 ante
1144 1755 1238 1791 alios
1274 1766 1432 1803 magnus
1465 1754 1633 1796 nomine,
1665 1766 1703 1790 re

242 1830 368 1859 autem
392 1822 579 1859 maximus
602 1821 831 1870 pompejus:
855 1820 917 1856 cui
936 1821 1067 1858 Caesar
1086 1826 1124 1855 ut
1142 1821 1307 1855 amicum
1326 1818 1432 1855 illum
1455 1818 1525 1854 srbi
1549 1818 1701 1861 faceret,

244 1886 360 1923 tiliam
380 1885 520 1922 juliam
542 1884 724 1934 optimam
741 1892 778 1920 et
800 1883 867 1920 viri
888 1883 1187 1920 amantissimam
1210 1882 1433 1919 collocavit:
1465 1881 1532 1919 sed
1549 1881 1597 1918 ad
1619 1881 1703 1918 odi·

245 1963 307 1986 um
331 1962 471 1998 pronas
493 1956 638 1984 mentes
657 1949 703 1984 ad
727 1947 936 1984 amicitiam
958 1946 1190 1996 detorquere
1211 1946 1382 1982 difficile:
1419 1945 1542 1981 valere
1577 1952 1702 1982 tamen

243 2019 393 2062 poterat
414 2014 459 2048 ad
485 2011 680 2061 publicani
702 2024 852 2059 pacem,
884 2011 912 2046 si
945 2018 1012 2046 aut
1045 2009 1129 2058 ipsa
1163 2009 1331 2052 vixisset,
1366 2015 1433 2045 aut
1464 2015 1700 2057 conceptum

242 2077 366 2114 subita
391 2092 420 2113 ι·
444 2075 699 2112 usteruutiouc
722 2088 795 2111 unu
817 2073 1015 2111 effudisset
1036 2074 1230 2110 abortum.
1289 2073 1422 2111 Juuxit
1449 2080 1485 2109 et
1506 2072 1582 2109 alio
1603 2085 1703 2109 nexu

242 2141 315 2177 sibi
349 2141 373 2176 P
408 2139 577 2189 „pojum
614 2141 757 2182 Caesar,
795 2138 1017 2187 priusquam
1053 2138 1122 2174 iret
1155 2138 1190 2173 iu
1214 2138 1380 2174 Gallias:
1412 2144 1450 2174 et
1481 2144 1520 2173 ut
1552 2136 1703 2182 glutino

242 2204 437 2241 stabiliore
459 2203 721 2246 consisterent,
745 2203 921 2239 Marcum
942 2203 1122 2239 Crassum
1145 2202 1215 2251 ipsi
1239 2201 1426 2251 Pompejo
1446 2215 1464 2237 a
1488 2214 1565 2250 quo
1589 2199 1702 2236 veteri

242 2269 333 2306 odio
353 2267 579 2310 dissidebat,
597 2267 878 2303 reconciliavit:
912 2273 951 2302 ut
973 2266 1093 2302 tribus
1116 2265 1403 2315 potentissimis,
1426 2265 1529 2301 nullo
1551 2270 1703 2300 coutra-

243 2332 298 2369 rio
318 2344 412 2368 auso
435 2332 609 2368 Romana
632 2330 883 2380 Respublica,
907 2338 943 2367 et
973 2343 1041 2379 per
1074 2342 1315 2378 consequeus
1345 2335 1448 2365 totus
1469 2327 1571 2364 orbis
1591 2327 1701 2363 obse-

242 2402 440 2445 queretur:
474 2396 574 2430 ‘Haut
614 2406 702 2430 sane
734 2400 994 2430 commentum
1027 2392 1125 2430 rude
1164 2393 1221 2429 vel
1254 2392 1602 2428 ⁹⁸insulsissimum:
1633 2391 1699 2428 sed

242 2460 395 2496 sortuua
418 2471 520 2494 more
541 2470 611 2493 suo
633 2463 762 2493 rotans
784 2469 840 2492 res
872 2456 1071 2499 luimauas,
1094 2456 1219 2492 omniu
1241 2455 1287 2491 ad
1313 2469 1428 2492 unum
1451 2455 1699 2491 devolvebat:

241 2530 279 2560 et
301 2522 475 2571 P0¹¹11le
497 2520 655 2571 quidem
690 2520 831 2556 auxilio
852 2519 1019 2569 primum
1052 2520 1218 2556 (lolliam
1252 2527 1368 2569 atque
1400 2519 1581 2556 Illiricum
1616 2530 1702 2568 pro-

282 2677 323 2705 94
348 2674 452 2713 Lege,
466 2673 704 2713 apparuit-93
732 2673 844 2713 Forte,
856 2672 1064 2714 quibua—96
1090 2673 1195 2713 Lege,
1211 2673 1423 2705 domuisset&
1433 2675 1471 2703 97
1490 2672 1592 2713 Lege,
1607 2671 1698 2701 haud.

241 2746 274 2752 ·-
286 2730 326 2758 98
348 2727 464 2767 Forte,
476 2725 712 2764 ikulsumsuit.
