1850 3109
264 157 377 198 1742
688 166 726 196 J.
759 164 897 195 caLsi
932 164 1283 194 COMMENTARH

262 274 410 317 septem
433 266 532 304 milia
552 279 731 315 passuum
750 265 885 315 procul
907 264 993 301 inde
1009 265 1126 314 plano
1148 265 1184 301 in
1206 264 1331 302 littore
1366 269 1446 302 tota
1475 277 1563 302 cnm
1595 263 1716 302 classe

263 331 450 369 constitit.
525 332 577 367 At
611 329 794 373 Britanni,
828 327 1025 364 intellecto
1063 328 1237 373 consilio,
1276 328 1481 377 praemissis
1520 327 1718 377 equitibus

262 402 378 445 atque
416 394 573 438 essedis,
605 394 746 442 quibus¹
782 392 819 428 iu
856 391 957 427 bello
991 390 1046 427 uti
1079 398 1371 436 consueverant,
1398 392 1480 441 pari
1513 391 1718 428 velocitate

262 460 389 496 locum
408 465 601 507 occupant
619 473 626 494 :
659 460 949 504 consequuntur
969 454 1181 503 equitatum
1205 455 1341 499 turbae,
1364 456 1415 492 ita
1435 469 1567 492 omnes
1592 455 1716 505 copiae

261 523 466 574 egressuris
495 536 532 559 se
565 520 746 558 Romanis
776 519 981 569 objiciunt.
1038 519 1127 556 Emt
1157 519 1270 568 plane
1295 518 1500 556 descensus
1522 520 1556 555 in
1578 525 1717 556 terram

261 586 511 624 difficillimus
543 591 701 634 propter
719 597 831 634 aquae
854 582 1105 628 altitudinem,
1124 583 1202 620 sine
1225 596 1300 632 qua
1321 595 1466 632 magnae
1493 594 1607 618 naves
1638 594 1718 619 esse

261 650 417 699 regique
446 660 520 685 non
540 654 731 697 poterant.
790 648 839 684 Et
868 647 897 683 si
929 646 995 696 qui
1024 660 1044 684 e
1083 647 1244 684 navibus
1276 646 1494 690 exivissem,
1517 647 1589 683 ¹⁸ct
1615 645 1719 683 sicco

261 713 310 750 de
330 713 453 758 litore,
472 718 539 749 aut
559 725 604 748 ex
628 710 732 748 vadis
751 710 1016 747 humilioribus
1037 709 1331 760 excipiebantur
1346 710 1509 746 hostium
1531 722 1716 746 occursu:

262 785 300 814 et
330 776 395 814 ubi
425 783 524 814 stare
553 775 707 812 difficile
726 782 819 818 erat,
856 774 1098 823 cogebantur
1127 774 1260 823 iniquo
1291 775 1416 811 Marte
1437 780 1594 819 certare,
1616 773 1720 811 unde

262 854 336 879 non
359 840 547 877 immerito
583 839 744 876 Romani
766 838 885 876 territi
905 850 950 875 ac
973 837 1116 874 turbati
1136 844 1174 874 et
1203 837 1375 874 locorum
1410 838 1513 874 inscii
1547 844 1585 874 et
1618 838 1721 886 ejus-

262 905 366 942 modi
386 904 507 954 proelii
536 903 721 953 inexperti
741 902 856 940 solito
885 902 1038 951 segnius
1071 901 1310 951 pugnabant.
1367 900 1483 943 Quod
1515 907 1557 937 ut
1589 902 1721 938 Caesar

262 968 378 1013 vidit;
406 968 539 1017 longas
559 980 674 1004 naves
693 967 742 1005 ab
766 967 874 1004 ¹⁹alta
914 966 1032 1003 classe
1053 966 1195 1002 secerni
1215 971 1252 1002 et
1283 965 1394 1002 remis
1416 965 1462 1002 ad
1486 964 1574 1002 litus
1595 965 1722 1015 appli-

264 1044 350 1069 care
373 1031 548 1081 imperat,
580 1037 699 1081 atque
737 1030 826 1067 inde
854 1031 1024 1067 omnium
1057 1042 1195 1079 genere
1216 1029 1410 1066 missilium
1435 1029 1580 1066 hostem
1604 1028 1720 1078 pelli;

262 1108 377 1146 quem
398 1095 480 1145 ipse
501 1094 656 1132 navium
679 1101 858 1144 aspectus
879 1102 918 1132 et
938 1093 1199 1142 magnitudine
1214 1100 1251 1130 et
1267 1106 1456 1130 remorum
1479 1093 1641 1142 strepitu
1663 1092 1720 1129 iu-

261 1166 410 1197 snetum
431 1159 572 1196 talibus
601 1158 794 1195 exterruit.
853 1157 928 1195 Ubi
955 1164 1083 1195 autem
1117 1157 1339 1206 sagittarum
1367 1157 1534 1193 ²0imbris
1552 1169 1598 1193 ac
1620 1156 1721 1193 toni-

261 1229 346 1260 trua
384 1228 659 1259 tormentorum
689 1221 725 1258 in
757 1221 926 1258 hostilem
956 1222 1077 1258 aciem
1112 1221 1305 1258 incidere:
1342 1233 1548 1270 parumper
1580 1218 1721 1258 referre

260 1288 399 1338 pedem
437 1288 565 1325 hostes
600 1288 847 1336 inceperunt:
889 1300 958 1324 nec
998 1287 1091 1323 dum
1125 1293 1251 1323 tamen
1291 1285 1452 1322 Romani
1491 1298 1572 1323 sese
1606 1284 1719 1323 undis

261 1351 418 1389 credere
438 1351 532 1396 ausi,
550 1350 639 1400 ipsis
661 1364 680 1387 e
701 1350 898 1400 puppibus
917 1350 1205 1399 praeliabantur,
1227 1348 1352 1386 donec
1371 1347 1546 1398 aquilifer
1559 1347 1720 1386 decimae

262 1415 432 1466 legionis,
467 1428 581 1465 quam
620 1415 775 1451 amabat
803 1415 947 1458 Caesar,
979 1415 1055 1451 alta
1084 1415 1178 1451 deos
1207 1426 1315 1450 orans
1347 1425 1452 1456 voce,
1482 1418 1522 1449 ut
1562 1411 1723 1449 feliciter

261 1479 402 1524 legioni
432 1478 660 1516 succederet
691 1478 795 1528 qnod
831 1480 1001 1527 parabat,
1024 1491 1152 1514 versus
1175 1477 1223 1514 ad
1245 1477 1400 1514 comites
1422 1489 1429 1513 :
1448 1482 1457 1497 ‘
1480 1475 1643 1513 desilite¹
1663 1476 1721 1512 in-

263 1543 345 1593 quit
367 1547 377 1563 ‘
396 1542 432 1579 in
451 1541 604 1586 fluctus,
625 1549 662 1579 et
683 1542 883 1592 sequimini
907 1555 965 1579 me
987 1542 1269 1579 commilitones
1291 1541 1379 1585 mei,
1402 1540 1625 1590 quicunque
1643 1552 1721 1579 nou

263 1607 374 1644 vultis
406 1607 504 1644 hanc
537 1606 707 1655 aquilam
743 1606 917 1642 hostibus
952 1606 1188 1643 ilhidendam
1229 1604 1393 1642 tradere.
1451 1604 1489 1642 Si
1524 1605 1592 1642 viri
1629 1606 1720 1643 estis

260 1683 444 1720 prospera
464 1676 605 1707 cuncta
625 1670 860 1719 provenient,
882 1670 911 1707 si
940 1670 1077 1714 minus,
1112 1683 1184 1719 ego
1207 1669 1339 1706 saltem
1379 1668 1554 1706 debitum
1593 1682 1719 1707 meum

261 1733 483 1783 reipublicae
504 1735 562 1770 ²¹a
590 1735 765 1771 Romano
795 1734 955 1784 imperio
987 1735 1085 1771 hona
1107 1733 1366 1783 persolveroz'
1388 1732 1470 1770 haec
1500 1733 1719 1770 exclamans

261 1798 406 1834 medios
426 1798 462 1834 in
486 1797 626 1835 fluctus
643 1798 732 1835 mira
753 1799 949 1837 alacritate
971 1798 1278 1847 ²²(lissiluit.[75]
1308 1796 1481 1845 ²³Attigit
1500 1803 1538 1833 nt
1554 1797 1719 1846 primum

264 1867 401 1897 terram
422 1861 585 1910 pedibus
607 1861 747 1909 attigit,
769 1876 896 1911 gressu
916 1862 1054 1912 rapido
1075 1862 1171 1899 ferre
1192 1861 1363 1911 aquilam
1386 1860 1420 1896 in
1439 1861 1563 1897 hostes
1579 1861 1718 1911 coepit:

262 1923 413 1960 virtutis
445 1925 624 1972 exemplo
653 1931 691 1961 ct
722 1925 868 1962 nobiles
895 1925 1039 1963 incitati
1062 1939 1206 1970 omnes,
1227 1938 1302 1962 non
1334 1925 1454 1960 solum
1479 1924 1542 1973 qni
1573 1926 1608 1961 in
1642 1925 1722 1970 illa,

263 1987 327 2023 sed
351 1987 416 2036 qui
450 1988 485 2023 in
516 1988 664 2024 cunctis
693 1996 799 2024 erant
830 1989 994 2025 navibus
1025 1989 1062 2024 in
1101 1988 1222 2024 undas
1257 1994 1374 2036 atque
1404 1987 1490 2024 inde
1519 1988 1554 2024 in
1590 1989 1719 2026 hostes

262 2058 396 2087 ruunt:
420 2063 549 2099 pugna
570 2057 679 2086 atrox
701 2051 881 2095 exoritur,
913 2051 1098 2100 duraque,
1120 2064 1278 2100 nucem,
1299 2059 1336 2088 et
1360 2053 1540 2089 Romanis
1561 2052 1721 2090 adversa

261 2120 422 2164 propter
454 2114 625 2151 locorum
661 2113 911 2162 iniquitatem.
970 2115 1178 2164 Postquain
1203 2129 1290 2152 vero
1322 2123 1457 2152 terram
1479 2129 1609 2153 omnes
1631 2115 1722 2154 ²⁴at·

263 2177 474 2225 tingerent:
506 2176 657 2213 collecti
684 2176 720 2212 in
752 2190 867 2213 unum
899 2185 934 2214 et
969 2178 1113 2214 reducti
1147 2178 1194 2214 ad
1228 2179 1381 2215 solitum
1416 2192 1554 2228 pugnae
1587 2192 1720 2229 genus,

263 2239 338 2277 alio
369 2240 515 2289 inipetu
556 2239 694 2276 invecti
726 2240 906 2277 fuderunt
941 2240 1204 2284 adversario*
1239 2242 1369 2279 fuisset
1391 2242 1527 2279 clarior
1560 2242 1719 2280 victoria

262 2304 291 2340 si
319 2303 365 2340 ad
391 2303 666 2352 insequendum
695 2303 876 2353 profugos
896 2304 1089 2352 equitatus
1112 2304 1147 2340 in
1183 2312 1352 2352 tempore
1382 2304 1572 2347 affuissem
1608 2311 1718 2343 tanta

264 2366 336 2403 suit
367 2374 509 2409 tamen,
547 2374 587 2402 ut
626 2366 790 2402 Britanni
829 2367 990 2403 hostiurn
1027 2380 1174 2416 suoque
1213 2381 1304 2404 casn
1334 2368 1465 2411 territi,
1501 2369 1648 2418 ltgatos
1667 2368 1715 2407 ad

264 2430 450 2468 Caesarem
475 2430 666 2465 mitterent
687 2436 723 2465 et
742 2430 975 2466 deditionem
999 2438 1034 2467 ct
1058 2431 1212 2467 obsides
1232 2440 1266 2467 et
1291 2431 1480 2481 quidquid
1509 2432 1718 2470 xit-toribus

263 2492 354 2529 victi
391 2493 535 2529 debent
566 2491 781 2537 otl'crentcs,
820 2506 908 2529 cnm
949 2493 990 2529 iis
1012 2502 1045 2530 et
1079 2494 1235 2530 (r'oniins
1255 2494 1380 2538 rediit,
1410 2508 1523 2543 quein
1558 2495 1606 2532 ad
1638 2509 1718 2541 cos,

296 2645 336 2673 18
360 2642 462 2681 Lege,
478 2641 599 2673 512—-19
624 2644 725 2682 Lege,
739 2644 901 2675 alim-{20
926 2645 1026 2684 Lege,
1037 2645 1240 2675 imbres.-21
1261 2645 1374 2684 Forte,
1389 2656 1424 2675 uc
1441 2646 1578 2676 Romano
1592 2646 1720 2687 imperio

265 2698 470 2726 ’μαντικὴ-22
494 2696 598 2735 Lege,
612 2697 833 2728 ‹lesdam—23
860 2698 963 2737 Lege,
980 2698 1138 2738 Atque.—-
1160 2701 1200 2729 24
1223 2699 1325 2738 Lege,
1340 2698 1524 2738 attigerunt.
