1850 3109
246 170 360 212 1616

247 273 346 305 editt.
364 273 462 305 Rom.
478 273 565 304 Ven.
589 272 749 305 Beroald.
772 281 950 314 perperam

245 324 374 365 legitur
390 325 470 364 quod
491 324 575 355 inter
597 334 653 354 sua
678 327 780 354 casem
803 327 831 354 et
855 324 952 363 plani-

246 374 322 405 tiem
340 375 475 415 positum
491 377 577 405 erat:
602 373 668 404 Ms.
687 374 790 403 etiam
810 374 950 404 Non-ic.

245 424 351 456 habet
375 425 408 455 in
427 424 612 464 p111nitiem.·
636 424 669 453 in
686 423 820 453 caeteris
837 433 951 463 recep-

247 478 318 506 tam
342 474 523 505 lectionem
541 478 668 511 tuctur,
692 481 767 513 quae
795 483 877 503 sana
899 478 952 504 est

247 528 284 555 et
299 524 441 555 sincera.
468 524 577 554 Daris.
613 524 656 553 Et
670 523 834 562 planitiem
849 524 951 555 etiam

248 574 311 605 Ed.
341 574 481 605 Mediol.
510 574 542 604 in
569 574 735 614 planiciem
760 574 882 605 Petav.
915 580 951 606 et

247 625 394 656 Dorvill.
411 625 452 656 de
471 625 642 656 locutione
658 635 772 665 ponere
794 626 828 656 in
854 627 951 657 Iocum

247 675 393 707 diximus
420 676 462 706 ad
492 676 530 706 B.
546 675 590 707 G.
616 685 694 706 vin.
711 678 763 707 26.
807 676 875 707 Sed
902 686 951 707 re-

245 726 329 767 liqui
345 727 376 757 in
391 727 543 767 planitie:
568 727 658 767 quod
682 727 860 767 rescripsi:
884 727 951 767 pla-

245 776 328 807 nitia
354 787 373 807 a
396 777 570 818 Scaligero
600 777 743 817 primum
765 778 949 817 repositum

247 831 321 866 est3
349 827 438 868 quod
464 833 498 858 et
528 837 630 868 supra
654 827 784 858 factum
810 827 843 857 in
870 826 951 858 locis

246 878 416 908 nonnullis
445 888 486 908 ex
514 887 580 908 uno
609 879 784 918 alteroque
809 877 949 909 Codice.

247 925 316 958 Hic
332 937 414 957 vero
431 937 528 958 nenio
541 928 670 958 monuit
687 928 719 958 iu
737 928 804 958 ullo
820 937 839 958 a
854 937 951 967 repe-

246 976 316 1007 riri.
363 977 451 1007 Vide
469 976 511 1007 ad
533 979 570 1008 Β.
586 977 660 1008 Civ.
674 980 725 1008 43.

287 1031 305 1058 5
331 1028 403 1058 Duo
429 1027 555 1058 brachia
581 1028 723 1058 instituit
746 1028 830 1066 duci,
854 1031 883 1058 et
905 1028 951 1058 ita

244 1079 379 1119 erigere]
406 1080 539 1119 Lipsius
557 1080 787 1120 reponendum
802 1079 951 1120 conjecit

243 1130 291 1160 ita
305 1129 470 1169 dirigere5
493 1128 584 1171 quod
607 1130 727 1161 lubens
751 1130 884 1170 accipio
908 1130 952 1160 le-

244 1189 365 1220 geque,
389 1182 447 1210 (luo
467 1180 594 1210 brachia
608 1180 748 1210 instituit
765 1180 901 1218 ducere,
922 1182 952 1209 ct

244 1230 290 1260 ita
319 1229 477 1269 dirigvre.
514 1230 625 1260 Dat-is.
651 1239 724 1260 cur.
753 1239 822 1260 sec.
870 1230 951 1260 Per-

244 1288 359 1318 peram
377 1279 538 1309 Davisius
561 1279 632 1310 duci
659 1284 790 1310 mutare
809 1284 951 1310 conatur

244 1329 278 1358 iu
304 1329 424 1359 ducere.
484 1329 679 1369 Saepissiine
706 1330 858 1361 occurrit
894 1330 950 1360 illa

245 1379 520 1419 conjugationum
539 1379 706 1411 variatio:
741 1385 778 1411 ut
796 1380 949 1421 pluribus

244 1429 345 1461 docui
371 1429 412 1461 ad
440 1431 481 1461 B.
499 1431 573 1462 Civ.
592 1440 616 1461 1.
636 1433 688 1462 32.
711 1431 720 1448 ‘
734 1430 859 1461 Omnia
875 1441 950 1471 per-

244 1480 379 1512 misceri
401 1482 557 1520 mallent,
582 1491 680 1523 quam
707 1482 884 1522 imperium
903 1481 950 1512 di-

245 1531 381 1563 mittere
395 1531 415 1569 3'
450 1536 485 1563 et
510 1532 602 1563 alibi.
650 1532 790 1563 Rectius
814 1533 948 1572 Lipsius

244 1581 383 1621 dirigere
399 1582 570 1622 conjecit3
596 1582 686 1623 quod
704 1582 905 1622 reciperem,
923 1583 949 1613 si

244 1631 329 1661 Mss.
357 1631 571 1662 addicerent.
624 1632 753 1662 Forsan
780 1632 951 1662 inverten-

244 1680 305 1711 dus
322 1686 375 1712 est
393 1682 497 1720 ordo;
522 1683 580 1712 duo
596 1681 723 1713 brachia
738 1682 875 1713 instituit
892 1683 951 1714 eri-

240 1740 328 1770 gere,
351 1735 381 1762 et
397 1732 444 1762 ita
459 1732 541 1762 duci.
588 1733 685 1772 Erigi
708 1732 867 1764 dicuutur
883 1743 951 1764 om·

241 1781 309 1820 nia,
332 1791 406 1822 quae
423 1782 535 1823 aliqua
547 1781 634 1813 fiunt
650 1783 841 1816 altitudine.

284 1834 303 1862 7
330 1833 368 1862 Id
384 1832 440 1864 hac
456 1843 482 1864 r.
497 1846 524 1864 υ.
540 1834 726 1877 instruebat]
755 1835 809 1866 Ita
838 1836 947 1868 Rliell.

244 1881 366 1913 Gland.
386 1883 591 1914 ciacconius
621 1890 657 1916 et
684 1886 785 1926 vulgo
810 1886 948 1926 legnnt3

244 1941 319 1962 cum
341 1932 552 1964 inveniretur
579 1935 612 1965 in
631 1935 774 1975 Aldinis,
798 1936 947 1977 Gryphi-

214 2018 216 2020 .
242 1982 313 2013 anis
329 1988 364 2013 et
391 1984 478 2023 aliis,
499 1985 527 2015 is
549 1986 605 2016 hac
628 1995 656 2016 r.
704 1987 743 2018 In
762 1987 857 2017 Leid.
878 1998 947 2019 sec.

246 2033 353 2064 Dorv.
372 2038 407 2064 et
431 2034 516 2065 Edd.
543 2035 642 2066 Rom.
662 2036 756 2067 Med.
780 2037 864 2068 ven.
883 2037 947 2068 Be-

242 2083 361 2123 roaldi,
386 2084 487 2116 Vasc.
516 2086 632 2126 Stcph.
655 2086 741 2125 aliis,
763 2087 817 2117 hoc
841 2087 896 2118 hac
920 2098 946 2118 r.

243 2143 327 2172 opus.
369 2133 415 2165 At
432 2135 498 2166 Ms.
512 2136 588 2167 Urs.
605 2137 642 2175 ii,
667 2146 732 2178 quo
755 2136 837 2168 facit
859 2138 945 2168 Scal.

243 2192 262 2213 e
293 2194 360 2224 quo
389 2185 438 2215 sic
464 2186 596 2216 notavit
629 2187 674 2217 D.
700 2187 840 2217 vossius
869 2188 895 2218 Ι.
922 2187 944 2218 i.

241 2233 283 2264 In
303 2233 397 2264 Leid.
415 2243 464 2274 pr.
482 2235 642 2265 scribitur
659 2235 708 2273 In,
725 2236 787 2266 hac
805 2237 947 2267 ratione.

243 2283 347 2316 Quasi
367 2293 426 2324 per
446 2285 674 2325 pleonasmum
697 2287 948 2327 praepositionis

239 2333 274 2363 in
298 2334 370 2365 liaec
395 2334 527 2366 Hirtius
551 2337 751 2368 extulisset:
778 2337 947 2378 quomodo

241 2385 425 2425 saepissime
460 2386 492 2416 in
529 2387 614 2418 Mss.
643 2387 728 2419 hanc
760 2388 947 2428 praepositi-

241 2443 338 2464 onem
370 2434 450 2464 addi
482 2435 662 2474 aliquoties
695 2437 816 2467 monui.
861 2438 946 2468 Vide

242 2496 330 2517 nune
346 2486 446 2517 modo
461 2487 503 2517 ad
530 2487 568 2517 B.
588 2487 660 2518 Civ.
680 2497 703 2518 1.
722 2491 772 2518 22.
818 2489 945 2519 Verum

242 2537 273 2566 in
298 2541 333 2567 et
361 2537 384 2567 ii
409 2541 487 2567 sunt
513 2538 624 2577 potius
648 2539 800 2579 reliquiae
825 2538 946 2570 verbo-

242 2597 328 2625 rum,
353 2597 428 2628 quae
446 2587 649 2619 exciderunt
665 2599 673 2626 ;
696 2598 770 2619 nam
790 2589 823 2618 in
842 2589 945 2620 Peta-

242 2636 339 2667 viano
367 2636 486 2667 codice
515 2637 644 2669 diserte
676 2638 820 2669 liabetur
848 2642 880 2669 ut
906 2640 946 2669 ml

241 2697 315 2726 ung.
329 2688 361 2718 d.
374 2687 433 2719 sin.
446 2687 485 2726 ei.
499 2697 548 2729 ομ.
559 2688 731 2720 conveniret
746 2689 829 2720 latus
840 2699 944 2720 uuum.

710 178 850 208 NOTAE
887 176 1149 208 VARIORUM
1197 179 1245 209 ΙΝ

1004 271 1075 302 Hac
1102 282 1128 302 r.
1173 270 1274 305 Quod
1292 271 1539 304 admittendum
1557 273 1705 307 videtur.

1002 321 1093 352 Dein
1110 322 1199 362 quod
1223 322 1405 353 instiuwbat
1430 322 1587 354 emendat
1607 325 1706 356 Ciac-

1002 372 1129 410 conius,
1151 373 1183 403 id
1202 373 1289 404 citra
1307 374 1558 413 necessitatem,
1574 380 1610 405 et
1626 384 1710 406 con-·

1004 426 1057 452 tra
1086 422 1188 454 Hirtii
1217 425 1422 464 elegantiam
1447 424 1497 456 tit.
1546 424 1614 456 Adi
1636 436 1706 458 om-

1003 471 1081 502 nino
1107 472 1150 503 ad
1178 474 1217 504 Β.
1238 474 1329 506 Gall.
1364 485 1442 507 vin.
1467 478 1519 507 41.
1561 476 1571 493 ‘
1589 476 1705 508 vineas

1003 531 1104 562 agere
1122 527 1157 554 et
1172 532 1314 564 aggeres
1331 525 1499 556 instruere.
1516 526 1647 566 coepit.'

1044 575 1064 602 8
1091 573 1282 616 lnstruebat]
1315 575 1483 607 Emendat
1506 577 1706 610 Ciacconins

1001 622 1195 654 instituebat.
1232 625 1409 657 Quomodo
1432 632 1466 657 et
1489 627 1570 657 alibi
1597 627 1706 669 loqui-

1002 677 1058 703 tur
1075 674 1190 704 Caesar
1206 680 1308 715 atque
1324 674 1468 706 Hirtius.
1516 678 1624 708 Clark.

1047 727 1086 755 19
1109 724 1202 765 Acie]
1227 726 1280 755 Sic
1297 735 1315 756 e
1332 727 1398 757 Ms.
1416 737 1475 758 suo
1493 728 1637 759 rescribi
1649 738 1706 759 vo-

1001 775 1063 806 luit
1081 776 1240 815 Ursinus3
1265 777 1354 818 quod
1370 778 1473 809 etiam
1491 779 1600 810 secuti
1625 781 1706 810 sunt

1001 826 1229 865 posteriores3
1256 832 1291 858 et
1316 827 1470 868 profecto
1488 829 1707 860 consentiunt

1002 875 1085 905 Mss.
1114 876 1236 915 Scalig.
1272 878 1467 917 Lcidmses,
1494 883 1529 910 et
1560 879 1706 912 Dorvill.

1002 925 1091 955 unde
1119 931 1215 966 patet
1244 932 1338 958 recte
1365 938 1417 959 mc
1441 939 1459 959 e
1488 930 1571 960 Mss.
1596 933 1709 961 vetus-

1001 975 1138 1006 tissimis
1155 977 1365 1017 rescripsisse
1393 979 1433 1010 B.
1453 979 1497 1010 G.
1514 988 1553 1010 n.
1567 982 1619 1011 23.
1642 980 1651 996 ‘
1665 980 1707 1011 In

1001 1026 1138 1058 sinistra
1165 1034 1262 1068 parte
1288 1029 1361 1060 acie
1377 1029 1397 1060 :'
1423 1030 1480 1060 ubi
1505 1030 1601 1061 vide:
1628 1030 1707 1062 dein

1000 1077 1054 1107 sub
1078 1078 1179 1109 hostes
1200 1079 1302 1110 stabat
1322 1080 1417 1111 Leid.
1446 1090 1496 1120 pr.
1521 1085 1556 1111 et
1579 1081 1706 1122 Scalig.

1003 1128 1095 1158 Male
1119 1128 1153 1159 S.
1180 1139 1252 1170 seq.
1286 1130 1440 1160 vocabuli
1468 1132 1576 1171 primo
1601 1132 1707 1163 ctiam

1002 1179 1155 1210 adhaesit.
1201 1181 1346 1211 Consule
1373 1186 1492 1212 notata
1521 1183 1563 1213 ad
1592 1183 1633 1215 B.
1659 1183 1706 1214 G.

1001 1237 1025 1259 1.
1042 1232 1094 1259 21.
1117 1231 1126 1245 ⁴
1142 1229 1213 1260 Sub
1230 1235 1345 1261 monte
1362 1231 1577 1263 consedisse!

1045 1288 1108 1310 Lu.
1135 1282 1153 1310 3
1179 1280 1218 1310 In
1242 1281 1428 1319 legionarios
1452 1282 1600 1322 impetum
1620 1282 1708 1320 sece-

1000 1328 1088 1369 runt]
1113 1329 1190 1360 Non
1205 1329 1236 1360 iu
1255 1330 1472 1370 legionarios,
1489 1331 1546 1362 sed
1563 1332 1596 1363 in
1612 1333 1707 1374 equi·

1000 1384 1050 1411 tes
1067 1381 1230 1420 impetum
1254 1380 1422 1421 fecerunt,
1447 1388 1485 1413 ut
1502 1392 1543 1413 ex
1561 1393 1705 1425 sequen-

1001 1431 1091 1462 tibus
1108 1430 1147 1462 fit
1170 1430 1386 1462 manifestum
1402 1443 1410 1469 ;
1438 1432 1528 1463 uude
1544 1433 1614 1466 Jul.
1630 1434 1707 1466 Cel-

1000 1491 1055 1512 sus
1073 1492 1104 1522 p.
1121 1484 1194 1512 223.
1218 1481 1301 1513 edit.
1320 1483 1465 1513 Londin.
1490 1483 1575 1515 Jalm
1591 1487 1621 1514 ct
1637 1483 1707 1515 Sci-

996 1533 1050 1572 pio
1065 1533 1155 1563 simul
1170 1535 1199 1563 ct
1216 1532 1370 1563 Labienus
1384 1543 1501 1564 summa
1521 1534 1553 1564 vi
1575 1535 1708 1576 equita-

1001 1588 1072 1614 tum
1095 1583 1161 1621 ejus
1184 1584 1385 1619 invudereut;
1409 1584 1498 1615 unde
1517 1585 1715 1617 rescribem-

1001 1633 1078 1663 dum
1104 1633 1137 1663 in
1164 1633 1279 1673 equites
1300 1634 1353 1665 vel
1380 1635 1562 1674 equitatum.
1607 1635 1706 1667 Men-

1001 1683 1079 1714 dum
1101 1693 1144 1714 ex
1172 1684 1430 1725 compendiaria
1453 1686 1625 1726 scriptura
1652 1695 1704 1717 or-

1001 1738 1070 1765 tum
1087 1733 1235 1774 videtur,
1254 1745 1329 1766 cum
1350 1736 1438 1767 enim
1455 1737 1564 1777 primo
1580 1736 1707 1768 scribe-

1000 1790 1095 1815 retur
1109 1785 1141 1815 in
1158 1795 1201 1825 eq.
1225 1785 1373 1817 oscitans
1401 1786 1571 1818 Librarius
1593 1787 1626 1818 iu
1642 1787 1704 1827 leg.

999 1835 1098 1866 facile
1126 1836 1283 1875 mutavit,
1306 1836 1396 1867 unde
1422 1843 1501 1868 nata
1525 1838 1629 1869 lectio
1654 1847 1706 1868 re·

999 1890 1111 1925 cepta.
1159 1886 1274 1917 Davis.
1320 1886 1359 1917 In
1375 1887 1494 1927 equites
1515 1887 1547 1918 in
1569 1891 1705 1918 textum

999 1936 1165 1966 audacter
1190 1937 1325 1977 recepit
1345 1938 1512 1969 Clarkius.
1557 1939 1705 1969 Tantum

998 1986 1078 2016 mihi
1105 1995 1237 2017 sumere
1264 1996 1328 2027 ego
1348 1997 1415 2018 non
1438 1988 1602 2027 sustineo,
1627 1997 1705 2019 uam

1000 2035 1090 2066 aliud
1109 2036 1189 2077 quid
1207 2037 1316 2068 latere
1338 2042 1465 2078 potest,
1490 2043 1527 2068 ut
1547 2038 1704 2069 Julianus.

998 2087 1053 2117 Sic
1069 2097 1099 2117 c.
1113 2090 1166 2118 40.
1180 2092 1215 2118 et
1230 2087 1323 2117 alibi.

1041 2140 1058 2166 5
1084 2136 1189 2167 Aliter
1214 2137 1403 2168 adversariis
1439 2137 1566 2177 cecidit]
1603 2137 1704 2170 Joan.

999 2185 1233 2226 Glandorpius
1250 2186 1396 2218 hiulcam
1419 2189 1609 2220 orationem
1625 2198 1704 2220 cen-

999 2235 1091 2271 suit;
1136 2238 1348 2276 quapropter
1385 2238 1558 2278 supplevit
1595 2238 1702 2278 aliter,

997 2290 1101 2326 atque
1129 2286 1381 2327 existimarunt,
1415 2289 1602 2320 adversariis
1627 2290 1704 2321 ceci-

997 2337 1068 2373 dit;
1100 2337 1202 2369 Joau.
1232 2347 1313 2368 vero
1341 2338 1533 2380 Godninus,
1557 2345 1595 2372 ut
1620 2349 1703 2372 vara

998 2387 1123 2418 vibiam
1151 2388 1316 2428 sequitur,
1350 2389 1444 2419 aliter
1473 2400 1573 2431 quam
1603 2395 1709 2432 puta-‘

998 2438 1081 2468 bant
1113 2438 1300 2469 adrersnriis
1326 2440 1449 2471 cecidit.
1517 2440 1587 2471 Sed
1619 2440 1701 2472 nihil

997 2487 1113 2524 deest;
1144 2488 1252 2527 prima
1277 2498 1341 2519 vox
1368 2489 1401 2519 id
1430 2489 1584 2529 denotat,
1609 2490 1702 2531 quod

997 2537 1177 2569 infeliciter
1200 2544 1235 2569 ct
1261 2544 1378 2570 contra
1394 2541 1597 2571 seutentiam
1615 2541 1703 2572 acci-

997 2589 1048 2619 dit
1065 2600 1071 2619 :
1098 2589 1256 2620 observat
1274 2590 1362 2620 enim
1385 2590 1584 2621 Eustathius
1599 2589 1640 2621 τὰ
1656 2590 1709 2629 μὴ

997 2639 1076 2669 κατὰ
1091 2639 1215 2678 γνώμην
1226 2639 1245 2676 ἦ
1261 2639 1357 2679 εὐχὴν
1370 2638 1543 2680 συμβάντα,
1553 2640 1710 2673 ’ἉΛΛΩΣ-

997 2689 1236 2727 ἀποβεβηκέναι.
1293 2691 1383 2725 Quin
1421 2696 1457 2723 ct
1495 2694 1503 2709 ‘
1521 2692 1609 2724 alter
1637 2701 1699 2734 pro
