1850 3109
532 219 594 248 nu
626 217 741 246 virA
772 216 904 246 ,ιυωι
938 218 1168 248 CAESARIS.
1469 209 1577 251 1881

126 315 223 365 petis
255 328 301 352 an
323 314 511 365 quidquid
547 315 737 352 furoribus
765 328 867 352 nunc
900 315 1015 352 etiarn
1049 316 1181 352 vestris
1217 316 1356 353 deest?
1414 321 1470 354 An
1495 320 1579 356 vult·

126 380 229 418 atiud
252 379 438 416 Labienus·
461 385 536 415 tam
559 377 727 415 fervidus
747 378 971 416 insultator?
999 385 1036 415 et
1057 378 1119 415 alii
1135 379 1308 416 cecidere
1329 380 1402 415 tuis
1419 381 1575 431 instiga-

127 443 231 480 tibus
251 442 437 480 Labiene:
467 448 504 479 ‹et
526 450 565 478 tu
590 442 702 479 miser
720 456 806 479 cum
827 442 908 479 aliis
927 442 1090 479 cadaver
1111 441 1265 479 unicum
1281 443 1408 491 jaces:
1441 458 1577 493 qnam-

124 507 179 544 vis
210 510 248 544 et
280 507 346 544 tibi
378 512 416 543 et
437 507 535 543 Varo
562 507 764 556 sepulchra
788 506 891 543 facta
925 505 1134 555 reperiam:
1165 513 1203 544 et
1233 507 1410 557 quoniam
1433 508 1506 544 tuis
1538 509 1574 545 in

124 584 170 608 co
200 578 301 608 statu
330 584 484 608 vacasse
519 584 592 607 non
627 570 802 613 arbitror,
835 570 978 607 extimo
1008 570 1068 606 illa
1094 571 1295 615 Caesareae,
1330 571 1398 608 tibi
1420 572 1576 621 quidem

125 647 277 684 prorsus
295 635 487 679 indeffitae,
522 634 637 671 fuisse
657 634 891 671 clementiae:
922 634 1088 684 satisque
1109 647 1275 683 auguror
1306 635 1335 672 si
1357 635 1411 673 sic
1438 642 1497 673 est
1524 643 1574 681 te,

125 706 166 736 ut
181 699 376 736 obstinato
391 711 471 735 eras
491 699 630 742 animo,
653 698 894 735 inhumatum
913 698 1030 746 abjici
1047 698 1234 736 maluisse.
1266 699 1400 736 Gneus
1417 700 1576 750 quidem

125 763 344 812 Pompejns,
383 769 420 799 et
447 762 604 798 humero
636 768 674 798 et
708 762 805 798 laevo
825 774 933 799 crure
953 761 1124 806 ⁴⁸sancO,
1160 762 1257 799 inter
1283 763 1427 800 medias
1449 764 1576 803 caedes

122 826 257 875 proelio
288 826 421 875 pulsus
454 825 639 862 excessit:
672 825 775 862 hunc
797 825 833 862 in
854 825 1005 869 lectica,
1038 824 1143 874 quod
1166 837 1236 862 nec
1257 839 1359 874 equo
1380 839 1451 864 nec
1474 828 1576 865 vehi-

121 890 213 926 culo
234 890 285 926 uti
307 895 447 938 posset,
471 901 672 925 nemorosa
692 888 774 925 aria
796 894 1076 938 penetrantem,
1097 889 1184 938 fuga
1208 889 1342 926 humili
1362 896 1400 928 et
1421 892 1576 929 occulta

123 960 238 1002 atque
261 953 296 989 in
326 952 517 1002 speluncis
538 952 764 995 latitantem,
786 952 970 989 Cesonius
989 952 1150 989 Caesaris
1169 953 1316 1003 legatus
1335 954 1575 992 resistentem

122 1017 250 1054 adhuc
271 1023 309 1054 et
331 1017 477 1053 misera:
499 1016 581 1065 spei
599 1017 776 1066 reliquias
797 1016 1029 1054 refoventem
1051 1024 1264 1061 assecutus,
1284 1017 1331 1054 ad
1350 1018 1575 1063 Lauronem,

123 1080 160 1117 id
181 1087 239 1118 est
260 1081 346 1118 loco
365 1094 516 1125 nomen,
538 1082 745 1118 obtruncat
764 1094 772 1118 :
804 1088 923 1131 caput
947 1081 994 1118 ad
1019 1082 1209 1119 Caesarem
1231 1081 1405 1126 refertur,
1435 1082 1578 1120 talibus

121 1152 314 1181 assuetum
342 1145 562 1181 muneribus
596 1158 672 1181 non
706 1144 949 1194 gaudentem.
1008 1145 1134 1195 Hujus
1161 1158 1383 1195 germanum
1414 1147 1575 1184 Sextum

122 1207 350 1258 Pompejum
382 1208 417 1245 in
438 1207 644 1246 Celtiberia
672 1208 925 1246 abscondisse
954 1208 1149 1246 fortunam
1171 1208 1340 1253 tradunt,
1373 1209 1458 1246 ⁴⁹ne
1478 1223 1573 1260 qno-

121 1271 222 1309 niam
245 1272 391 1309 scilicet
410 1272 589 1310 deessent
619 1272 724 1310 bellis
745 1272 924 1310 civilibus
944 1272 1138 1310 alimenta.
1197 1272 1349 1310 Munda
1368 1279 1456 1323 post
1476 1286 1575 1323 praei

122 1335 215 1373 lium
236 1342 453 1386 expugnata
475 1335 630 1386 quidem
652 1349 673 1374 a
703 1337 867 1380 Caesare,
899 1336 964 1373 sed
987 1336 1129 1387 ingenti
1149 1337 1250 1386 prius
1271 1338 1466 1387 sanguinis
1487 1351 1575 1387 pro-

121 1399 207 1437 fusa
228 1398 415 1437 ⁵0detivio.
472 1400 544 1436 Per
563 1413 628 1437 eos
646 1400 726 1437 dies
757 1407 980 1450 oppugnata
1007 1414 1155 1438 rursum
1178 1402 1313 1438 ⁵¹Vero
1332 1401 1451 1445 dnba,
1487 1415 1576 1451 quae

123 1464 288 1514 qualiter
308 1463 512 1502 defecisset
532 1476 608 1500 non
640 1463 820 1502 invenio:
853 1463 979 1514 magni
1013 1464 1066 1500 ibi
1094 1472 1235 1508 motus,
1266 1465 1398 1515 ingens
1420 1466 1453 1501 in
1485 1466 1576 1502 civi-

122 1535 201 1566 tate
222 1528 420 1573 dissensio,
452 1534 559 1577 parte
590 1541 664 1565 una
684 1528 731 1565 ad
762 1528 968 1572 Caesarem,
1003 1529 1122 1565 altera
1153 1528 1189 1565 in
1211 1529 1442 1566 contrarium
1469 1529 1576 1566 incli-

121 1597 249 1629 nante.
305 1592 482 1641 Cumque
502 1597 602 1628 esset
623 1591 671 1628 ad
692 1604 796 1629 arma
816 1592 1030 1629 discursum
1052 1592 1144 1629 vicit
1164 1605 1250 1641 pars
1270 1605 1357 1643 quae
1383 1593 1574 1630 Caesarem

121 1655 289 1699 colebat,
318 1654 430 1705 [2²56]
462 1655 609 1703 sibique
640 1654 802 1705 opidum
832 1655 972 1693 cessit:
1019 1655 1070 1692 de
1105 1662 1213 1706 parte
1246 1657 1403 1694 adversa
1438 1657 1506 1694 ⁵²ei
1536 1663 1574 1694 et

121 1719 251 1769 viginti
272 1719 373 1756 milia
394 1719 583 1763 cecidere,
616 1719 790 1769 quamvis
820 1732 969 1769 magnae
991 1720 1076 1757 urbi
1110 1720 1272 1758 cuilibet
1303 1720 1456 1770 insignis
1478 1724 1573 1757 stra-

119 1797 197 1834 ges.
256 1783 387 1821 Caesar
422 1783 785 1833 Hispalidigressus
806 1782 940 1821 Idibus
975 1783 1116 1833 Aprilis
1152 1783 1284 1822 Gades
1319 1784 1451 1833 petiit:
1483 1784 1573 1821 inde

119 1861 267 1886 rursum
301 1848 489 1898 Hispalim
523 1846 646 1892 rediit,
689 1854 729 1885 ut
763 1847 952 1896 Hispanas
987 1861 1046 1885 res
1079 1847 1181 1885 velut
1209 1847 1343 1885 ultima
1375 1847 1572 1885 voluntate

119 1912 356 1962 disponeret,
384 1925 461 1961 quo
496 1911 703 1949 5³reversus
735 1911 900 1961 amplius
933 1923 1010 1948 non
1041 1917 1144 1948 erat:
1175 1911 1227 1947 ibi
1261 1924 1351 1948 vero
1384 1911 1571 1949 concione

119 1977 319 2019 advocata,
354 1974 539 2012 beneficia
569 1987 638 2012 sua
670 1975 707 2011 in
727 1987 811 2011 eam
845 1974 982 2012 urbem
1016 1974 1333 2012 commemoravit
1357 1980 1394 2012 et
1413 1975 1574 2024 antiqua

119 2047 157 2077 et
186 2052 307 2077 nova:
352 2038 431 2075 ⁵*³in
463 2038 576 2076 finem
607 2051 672 2075 eos
702 2038 826 2088 arguit
867 2046 1050 2088 tanquam
1081 2040 1180 2076 mala
1210 2051 1280 2088 pro
1321 2038 1431 2075 bonis
1467 2039 1573 2075 omni

122 2111 292 2151 tempore
314 2102 594 2140 reddidissent:
617 2102 654 2140 in
671 2115 764 2152 pace
781 2102 963 2148 seditiosi,
978 2102 1013 2140 in
1032 2103 1133 2140 bello
1148 2109 1273 2139 autem
1291 2102 1417 2152 ignavi
1435 2115 1442 2138 z
1466 2101 1570 2151 quod

121 2169 255 2204 Gneus
285 2167 492 2216 Pompejus
512 2167 733 2204 adolescens
754 2180 886 2204 eorum
913 2167 1016 2204 fotus
1051 2167 1206 2209 auxilio,
1246 2165 1389 2203 ⁵⁵caesis
1423 2165 1573 2202 civibus

119 2245 230 2281 agros
250 2239 287 2269 et
310 2229 482 2267 ⁵⁶vicinia
502 2237 698 2275 vastasset,
721 2237 758 2267 et
777 2231 886 2268 caesis
908 2230 1058 2267 civibus
1079 2230 1155 2267 illic
1176 2237 1313 2266 contra
1333 2242 1372 2265 se
1389 2228 1512 2266 fasces
1533 2236 1572 2266 et

119 2295 319 2345 imperium
342 2294 588 2344 suscepisset,
611 2294 728 2331 immo
748 2308 836 2331 vero
857 2303 989 2331 contra
1011 2294 1196 2343 populum
1213 2294 1444 2336 Romanum,
1459 2293 1571 2342 eujus

119 2360 200 2408 ipse
223 2372 377 2408 regnum
396 2366 552 2396 teneret.
602 2359 706 2402 Quid
728 2359 824 2396 enim
847 2359 1058 2401 crederent,
1081 2371 1128 2395 ne
1149 2358 1305 2395 forsitan
1327 2356 1571 2406 Hispalenses

122 2423 332 2460 ⁵''Romano
355 2422 517 2466 vincere,
555 2421 657 2473 quod
695 2435 826 2459 eornm
860 2422 1097 2472 provinciam
1131 2421 1307 2471 populati
1339 2426 1491 2464 essent3
1521 2432 1570 2456 an

159 2585 200 2613 48
232 2582 335 2621 Lege,
362 2581 564 2610 marm—to
598 2581 906 2621 Fortesmqmmdm
934 2581 987 2611 vel
1013 2591 1049 2612 ne
1074 2583 1232 2621 qum-*50
1266 2580 1368 2617 Lege,
1398 2577 1570 2608 (Murio.—

117 2639 156 2665 51
184 2635 300 2672 Forte,
320 2633 558 2663 Cordub‹1.—52
583 2633 697 2671 Forte,
719 2634 873 2664 ‹lum—53
900 2635 1002 2674 Lege,
1018 2634 1289 2663 reversurus-5}
1318 2632 1419 2669 Lege,
1441 2631 1471 2659 in
1490 2629 1568 2668 fine.

119 2693 200 2719 ——55
221 2688 365 2719 Videtur
380 2688 559 2718 delendum
574 2692 632 2717 aut
649 2687 713 2726 hic,
729 2692 788 2717 aut
804 2689 904 2728 paulo
923 2690 1098 2728 posu—56
1113 2686 1226 2724 Forte,
1238 2683 1435 2714 ι·ι”«;ἱπα.-ῖ>ῖ
1455 2682 1568 2719 forte,

121 2744 272 2774 Romanos
284 2742 451 2772 vincerent.
