1850 3109
263 186 376 230 1686
802 201 867 231 An
903 201 1178 231 LECTOREM.

261 296 410 350 pulum
430 296 513 338 sibi
535 297 752 339 exemisse
779 296 1053 337 Gerhardum
1078 297 1293 338 ,Ioannem
1313 297 1538 338 Vossium.
1599 295 1711 336 Eum

260 365 373 405 enim
392 364 545 406 docere
563 364 680 405 Celsi
698 365 1028 405 commentarios
1049 365 1098 411 δὶς
1118 366 1174 403 ’διὰ
1193 370 1319 404 πασῶν
1339 379 1365 405 a
1382 364 1710 405 Commentariis

261 430 453 473 Caesaris
475 431 654 480 differre,
685 438 727 469 ut
749 431 895 479 sciunt,
928 432 1059 470 verba
1080 438 1180 471 sunt
1202 433 1365 481 vossii,
1399 432 1469 486 'lin'
1501 445 1587 471 cum
1623 428 1711 469 Ca-

258 512 347 538 ιπονε
384 498 636 538 contulerunt
669 497 883 537 editionem
924 495 1030 536 Celsi
1064 498 1163 536 anni
1202 509 1545 538 MCCCCLXXHL
1580 497 1709 550 paulo

261 569 361 618 post
381 566 598 606 subnectit
626 565 694 605 his
715 564 981 606 Godwinus:
1019 564 1108 620 Ego
1138 579 1228 604 vero
1249 565 1397 620 satem·
1428 580 1486 605 me
1517 562 1710 618 ejusmodi

263 631 370 673 Celsi
391 632 603 672 editionem
626 647 733 672 anno
755 645 830 674 Clo
849 631 1350 687 CCCCLxxlll.sactam,
1373 633 1554 686 quatieris
1574 630 1709 671 sedulo

259 700 301 739 in
321 698 583 740 celeberrimis
608 700 870 740 Bibliothecis
892 700 1142 755 requisitam,
1167 716 1243 740 non
1270 700 1475 740 invenisse.
1527 700 1710 752 Accipis

257 768 384 821 igitur
402 781 514 808 nunc
544 769 614 808 hic
636 769 732 808 illos
753 769 977 821 quaesitos,
1007 773 1048 808 et
1069 782 1095 808 a
1115 769 1261 809 multis
1285 769 1388 808 viris
1412 768 1552 808 doctis
1573 779 1707 820 expe-

256 835 358 876 titos
378 834 406 875 J
412 835 486 875 ulii
509 834 624 875 Celsi
647 836 994 876 commentarios.
1057 834 1173 874 Nam
1199 835 1311 875 hunc
1342 834 1527 874 indicem
1563 834 1708 886 magni

255 900 407 942 Vossii
448 904 751 943 auctoritatem
792 903 928 942 secuti
968 901 1264 955 praefixerunt,
1307 903 1508 954 quamvis
1546 914 1625 941 nec
1663 901 1708 940 in

254 969 389 1010 fronte
411 970 543 1019 illius,
564 970 678 1010 unde
700 970 796 1011 haec
818 970 975 1023 prodit,
1002 969 1206 1009 editionis
1227 969 1415 1009 auctoris
1435 981 1603 1017 nomen,
1632 972 1709 1009 aut

253 1036 393 1088 ipsius
413 1036 512 1076 libri
532 1040 572 1076 et
592 1038 685 1090 ejus
705 1037 946 1089 argumenti
969 1036 1195 1089 inscriptio
1217 1036 1527 1089 conspiciatur,
1558 1048 1637 1076 nec
1663 1037 1707 1076 in

254 1103 392 1152 calce,
416 1104 457 1143 in
479 1117 567 1157 qua
596 1108 761 1145 tantum
795 1105 971 1157 legitur:
1010 1103 1193 1157 Explicit
1228 1103 1343 1143 liber.
1406 1101 1496 1142 Deo
1529 1104 1706 1157 gratias.

254 1170 377 1209 Anno
401 1168 575 1210 Domini
598 1183 673 1212 cro
699 1182 1022 1220 ccccnxxin„
1051 1176 1097 1212 ut
1117 1172 1273 1211 rectius
1305 1171 1556 1224 scriptorem
1578 1171 1706 1224 hujus

252 1240 549 1280 commentarii
587 1239 824 1293 Dionysius
860 1239 1050 1280 Vossius
1084 1253 1342 1293 anonymum
1374 1245 1511 1280 vocet.
1580 1239 1706 1283 Certe

249 1304 396 1346 Julius
430 1306 583 1347 Celsus
619 1308 662 1347 in
696 1307 770 1347 illo
806 1307 1020 1356 laudatur,
1057 1311 1106 1348 ut
1145 1307 1264 1347 Celsi
1297 1320 1394 1347 esse
1428 1320 1513 1347 non
1550 1308 1705 1361 possit.

251 1372 367 1414 Nam
397 1386 497 1414 cum
524 1374 562 1414 is
594 1379 975 1415 commemorasset
1007 1375 1175 1415 cladem
1208 1373 1425 1416 Romanae
1458 1375 1618 1427 legioni
1648 1375 1704 1415 ab

251 1439 501 1493 Ambiorige
522 1441 712 1483 illatam:
745 1440 1008 1491 admonuisse,
1031 1442 1185 1495 inquit,
1208 1441 1390 1482 lectorem
1411 1440 1567 1491 vellem,
1599 1441 1707 1497 quod

251 1506 465 1548 Suetonius
491 1508 773 1564 Tranquillus,
794 1516 937 1549 auctor
958 1510 1210 1560 certissimus,
1246 1507 1546 1550 Germanorum
1567 1508 1639 1550 hoc
1660 1509 1703 1550 in

232 1574 394 1628 finibus
425 1576 614 1616 accidisse
644 1576 703 1616 ait
721 1594 734 1617 :
771 1576 913 1617 Julius
935 1584 1069 1617 autem
1095 1575 1232 1617 Celsus
1265 1591 1401 1625 comes,
1431 1585 1467 1617 et
1488 1578 1559 1630 qui
1586 1576 1703 1618 rebus

247 1640 455 1697 interfuit,
482 1641 724 1685 Eburonum
745 1645 785 1684 in
796 1644 1136 1698 finibusfacc'um
1159 1652 1299 1686 censet.
1351 1644 1550 1687 Meminit
1569 1646 1701 1687 etiam

247 1709 367 1751 Celsi
399 1711 444 1751 in
476 1711 575 1752 aliis
605 1712 731 1762 locis,
758 1713 959 1766 inprimis
992 1713 1037 1753 in
1069 1714 1159 1763 illo,
1192 1714 1267 1754 ubi
1303 1717 1450 1754 narrat
1481 1712 1701 1755 Caesarem

246 1778 451 1819 Bibracte
480 1779 679 1833 hyemare
709 1781 998 1830 constituisse,
1032 1781 1086 1821 de
1118 1794 1205 1834 quo
1239 1782 1334 1835 ipse
1367 1779 1520 1822 Caesar
1541 1782 1630 1834 agit
1658 1782 1701 1822 in

245 1845 556 1887 Commentarii
592 1848 765 1901 septimi
798 1847 851 1888 de
886 1848 998 1889 bello
1040 1847 1214 1889 Gallico
1249 1848 1344 1888 fine.
1406 1846 1509 1897 Hic,
1545 1849 1698 1902 inquit,

241 1912 384 1965 incipit
405 1920 569 1953 octavus
603 1914 995 1956 Commentariorum
1019 1914 1122 1956 liber
1143 1930 1258 1970 quem
1283 1913 1395 1969 fecit
1430 1913 1571 1955 Julius
1607 1914 1700 1956 Cel-

240 1992 334 2025 sus,·
362 1987 506 2033 septem
529 1988 662 2022 aulem
680 1983 833 2037 primos
857 1990 894 2023 et
926 1997 1048 2038 usque
1078 1982 1134 2024 ad
1168 1983 1271 2023 hunc
1298 1996 1458 2036 passum
1474 1981 1584 2036 fecit
1617 1982 1698 2036 ipse

244 2044 394 2097 Coesar,
416 2049 600 2102 quamvis
621 2048 684 2089 lu'c
706 2056 821 2090 actor
841 2051 946 2105 (leg.
969 2050 1132 2104 auctor)
1162 2050 1320 2104 aliquot
1348 2049 1390 2089 in
1412 2048 1508 2089 locis
1533 2056 1696 2090 contra-

240 2113 355 2165 dicit,
395 2121 431 2154 et
470 2115 575 2155 male
618 2116 809 2158 Cicerone
841 2125 951 2166 teste,
983 2125 1018 2158 et
1054 2118 1139 2173 ipso
1178 2116 1293 2158 Celso
1329 2117 1370 2157 in
1406 2116 1574 2172 prologo
1611 2132 1696 2158 suo.

240 2182 357 2223 Haec
378 2188 523 2224 tamen
544 2198 630 2225 non
650 2185 852 2227 videntur
872 2187 1012 2240 ipsius
1033 2187 1232 2240 anonymi
1253 2199 1365 2235 esse,
1388 2186 1465 2226 sed
1486 2186 1540 2226 ab
1562 2185 1697 2239 impe-

238 2250 318 2290 rito
364 2249 537 2291 homine
585 2254 791 2306 ascripta,
826 2254 899 2306 qui
933 2255 1044 2294 hunc
1080 2254 1285 2307 anonymi
1318 2253 1475 2294 librum
1511 2252 1696 2293 credidit

237 2329 332 2357 esse
366 2317 490 2370 ipsos
527 2317 720 2360 Caesaris
760 2320 1118 2370 Commentarios,
1159 2334 1256 2361 cum
1297 2332 1536 2372 anonymus
1574 2318 1695 2360 Julio

240 2382 372 2424 Celso
393 2385 490 2425 illos
512 2386 686 2436 tribuat,
711 2391 755 2427 ut
774 2401 830 2428 ex
851 2388 994 2428 verbis
1015 2388 1082 2428 his
1104 2387 1248 2427 videre
1267 2387 1383 2435 licet,
1399 2384 1541 2425 „lulius
1561 2393 1696 2427 autem

242 2447 379 2490 Celsus
401 2465 539 2500 comes,
563 2458 600 2492 et
622 2453 693 2507 qui
716 2453 831 2493 rebus
856 2453 1063 2508 interfuit,
1095 2452 1334 2494 Eburonum
1358 2453 1399 2493 in
1422 2452 1578 2507 sinibus
1592 2452 1696 2509 fac-

235 2523 319 2557 tum
343 2525 481 2558 censet.
544 2519 661 2560 Nam
682 2522 725 2561 in
747 2520 922 2562 Caesare
942 2521 1140 2573 legimus,
1171 2521 1369 2561 victoriae
1393 2521 1509 2561 illius
1538 2521 1692 2562 Ambi-

232 2586 397 2638 origem
429 2588 613 2640 potitum
639 2601 734 2628 esse
767 2590 809 2629 iu
842 2588 1117 2629 Eburonibus
1149 2589 1215 2629 sni
1244 2588 1356 2642 juris
1387 2588 1579 2642 populis.
1641 2588 1689 2629 Si

234 2666 473 2707 anonymus
495 2658 560 2695 est
579 2659 728 2696 auctor
748 2656 932 2706 illorum,
960 2669 1061 2709 quae
1093 2655 1146 2696 de
1178 2655 1325 2696 octavi
1356 2655 1452 2696 libri
1481 2655 1689 2708 scriptore

233 2720 351 2772 apud
371 2721 489 2762 illum
510 2721 683 2775 prodita
704 2722 833 2763 modo
855 2724 1156 2776 cognovimus,
1179 2736 1305 2776 aeque
1323 2735 1447 2763 suum
1475 2734 1689 2763 commen-
