1850 3109
427 213 532 244 CAP.
560 200 630 241 54.
664 208 758 237 Lm.
794 206 855 236 nn
890 205 1045 234 nunno
1078 206 1240 236 Arme.

116 321 182 344 non
198 311 285 343 bono
300 308 448 350 ponitur,
470 310 508 337 ut
533 307 565 337 in
589 305 738 346 auguriis
764 305 809 335 al-

114 366 182 393 tem
197 370 271 393 cum
287 359 477 400 appellatur
490 357 568 396 avis,
592 366 667 397 quae
693 356 809 397 utique

114 420 278 452 prospera
302 418 367 440 uon
396 413 448 439 est
463 407 483 444 ;’
512 417 584 448 quae
615 407 707 438 Festi
731 410 809 437 sunt

113 461 227 492 verba.
272 458 382 490 Dat-is.
449 457 545 496 Virg.
566 457 640 487 AEn.
669 465 708 488 ιι.
733 458 809 487 428.

112 511 198 542 ‘Dis
225 509 323 540 aliter
362 506 491 538 visum!
536 507 663 539 Justin.
692 516 730 538 11.
757 509 807 538 13.

110 560 119 576 ⁴
132 559 167 590 Si
184 559 285 590 aliter
300 562 441 588 eventus
457 556 570 587 ferat!

155 611 194 639 12
219 609 386 648 Prospectu
402 606 576 646 objecisset]
610 607 664 638 Sic
682 606 809 647 primus

111 658 285 698 rescripsit
307 658 470 697 Scaliger,
497 668 571 688 cum
596 662 697 688 antea
721 656 810 696 lege-

112 714 207 741 retur
218 707 427 749 prospectibus
441 707 529 748 offec.
547 706 636 748 quod
652 705 809 737 Goduino

111 759 236 800 placet,
258 763 294 790 et
320 762 427 789 restat
448 767 580 799 quoque
603 757 636 788 in
659 756 809 787 Dorvill.

111 815 147 842 et
163 809 289 842 Gallie.
332 810 386 840 De
412 809 551 850 antiquo
567 807 694 839 Dativo
720 807 752 837 in
777 818 810 846 a,

112 859 240 892 Caesari
257 859 443 900 praesertim
468 859 619 899 proprio,
641 858 719 889 vide
737 859 812 889 Cel-

111 910 228 941 lminm
249 913 284 941 et
309 920 363 940 me
392 909 432 940 ad
461 910 503 940 B.
522 909 566 940 G.
595 918 618 939 1.
638 911 689 938 16.
740 907 808 938 Sed

108 960 282 1001 prospectui
304 960 358 990 hic
382 960 504 990 Petav.
520 962 715 999 prospectum
729 958 808 989 Sca-

111 1011 169 1052 lig.
190 1013 383 1051 prospectum
396 1009 566 1040 abstulisset
582 1008 668 1049 Reg.
683 1008 808 1040 Gallie.

110 1070 186 1092 cum
194 1061 334 1100 antiqua
347 1060 409 1091 Ed.
425 1062 615 1100 prospectam
630 1058 808 1100 offendisset

112 1110 199 1151 Reg.
214 1111 303 1142 Gall.
321 1114 357 1140 et
372 1109 464 1140 Vict.
479 1118 518 1139 ac
538 1108 634 1139 Leid.
659 1118 725 1138 sec.
743 1108 810 1138 Ἁσ-

111 1160 195 1192 tivc.
222 1160 265 1190 V.
289 1159 411 1190 Cellar.
435 1157 477 1189 ad
500 1167 529 1189 c.
547 1161 600 1189 61.
624 1159 633 1174 ‘
651 1166 810 1197 prospec-

112 1214 183 1241 tum
207 1207 384 1250 inpedire‚'
406 1208 567 1238 habemus
584 1216 686 1247 supra
710 1216 740 1238 c.
755 1209 808 1237 40.

111 1264 147 1291 et
162 1261 203 1291 B.
217 1260 260 1291 G.
277 1268 317 1290 11.
332 1262 385 1289 22.
421 1257 486 1289 Sed
503 1257 680 1298 singularis
697 1261 732 1288 et
744 1257 810 1288 ele-

111 1318 193 1350 gans
201 1313 255 1339 est
269 1308 372 1340 lectio
387 1307 485 1339 Leid.
503 1308 600 1349 primi
613 1310 811 1348 prospectum

112 1358 281 1397 infecisset,
314 1356 442 1388 obfusis
479 1357 609 1388 scilicet
650 1357 811 1388 tenebris.

113 1407 286 1440 Claudian.
305 1416 330 1438 1.
342 1407 376 1438 in
390 1406 501 1438 Rufin.
517 1410 590 1438 130.
603 1407 645 1438 de
656 1408 812 1448 Megaera

108 1460 117 1475 ⁶
134 1458 224 1490 Hinc
241 1457 305 1489 dea
322 1457 489 1498 prosiluit,
501 1457 689 1499 Phoebique
702 1467 813 1498 egres-

113 1518 247 1541 serenos
264 1507 390 1539 Infecit
406 1507 538 1540 radios)

157 1561 195 1590 13
218 1557 303 1589 Juba
317 1568 385 1588 cum
399 1558 538 1589 Labieno
561 1559 659 1600 capti]
681 1559 813 1600 Syllep-

113 1608 158 1640 sis
174 1611 237 1640 est.
281 1608 336 1638 Sic
359 1608 449 1648 apud
476 1607 660 1648 Apuleium
688 1608 813 1640 Florid.

113 1667 169 1690 ¹11.
204 1658 213 1675 ‘
232 1658 333 1688 Musa
378 1667 454 1689 cum
492 1658 651 1689 Minerva
678 1658 814 1699 jndices

114 1708 277 1740 astitere!
345 1708 470 1749 Dictys
510 1708 683 1751 Cretensis
711 1718 753 1739 11.
780 1712 813 1739 6.

113 1760 122 1774 ¹
139 1759 192 1790 Ex
217 1758 349 1789 consilii
375 1759 547 1790 sententia
562 1758 713 1790 Achilles
738 1769 814 1790 cum

113 1807 221 1848 Ajace
236 1807 278 1838 ad
294 1808 484 1849 Telephum
501 1808 725 1848 perveniunt.⁹
769 1810 815 1840 Et

114 1868 144 1890 c.
171 1861 224 1889 20.
263 1859 421 1899 ‘Ulysses
447 1868 522 1890 cum
546 1860 717 1892 Diomede
740 1869 816 1901 pro-

114 1907 196 1940 fecti
221 1907 264 1939 ad
295 1908 491 1940 Priamum.’
537 1909 593 1940 sic
624 1914 660 1940 et
686 1908 814 1950 passim

115 1958 205 1990 idern
236 1958 395 1999 scriptor,
419 1963 457 1990 ut
483 1963 518 1990 et
542 1959 712 1991 interdum
729 1969 815 2000 prae-

115 2008 341 2040 stantissimus
358 2009 512 2050 quisque.
539 2010 628 2041 Vide
644 2011 697 2041 Fr.
714 2010 815 2041 Sanc-

115 2057 198 2090 tium
216 2058 300 2090 Min.
325 2068 376 2090 1v.
404 2062 456 2090 10.
485 2064 520 2091 et
544 2060 620 2092 Jac.
644 2059 815 2091 Perizonii

115 2108 221 2140 addit.
232 2119 266 2149 p.
278 2112 352 2140 823.
365 2109 473 2150 (717.)
485 2110 597 2141 Dacis.
611 2109 714 2150 Apul.
728 2110 815 2141 Met.

115 2159 138 2191 1.
154 2168 210 2190 ut.
224 2170 257 2200 p.
275 2163 328 2191 60.
355 2160 364 2177 ‘
381 2161 511 2191 Vector
527 2170 620 2191 meus
630 2170 707 2191 cum
722 2159 815 2191 asino

115 2209 231 2250 capita
247 2209 426 2240 conferunt
438 2211 458 2240 :⁹
472 2211 557 2241 male
571 2210 634 2241 Ed.
655 2210 816 2241 Scriverii

115 2262 146 2290 et
173 2260 288 2290 asinus.
341 2259 441 2290 Adde
464 2259 536 2290 Cel.
568 2261 751 2290 Burmann.
774 2260 817 2290 ad

118 2309 222 2342 Ovid.
249 2309 336 2340 Met.
364 2318 389 2339 1.
417 2311 491 2339 319.
519 2308 577 2339 ubi
600 2308 608 2324 ‘
625 2308 816 2339 Deucalion

117 2368 194 2390 cum
210 2359 355 2399 conjuge
404 2357 539 2389 numina
579 2358 702 2389 montis
738 2357 818 2389 ado-

118 2409 218 2441 rant.'

160 2462 200 2491 18
225 2459 422 2499 Curioniani]
460 2459 517 2490 Ita
544 2463 639 2490 recte
666 2458 818 2490 restituit

118 2509 252 2550 Lipsius
278 2510 389 2540 Elect.
415 2519 455 2540 ιι.
472 2512 524 2540 22.
553 2519 652 2550 quem
679 2514 817 2540 secutus

118 2563 171 2591 est
186 2559 360 2591 Cellarius.
399 2559 643 2600 Intelliguntur
655 2559 743 2590 enim
758 2559 818 2590 mi-

120 2609 210 2647 lites,
231 2610 288 2649 qui
314 2619 389 2640 cum
417 2609 564 2641 Curione
588 2609 735 2641 fuerant.
761 2608 818 2641 Al.

123 2658 263 2690 Cur-iani.
309 2660 416 2690 Clark.
452 2660 496 2690 V.
513 2669 544 2690 c.
560 2662 612 2690 40.

164 2716 234 2739 uv.
259 2711 296 2738 11
336 2709 402 2743 Quo
439 2709 534 2740 ceteri
571 2709 766 2741 dissimiliter
786 2719 819 2740 se

120 2757 248 2799 ger-ant]
267 2759 394 2790 Vocem
418 2760 637 2799 penultimam
662 2760 697 2792 in
720 2760 819 2792 bonae

209 2811 328 2852 Delph.
338 2815 368 2843 et
390 2811 464 2845 Var.
477 2813 560 2846 clos.

790 2814 897 2846 Caesur

1449 195 1560 236 1617

859 305 937 338 fidei
973 305 1068 337 libris
1104 305 1283 336 desiderari
1326 309 1483 346 testatur,
1524 311 1561 339 et

859 357 976 388 abesse
994 366 1087 396 posse
1105 361 1271 388 monstrat
1292 356 1324 388 J.
1351 357 1404 386 Fr.
1430 356 1563 388 Grono-

859 408 931 438 vius
960 407 1104 438 Observ.
1132 415 1182 437 lv.
1209 409 1259 438 14.
1278 416 1311 446 p.
1328 409 1402 437 227.
1449 407 1561 437 Datis.

861 456 908 488 At
935 458 966 487 in
987 457 1113 487 Buslid.
1133 456 1267 496 quidem
1292 465 1356 486 non
1373 461 1561 495 comparet.

861 508 945 538 Cum
965 513 1076 538 tamen
1089 516 1162 538 eam
1175 510 1425 547 repraesentent
1440 506 1564 538 Petav.

860 558 1001 589 Norvic.
1034 557 1157 597 aliique
1183 557 1278 595 Msti,
1304 566 1366 587 nec
1392 556 1492 587 aliter
1517 556 1565 587 lo-

860 607 915 647 qui
943 607 1052 638 soleat
1079 607 1223 646 Hirtius,
1251 606 1386 637 omnino
1415 606 1564 637 retinen-

860 656 937 686 dam
975 661 1068 696 puto.
1118 657 1229 687 Dacis.
1265 666 1337 688 cur.
1368 666 1434 687 sec.
1491 656 1564 687 Mei

860 716 993 748 qnoque
1007 716 1039 737 se
1056 706 1217 737 retinent.
1232 707 1274 737 V.
1292 707 1393 737 etiam
1407 706 1565 738 Gronov.

859 758 900 788 ad
916 757 988 788 Liv.
1004 765 1133 787 xxxix.
1146 759 1198 787 54.
1216 756 1225 772 ‘
1244 756 1366 796 Neque
1379 756 1452 787 illos
1467 761 1564 788 recte

861 806 1026 847 gessisse!
1072 807 1124 837 Ex
1139 805 1293 846 ejusdem
1311 805 1477 836 Gronovii
1493 814 1565 837 sen·

860 857 968 888 tentia
997 856 1066 897 legi
1107 855 1269 896 deinceps
1304 860 1420 895 posset
1449 855 1565 887 milites

860 910 968 939 contra
984 908 1093 947 Remp.
1108 906 1214 947 populi
1232 905 1286 937 Ri.
1320 905 1409 936 Vide
1428 904 1509 937 ibid.
1530 906 1566 936 iu

863 958 947 989 Obs.
961 962 997 989 et
1010 957 1110 988 Viros
1124 956 1242 987 doctos
1255 955 1298 986 ad
1314 955 1436 987 Vellei.
1453 964 1492 987 11.
1510 958 1565 987 16.

861 1007 919 1038 sed
939 1011 976 1038 ut
987 1007 1189 1045 magistratus
1200 1006 1304 1046 populi
1320 1005 1465 1045 Romani,
1476 1014 1566 1036 sena·

861 1061 942 1088 tores
955 1057 1056 1098 populi
1073 1055 1217 1096 Romani,
1229 1055 1409 1086 Sacerdotes
1420 1064 1491 1095 pop.
1509 1054 1567 1086 Ri.

862 1108 910 1138 ita
932 1108 1034 1138 etiam
1057 1107 1217 1138 dicuntur
1238 1106 1353 1137 milites
1374 1105 1483 1146 populi
1501 1105 1566 1136 Ra-

861 1156 956 1186 mani.
1012 1156 1078 1186 Adi
1094 1157 1229 1186 omnino
1254 1156 1373 1186 Heius.
1394 1160 1430 1187 et
1448 1156 1566 1187 Burm-

862 1205 903 1236 ad
927 1206 1049 1236 Vellei.
1072 1214 1113 1235 11.
1141 1208 1194 1236 69.
1217 1205 1261 1234 V.
1278 1205 1379 1235 etiam
1405 1214 1435 1235 c.
1453 1208 1504 1235 97.
1531 1210 1568 1236 et

862 1255 904 1286 ad
927 1255 967 1286 B.
999 1254 1044 1286 G.
1075 1263 1100 1286 1.
1138 1256 1169 1286 3.
1207 1254 1216 1271 ‘
1249 1263 1268 1284 a
1298 1257 1417 1284 senatu
1448 1255 1566 1295 populi

863 1304 930 1337 Ri.'

907 1359 947 1387 19
972 1357 1130 1392 Quantum
1141 1355 1258 1397 potest]
1303 1354 1388 1386 Mox
1404 1363 1519 1385 rursus
1536 1358 1567 1386 et

862 1410 1008 1448 quantum
1021 1410 1133 1448 potest.
1179 1405 1246 1437 Sed
1257 1406 1312 1436 hic
1327 1409 1414 1445 potes
1427 1411 1462 1436 et
1476 1403 1567 1435 infra.

859 1458 989 1499 potestis
1004 1457 1132 1488 liabent
1147 1457 1234 1487 Mss.
1251 1454 1410 1486 Dorvillii
1425 1459 1461 1485 et
1478 1454 1566 1486 Edd.

863 1517 978 1540 omnes
996 1512 1075 1539 ante
1088 1507 1262 1546 Ursinum,
1278 1505 1334 1547 qui
1354 1508 1455 1546 potest
1472 1514 1490 1536 e
1507 1515 1567 1536 sno

865 1559 990 1590 Codice
1007 1558 1124 1598 reponi
1152 1557 1270 1596 voluit,
1291 1556 1447 1597 quodque
1464 1555 1568 1587 Scali-

865 1618 924 1649 ger
940 1613 975 1640 et
991 1617 1085 1649 seqq.
1103 1607 1210 1639 secuti
1226 1611 1313 1637 sunt.
1348 1606 1444 1636 Potes
1459 1606 1567 1646 primo

865 1658 938 1689 loco
963 1657 1066 1688 etiam
1094 1656 1218 1687 Petav.
1245 1661 1280 1686 et
1310 1655 1406 1686 Leid.
1436 1664 1504 1686 sec.
1532 1659 1570 1685 at

864 1708 953 1739 idem
970 1717 1046 1738 cum
1063 1707 1184 1747 anac.
1200 1705 1278 1737 dein
1299 1708 1412 1745 potest.
1440 1704 1568 1744 Scalig-

860 1768 919 1799 pro
942 1767 975 1788 eo
991 1762 1027 1788 et
1049 1767 1126 1788 mox
1151 1759 1233 1796 peto,
1261 1760 1299 1786 ut
1324 1759 1470 1795 utroque
1494 1754 1569 1785 loco

864 1807 970 1839 habet
1002 1806 1094 1838 Leid.
1122 1805 1262 1846 primus.
1318 1805 1397 1835 Non
1426 1803 1568 1835 dubium

864 1858 943 1889 mihi
960 1862 1025 1896 est,
1048 1856 1125 1897 quin
1144 1855 1326 1895 utrobique
1349 1854 1417 1894 legi
1441 1853 1568 1885 debeat

864 1911 1010 1948 quantum
1036 1910 1126 1947 pote;
1159 1904 1266 1936 veteri
1293 1903 1451 1942 formula,
1476 1902 1567 1943 apud

865 1958 1021 1989 Comicos
1037 1955 1218 1997 frequenti.
1251 1953 1340 1984 Vide
1357 1953 1401 1984 G.
1418 1952 1453 1985 J.
1467 1953 1567 1983 Voss.

866 2008 908 2038 de
937 2007 1035 2038 Anal.
1064 2016 1105 2037 11.
1130 2009 1184 2037 21.
1212 2009 1247 2036 et
1273 2013 1327 2035 me
1354 2004 1389 2034 in
1421 2003 1568 2035 Observ.

867 2057 953 2089 erit.
970 2058 1010 2088 ad
1030 2056 1132 2097 Apul.
1150 2056 1293 2086 Metam.
1306 2055 1330 2085 l.
1347 2062 1427 2084 vin.
1445 2063 1478 2093 p.
1494 2056 1569 2084 164.

865 2110 873 2125 ‘
885 2108 1124 2139 Accubueram
1135 2115 1235 2147 quam
1248 2108 1327 2146 pote
1339 2103 1457 2135 tutus.'
1476 2104 1570 2134 Dein

865 2158 947 2189 Mss.
962 2157 1048 2188 Scal.
1071 2161 1106 2187 et
1123 2156 1217 2187 Leid.
1234 2165 1286 2196 pr.
1311 2155 1443 2194 itemque
1469 2157 1513 2193 te,
1537 2153 1568 2185 A

868 2208 991 2247 Fontei,
1005 2210 1056 2247 ⁸5⁶-
1080 2210 1112 2238 te
1129 2206 1171 2238 ab
1186 2206 1324 2237 exercitu
1347 2205 1484 2244 dimitto,
1501 2204 1570 2235 ele-

867 2258 961 2299 ganti
977 2262 1012 2288 ct
1035 2256 1167 2288 efficaci
1182 2256 1401 2296 repetitione,
1425 2265 1499 2297 quae
1516 2259 1571 2286 est

866 2307 1049 2338 notissima.

909 2359 950 2389 23
975 2357 1014 2387 In
1045 2367 1110 2387 meo
1138 2356 1280 2387 exer-cita
1315 2355 1472 2398 beneficio,
1508 2365 1570 2386 non

866 2409 998 2449 virtute]
1041 2409 1157 2446 Forte,
1184 2407 1399 2447 transpositis
1427 2407 1569 2439 vocibus

868 2459 936 2501 legi
963 2464 1079 2500 posset
1100 2459 1134 2490 iu
1159 2459 1308 2497 exercitu,
1334 2469 1399 2489 meo
1415 2458 1571 2500 beneficio,

866 2520 926 2541 non
942 2509 1057 2540 virtute
1073 2508 1232 2551 (vestra).
1261 2509 1329 2540 Sed
1346 2513 1381 2539 et
1396 2508 1502 2549 proba
1518 2513 1571 2539 est

867 2560 1008 2601 vulgata
1024 2560 1142 2591 lectio.
1167 2560 1275 2590 Clark.

910 2612 950 2641 25
976 2609 1015 2639 In
1044 2609 1194 2640 seditione
1229 2609 1404 2640 concitandi
1440 2605 1570 2646 milites]

869 2658 1014 2691 Codices
1039 2660 1174 2700 plurimi
1197 2659 1442 2697 concitandisque
1461 2656 1572 2686 rniliti-

869 2709 934 2740 bus.
959 2710 1068 2741 Clark.
1092 2710 1186 2749 Lego
1198 2709 1232 2738 in
1244 2708 1436 2738 seditionem.
1458 2705 1570 2737 Dat-ie.

869 2768 941 2791 cur.
956 2768 1026 2791 sec.
1070 2759 1220 2799 Vulgata
1242 2757 1345 2789 lectio
1368 2760 1420 2788 est
1444 2756 1569 2796 partim

1407 2807 1483 2842 SR
