1850 3109
443 220 549 248 cAp,
582 205 654 248 223.
691 214 785 244 mn.
821 215 885 244 Du
922 214 1078 244 amno
1112 215 1310 250 nisui«.

199 315 238 343 27
266 311 379 342 Iccirco
393 309 486 350 quod]
524 309 652 340 Ultima
671 318 735 340 vox
761 317 854 348 pror-

157 372 210 394 sus
230 366 283 392 est
307 360 426 398 otiosa,
443 368 548 400 quare
566 360 618 389 vel
641 358 785 390 delenda
809 368 850 389 ex

155 413 221 444 fide
250 411 435 443 editionum
459 411 555 441 Rom.
578 410 664 440 Ven.
690 409 850 440 Beroald.

155 463 207 494 vel
234 461 347 501 potius
382 459 561 500 tegendum
601 460 786 499 idcircoque,
815 463 852 490 ut

152 511 254 542 habet
267 510 320 542 ed.
340 510 427 541 Rob.
443 511 604 551 Stephani
630 510 670 540 Α.
687 511 732 542 D.
757 513 850 541 1544.

151 561 262 592 Davis.
317 560 744 601 Iccircoque—contcrritos
771 571 851 591 com-

146 613 251 654 plures
272 611 451 653 prosugere.
487 611 541 643 Ita
567 613 689 643 iterum
720 612 848 652 optime

153 663 325 702 Davisius,
336 674 377 694 ex
391 663 549 694 Editione
562 663 738 704 Stephani.
756 664 847 696 Quo-

149 713 248 745 modo
271 718 306 745 et
331 714 365 744 iu
380 714 491 745 Vossii
509 715 574 746 Ms.
591 714 754 755 scriptum
777 723 852 754 rep-

150 765 232 805 peri.
288 766 441 806 Scaliger
478 765 604 807 aliique
639 766 847 802 oscitanter3

146 814 270 846 iccirco
308 815 627 857 quod—conterritos
675 816 846 856 complures

145 864 321 906 profugere,
341 867 394 905 δῖε.
441 867 542 900 Quod
566 867 733 898 Latinitas
758 867 850 897 nulla

149 920 213 954 est,
240 916 330 947 nulla
367 918 547 949 sententia.
595 918 701 948 Clark.
760 918 850 952 Quod

150 965 245 997 abest
272 967 374 998 etiam
399 977 418 998 a
444 968 542 999 Leid.
575 977 642 999 sec.
677 968 783 999 Dorv.
812 973 848 998 et

151 1015 238 1047 Edd.
265 1016 408 1048 Mediol.
435 1018 522 1049 Ven.
567 1017 634 1049 Sed
655 1017 852 1058 praetuliid-

147 1065 286 1106 circoque
303 1077 379 1098 cum
403 1067 494 1099 aliis:
532 1073 569 1099 ut
593 1069 670 1099 olim
690 1069 762 1108 jam
779 1069 850 1099 edi-

149 1116 231 1147 dere
250 1118 388 1148 Vascos.
407 1119 539 1158 Gryph.
564 1124 652 1158 post.
682 1120 798 1159 Steph.
815 1124 851 1151 et

147 1165 273 1207 plnres.
319 1167 418 1199 Istud
434 1169 510 1208 quod
533 1177 597 1198 non
623 1177 643 1198 a
666 1169 852 1209 scaligero,

149 1217 283 1258 sedjam
295 1217 336 1250 ab
352 1217 452 1256 Aldo,
465 1218 568 1249 Basii.
580 1218 703 1249 Venet.
717 1217 851 1259 Gryph.

149 1267 306 1299 Manutio
321 1273 356 1299 et
373 1268 526 1308 pluribus
543 1269 706 1300 insertum
723 1274 785 1301 est.

191 1319 233 1347 29
255 1317 456 1358 Bethar-iam]
479 1318 666 1358 Perperani
684 1318 731 1348 ita
743 1318 850 1350 edunt

148 1366 260 1407 vulgo.
283 1367 365 1398 Mss.
396 1369 571 1399 Beturiam.
633 1368 731 1400 Unde
756 1375 850 1401 recte

149 1417 250 1448 Vasc.
275 1418 390 1458 steph.
408 1419 540 1460 Gryph.
559 1425 647 1460 post.
666 1421 791 1453 Celtar.
817 1427 851 1452 et

149 1468 205 1499 alii
233 1469 420 1509 Baeturiam,
442 1477 480 1500 ut
504 1471 594 1511 apud
621 1471 711 1503 Plin.
738 1482 793 1503 ιιι.
820 1476 849 1504 l.

147 1518 303 1549 Straboni
328 1520 488 1561 Βαιτουρίιι
504 1522 526 1552 1.
542 1531 598 1553 111.
616 1532 648 1563 p.
667 1525 739 1554 142.
758 1524 850 1565 quod

148 1572 184 1599 et
200 1569 430 1611 Giandorpius
445 1573 585 1604 monuit.

191 1622 232 1650 30
260 1620 473 1662 (Ji—conjici]
498 1623 564 1653 Vix
582 1624 644 1655 hoc
664 1625 785 1656 Latine
803 1626 851 1657 di-

148 1670 249 1709 citur,
269 1672 332 1702 nisi
357 1673 477 1703 mutila
499 1674 543 1704 sit
558 1675 738 1706 sententia.
786 1676 850 1706 Re-

149 1721 247 1760 titue,
263 1721 353 1762 quod
370 1723 403 1752 in
428 1723 537 1754 Vossii
552 1725 619 1754 Ms.
638 1725 790 1765 repperi,
807 1735 851 1757 ΕΤ

147 1772 310 1809 -εοηρίεί-
357 1773 534 1804 Quomodo
556 1779 592 1805 et
620 1774 851 1816 Glandorpius

147 1824 380 1863 reponendum
405 1826 611 1865 conjecerat.
649 1828 756 1858 Clark.
802 1829 849 1859 Ut

145 1873 173 1903 si
189 1873 258 1912 quis
269 1883 308 1905 ex
324 1875 437 1905 nostris
448 1876 728 1917 transfugerit,&c.
757 1879 848 1918 Lege

146 1928 180 1954 at
195 1925 222 1955 si
235 1926 289 1965 qui
311 1936 351 1957 ex
372 1928 484 1958 nostris
498 1928 745 1969 transfugerunt,
759 1930 792 1960 in
808 1930 848 1960 le-

146 1984 213 2006 vem
229 1980 421 2008 armaturam
443 1979 565 2017 conjici,
589 1989 695 2019 eosque
711 1990 771 2010 non
786 1991 849 2010 am-

143 2025 226 2066 plius
240 2027 474 2068 xV1.accipere.
521 2029 574 2060 Sic
587 2029 711 2061 diserte
725 2030 846 2061 Petav.

147 2080 183 2106 et
200 2076 338 2109 Norvic.
354 2078 417 2109 nisi
437 2079 526 2118 quod
545 2079 578 2110 in
601 2080 709 2119 prima
728 2081 849 2111 vocula

149 2125 231 2156 nihil
262 2131 406 2158 mutent.
431 2128 542 2160 Dat-is.
568 2139 638 2160 cur.
655 2140 723 2162 sec.
769 2131 850 2171 Lip-

149 2175 218 2205 sius
229 2175 409 2216 adscripsit
421 2182 486 2209 aut.
504 2179 570 2210 Sed
583 2184 612 2210 et
626 2181 762 2212 edidere
775 2182 847 2222 jam

149 2223 249 2255 Vasc.
263 2225 382 2266 steph.
399 2228 530 2267 Gryph.
555 2234 643 2268 post.
659 2239 699 2260 ac
715 2231 847 2262 Sti-ada.

147 2274 201 2305 An
227 2274 292 2307 suit
308 2279 342 2307 ut
358 2274 417 2307 et?
451 2278 540 2308 Dein
568 2279 653 2309 Mss.
680 2289 795 2310 omnes
815 2286 849 2311 et

147 2323 234 2356 Edd.
258 2325 338 2365 qdd.
369 2326 397 2356 si
426 2327 490 2366 qui.
521 2337 664 2368 quorum
695 2329 848 2370 plerique

146 2374 274 2406 habent
299 2375 537 2415 transfugerunt
554 2378 605 2408 vel
621 2378 849 2418 tran-§fugerint

148 2429 183 2454 et
212 2434 274 2465 pro
300 2436 425 2466 eumque
453 2427 581 2458 eaedem
609 2429 697 2460 Edd.
731 2440 847 2470 eosque.

145 2475 213 2506 Sed
240 2485 366 2516 eumque
393 2478 543 2510 retinent
565 2479 686 2520 Scalig.
706 2480 849 2511 Leiden-

148 2534 213 2563 seS,
226 2530 262 2556 et
274 2526 382 2556 Dorv.
400 2527 500 2560 Quod
516 2535 691 2560 mutarunt
706 2529 850 2570 librarii,

147 2582 211 2604 non
228 2583 406 2614 memores,
421 2577 448 2607 si
471 2578 523 2618 qai
538 2578 606 2610 dici
633 2589 694 2621 pro
720 2580 749 2611 si
768 2583 847 2621 quis.

148 2622 215 2654 Adi
232 2624 275 2655 ad
291 2625 331 2656 B.
348 2626 436 2658 Gall.
454 2637 479 2658 1.
496 2631 549 2659 48.

193 2681 302 2704 xxm.
312 2677 332 2704 4
343 2676 578 2718 Detinentibus]
588 2679 654 2710 ΜΒ.
666 2679 780 2711 Vossii
791 2681 846 2712 ha-

149 2721 220 2760 bet,
231 2723 447 2756 desinentibus.
464 2728 561 2759 Quod
573 2733 608 2759 et
620 2738 662 2759 ex
674 2732 846 2772 conjectu-

150 2780 189 2802 ra
203 2774 353 2813 reposuit
366 2775 608 2818 Glandorpius.
622 2780 730 2812 Clark.
753 2781 846 2812 Desi-

1486 210 1610 254 1663

905 306 1045 337 uentibus
1072 305 1254 339 ediderunt
1298 311 1434 344 Vascos.
1476 317 1608 359 Gryph-

906 362 995 396 post.
1012 358 1129 397 Steph.
1146 364 1180 388 et
1198 359 1265 390 atii.
1312 360 1381 392 Pro
1398 366 1511 395 nostris
1530 377 1609 399 vero

905 407 936 437 in
952 407 1059 438 I'etav
1090 408 1213 449 ¹scalig.
1230 409 1326 441 Leid.
1339 421 1390 451 pr.
1408 419 1461 445 est
1478 421 1608 450 nostros.

947 462 964 488 5
993 459 1058 488 Hic
1074 463 1187 498 tamen,
1211 463 1245 490 ut
1265 461 1312 491 ait
1338 463 1473 504 Ennius,
1495 469 1609 509 nostri]

904 509 1030 540 Ennius
1055 511 1181 541 citatur
1211 522 1346 554 quoque
1374 525 1404 546 c.
1438 520 1490 549 31.
1537 519 1606 551 Hic

903 568 982 590 vero
1007 561 1090 592 Mss.
1116 562 1199 592 mire.
1229 563 1379 595 turbant.
1428 566 1467 597 In
1487 569 1607 608 cujac.

904 610 968 640 Hic
984 612 1057 642 dum
1080 616 1114 642 ut
1140 615 1179 643 ad
1203 613 1304 647 Euius
1329 618 1439 648 nostri.
1488 619 1609 653 Petav.

901 660 1102 701 simpliciter
1128 663 1192 694 Hic
1208 666 1316 696 nostri.
1365 668 1459 700 Leid.
1485 679 1554 701 sec.
1573 677 1609 702 et

904 711 1053 742 Dorvili.
1099 712 1165 743 Hic
1183 715 1256 745 dum
1273 720 1306 746 ut
1323 717 1469 749 hactenus
1490 724 1610 752 nostros

901 762 1064 801 (Dorvill.
1086 765 1218 805 nostris)
1245 767 1339 798 Leid.
1358 779 1409 809 pr.
1445 770 1511 801 Hic
1534 773 1607 803 dum

902 816 934 842 ut
961 813 1010 843 ait
1040 814 1175 852 Ennius,
1192 818 1303 848 nostri.
1350 820 1464 852 Quare
1484 831 1545 861 pro
1563 826 1611 852 ta-

902 873 970 894 men
989 864 1122 896 videtur
1138 867 1318 906 legendnm
1345 878 1418 902 esse
1440 875 1530 909 tum,·
1567 878 1605 903 ut

902 915 1051 955 conjecit
1070 916 1314 958 Glandorpius.

947 969 983 996 11
1012 967 1063 997 Ita
1087 977 1155 998 cum
1180 970 1208 999 z's
1234 970 1384 1010 compar]
1417 971 1610 1015 Glandorp.

901 1014 985 1055 legit
1011 1017 1102 1047 Alter
1128 1028 1197 1049 cum
1225 1019 1273 1049 his
1300 1030 1432 1060 compar.
1480 1023 1611 1054 Favent

903 1065 1088 1098 Leidenses
1116 1072 1151 1099 et
1180 1070 1329 1101 Dorvill.
1356 1072 1389 1101 in
1417 1072 1539 1113 quibus
1557 1078 1612 1106 est

901 1116 956 1146 eis.
1003 1117 1139 1157 Lipsius
1155 1128 1242 1150 unus.
1291 1120 1393 1152 Forte
1419 1132 1510 1162 quum
1533 1133 1611 1155 unus

901 1165 947 1195 eis
960 1175 1095 1205 compar.

946 1219 984 1246 12
1009 1218 1155 1247 Animum
1193 1220 1392 1262 advertisset]
1453 1223 1508 1254 Ita
1542 1225 1610 1255 Ms.

901 1265 1009 1297 Norv.
1048 1267 1087 1297 ln
1105 1268 1251 1309 vulgatis
1274 1276 1350 1301 erat
1373 1272 1610 1305 animadvertis-

900 1319 957 1347 set.
980 1317 1091 1349 Daris,
1135 1319 1192 1349 Sic
1217 1320 1320 1350 etiam
1348 1321 1427 1354 Pet.
1454 1328 1488 1353 et
1513 1324 1609 1356 Leid.

901 1376 953 1407 pr.
991 1368 1079 1399 Vide
1095 1369 1136 1399 ad
1152 1369 1192 1399 B.
1212 1370 1255 1401 G.
1274 1379 1298 1401 1.
1316 1373 1369 1402 24.

946 1421 984 1449 14
1015 1419 1083 1450 Viri
1098 1431 1169 1451 casu
1180 1422 1295 1461 passim
1313 1422 1435 1463 audito]
1460 1424 1609 1465 Corrup-

902 1469 1030 1500 tissime
1049 1471 1123 1501 Pet.
1144 1471 1242 1502 Leid.
1264 1483 1313 1512 pr.
1343 1473 1433 1504 Scal.
1459 1476 1607 1515 temporis

900 1520 1114 1559 aquarisortis
1130 1521 1244 1559 (sortes
1263 1523 1357 1563 Pet.)
1372 1524 1519 1563 insignia.
1567 1527 1606 1558 Iu

901 1571 940 1601 iis
958 1575 1066 1601 tamen
1085 1572 1194 1603 latere
1211 1572 1348 1604 videtur
1361 1575 1473 1606 verior
1486 1577 1608 1616 lecti0;

902 1630 1003 1661 quam
1020 1627 1152 1659 eruant,
1169 1622 1293 1663 quibus
1311 1623 1386 1664 plus
1401 1624 1461 1655 otii
1478 1631 1541 1657 est.

947 1674 985 1701 lS
1012 1672 1055 1701 Et
1072 1672 1199 1712 turmis]
1235 1673 1434 1714 Legendum
1450 1687 1468 1705 a
1497 1678 1609 1708 turmis

902 1723 1191 1753 consentientibus
1209 1724 1400 1756 Codicibus.
1429 1726 1537 1758 Clark.
1576 1728 1605 1759 A

902 1773 1038 1812 reposui
1057 1783 1074 1803 e
1090 1774 1175 1804 Mss.
1190 1774 1343 1805 omnibus
1360 1780 1396 1806 et
1410 1775 1496 1807 Edd.
1511 1778 1607 1810 Vett.

901 1822 1003 1852 etiam
1019 1823 1145 1863 Scalig.
1162 1823 1317 1865 aliisque.
1344 1826 1402 1856 Nil
1420 1833 1472 1857 est
1499 1831 1527 1858 et
1543 1828 1608 1859 nisi

902 1872 1158 1912 typothetarum
1177 1883 1282 1904 error.

944 1925 985 1953 20
1013 1922 1056 1952 t‘t
1072 1923 1189 1962 equites
1209 1924 1311 1963 spatio
1328 1925 1491 1957 intercluso
1507 1928 1562 1958 vix
1575 1938 1607 1959 se

900 1971 1062 2009 defendere
1073 1973 1213 2013 possent]
1248 1974 1446 2016 Legendum
1473 1987 1514 2008 ex
1538 1979 1605 2011 ΜΞ.

902 2023 1008 2053 Norv.
1034 2028 1070 2054 et
1096 2024 1197 2055 editt.
1223 2026 1347 2057 Venet.
1375 2028 1535 2061 Beroald.
1570 2034 1605 2061 ut

900 2083 988 2113 eques
1007 2075 1108 2114 spatio
1125 2075 1288 2106 intercluso
1312 2078 1366 2107 vix
1391 2088 1423 2108 se
1442 2079 1606 2116 defendere

897 2128 1010 2163 posset,
1027 2125 1115 2165 quod
1132 2126 1323 2166 elegantius
1340 2134 1403 2167 est,
1420 2139 1520 2169 quam
1537 2129 1606 2162 sert

902 2175 1134 2206 Librariorum
1165 2181 1296 2216 captus.
1321 2178 1434 2209 Duris.
1496 2179 1604 2211 Acce-

901 2224 986 2256 dunt
1018 2225 1138 2257 Petav.
1167 2226 1264 2257 Leid.
1294 2238 1344 2267 pr.
1382 2229 1532 2260 Dorvill.
1569 2235 1604 2261 et

901 2275 987 2305 Edd.
1003 2275 1102 2306 Rom.
1130 2276 1269 2306 Mediol.
1285 2287 1324 2308 ac
1340 2278 1471 2318 recepit
1487 2280 1606 2310 Clark-

901 2325 961 2355 ius.
978 2325 1102 2356 Recte.
1147 2326 1236 2356 Vide
1253 2327 1295 2357 ad
1311 2336 1334 2358 1.
1349 2331 1401 2358 53.
1424 2334 1524 2368 posset
1542 2331 1605 2361 eti-

901 2385 952 2405 am
970 2375 1066 2406 Leid.
1085 2385 1151 2407 sec.
1175 2375 1231 2417 qui
1254 2377 1356 2408 habet
1382 2379 1499 2409 itidem
1516 2390 1604 2411 coan-

897 2428 1092 2465 gustabatur.
1141 2427 1248 2458 Immo
1285 2429 1431 2461 Dorvin.
1474 2431 1603 2461 munitio

898 2477 1168 2517 coangustabatur.
1214 2478 1294 2518 Sed,
1310 2485 1347 2510 ut
1371 2484 1466 2520 puto,
1482 2490 1602 2521 perpe-

899 2539 980 2559 rain.

941 2581 981 2609 23
1006 2578 1168 2619 Aquitius]
1218 2578 1302 2610 MSS.
1328 2585 1363 2610 et
1386 2579 1473 2610 Edd.
1504 2579 1600 2610 vett.

897 2630 1086 2670 Arquicius:
1120 2630 1184 2660 nisi
1214 2629 1302 2670 quod
1329 2630 1418 2660 Scal.
1445 2634 1479 2659 et
1504 2628 1600 2660 Leid.

897 2689 965 2710 sec.
991 2680 1187 2720 Arquitinus.
1216 2680 1279 2710 Ed.
1297 2680 1411 2710 Elzev.
1438 2679 1601 2718 Aquirius.

898 2730 1088 2770 Glandurp.
1118 2730 1279 2770 Equitius.
1308 2730 1442 2759 Manut.
1472 2738 1515 2759 ex
1545 2729 1601 2760 Iu·

897 2781 1137 2822 scriptionibus
1153 2782 1279 2812 Avitus.
1317 2779 1383 2811 Sed
1398 2790 1440 2811 ex
1455 2779 1522 2811 illis
1536 2780 1598 2811 eti-
