1850 3109
541 181 601 210 nn
636 180 748 208 νιτΛ
780 178 911 208 sumi
945 179 1176 209 emmens.
1477 170 1585 213 1791

135 280 249 326 igitur
268 280 303 317 in
334 279 582 327 Gergouiam,
609 287 643 315 et
668 279 918 315 Alvernorum
949 278 1064 328 signis
1094 285 1221 315 nostra
1252 279 1354 327 signa
1385 281 1586 329 conjungi-

135 356 238 384 mus:
270 343 330 380 cui
351 342 450 379 enim
468 342 626 378 dubium
648 355 727 379 esse
756 349 878 391 potest
901 343 992 390 quin
1013 341 1172 378 {tomani
1205 348 1312 378 tanto
1331 342 1472 378 scelere
1503 346 1586 392 pol·

133 405 201 442 luti
221 418 297 441 non
322 406 423 441 liunc
455 404 641 453 peccandi
670 404 782 441 finem
819 405 965 447 facturi,
989 404 1053 441 sed
1087 405 1120 440 in
1144 411 1310 441 nostram
1334 418 1464 442 necem
1487 406 1585 443 illico

132 481 219 506 cum
248 481 314 504 nos
348 467 511 504 viderint
540 467 673 504 ruituri
694 467 798 504 sint?
839 469 1001 504 Mortem
1033 468 1161 516 itaque
1195 467 1406 517 fugiamus:
1438 476 1475 505 et
1508 482 1581 518 qua

132 530 302 569 daturin
326 544 489 581 praeseus
524 532 755 568 ulciscamur
787 532 966 568 occisos!
1024 532 1138 568 Erant
1172 531 1206 567 in
1238 532 1421 568 comitatu
1444 532 1584 569 Roma-

132 596 171 632 ni
210 595 326 639 cives,
362 609 534 641 magnam
569 596 641 632 vim
670 595 850 632 frumenti
881 602 917 631 et
953 603 1237 632 commeatuum
1278 595 1505 644 reliquorum
1536 595 1582 632 ad

131 666 256 696 castra
284 660 446 697 Caesaris
473 659 704 703 deferentes:
741 660 805 708 qui
835 667 874 695 ut
905 660 1021 696 tutius
1052 659 1385 708 proficiscerentur
1413 666 1450 694 (o
1482 673 1585 697 mens

133 722 329 759 homiuum
351 735 456 760 coeca
476 730 511 759 et
535 723 652 759 futuri
673 723 807 767 inscia)
836 736 917 759 sese
948 721 1021 759 illis
1050 722 1327 771 adjunxerant:
1359 737 1424 759 eos
1440 722 1473 746 ²⁶
1485 724 1584 761 Lita-

131 785 256 823 victus
274 786 482 824 osteudens
505 786 638 835 digito:
674 791 683 805 ‘
698 786 938 823 occidamus'
953 786 1075 835 iuquit
1098 792 1105 805 ‘
1122 786 1192 823 lios
1214 787 1410 822 latronest'
1430 794 1586 836 paretur

132 849 258 886 statim
279 849 402 898 impiis
425 850 648 899 praeceptis:
681 850 741 885 vix
763 849 855 886 dum
887 849 1001 885 verba
1022 847 1170 886 finierat
1191 862 1460 899 concursuque
1491 851 1585 887 mili-

130 920 212 950 tum
233 913 437 950 crudeliter
460 913 647 950 interfecti
669 920 770 957 sunt,
802 920 840 950 et
859 912 1009 962 direpta
1029 926 1116 963 quae
1143 913 1317 950 ferebant
1346 914 1492 951 onmia:
1523 927 1586 951 ne-

132 990 206 1026 que
236 976 307 1014 hoc
334 984 537 1013 contentus
572 976 716 1027 flagitio
744 977 954 1014 Litavictus
985 990 1052 1027 per
1081 990 1211 1014 omues
1241 977 1449 1014 AEduorum
1489 977 1586 1014 fines

131 1040 233 1076 liunc
255 1053 445 1077 rumorem
468 1041 625 1090 spargit,
652 1041 865 1091 suadetque
885 1041 1065 1079 omnibus
1087 1041 1184 1078 idem
1217 1040 1343 1078 facere
1378 1042 1482 1091 quod
1506 1042 1584 1091 ipse

131 1102 237 1146 fecit,
270 1111 306 1140 ut
330 1104 470 1140 scelere
492 1104 713 1152 implicitos,
746 1105 803 1141 vel
831 1118 956 1142 errore
985 1105 1102 1155 impio
1138 1118 1157 1141 a
1190 1105 1362 1141 Romana
1389 1105 1585 1155 disjungat

128 1166 310 1204 amicitia.
358 1166 474 1204 Erant
505 1180 590 1204 cum
627 1167 777 1205 Caesare
812 1167 890 1204 duo
913 1169 1025 1205 AEdui
1047 1168 1312 1206 adolescentes
1332 1170 1468 1218 egregii
1491 1183 1585 1219 quo—

130 1242 212 1267 rum
248 1243 362 1280 supra
398 1231 535 1268 mentio
562 1237 617 1267 est
641 1231 782 1276 habita,
810 1233 1056 1281 Eporedorix,
1098 1233 1276 1282 prosapia
1307 1240 1412 1269 ortus
1434 1233 1582 1277 illustri,

130 1307 355 1343 magnaeque
388 1294 482 1331 inter
514 1307 601 1330 suos
622 1296 816 1343 potentiae,
849 1303 886 1332 et
918 1295 1194 1340 Viridomarus,
1227 1309 1296 1346 par
1324 1296 1441 1336 ‘gratia
1467 1304 1583 1346 atque

130 1364 263 1400 aetate;
297 1357 362 1394 sed
385 1371 522 1406 genere
544 1359 655 1407 louge
675 1359 818 1408 iinpar3
852 1360 952 1395 hunc
975 1359 1105 1397 Caesar
1125 1360 1196 1396 sibi
1217 1374 1235 1395 a
1261 1360 1450 1396 Divitiaco
1480 1374 1585 1396 com-

131 1422 364 1466 mendatum,
387 1434 432 1457 ex
453 1421 527 1457 imo
549 1422 581 1457 in
603 1422 720 1458 altum
743 1422 849 1459 valde
872 1430 1109 1471 provexerat,
1141 1425 1190 1460 ita
1214 1431 1253 1460 ut
1275 1437 1360 1460 cum
1387 1423 1584 1473 Eporedo-

126 1485 206 1535 rige
221 1485 306 1535 ipso
326 1486 374 1523 de
391 1485 585 1535 prioritate
598 1486 844 1523 contenderet
861 1502 869 1531 ;
892 1488 939 1523 (ie
954 1500 1114 1535 quorum
1131 1489 1237 1525 caede
1255 1488 1314 1525 Lit
1331 1488 1466 1525 zvictus
1479 1487 1581 1537 apud

127 1550 335 1587 exercituin
359 1550 539 1586 mentitus
555 1557 635 1587 erat
655 1557 693 1587 ut
714 1551 904 1588 diximus:
934 1551 982 1587 ad
1025 1551 1126 1588 liunc
1154 1551 1453 1601 Eporedorigem
1484 1552 1583 1589 circa

128 1612 297 1650 medium
320 1613 445 1650 noctis
465 1613 733 1661 hujuscemodi
754 1615 806 1650 rei
823 1613 923 1650 fama
944 1622 1181 1663 pervenerat,
1200 1623 1239 1651 et
1259 1616 1348 1664 quid
1372 1615 1581 1653 Litavictus

128 1675 299 1720 dixisset,
335 1676 427 1725 quid
457 1675 595 1726 egisset
625 1677 784 1721 audivit,
818 1684 856 1715 et
890 1677 981 1728 quid
1019 1679 1146 1715 animo
1181 1679 1345 1715 volveret
1384 1679 1579 1728 cogitavit.

129 1739 262 1777 Statim
292 1753 381 1790 ergo
416 1741 518 1776 nulla
553 1753 654 1777 mora
689 1740 914 1790 interposita
945 1742 1134 1778 Caesarem
1161 1742 1251 1786 adit,
1273 1749 1308 1778 et
1330 1742 1580 1792 proditionem

127 1803 261 1852 aperit,
285 1804 432 1840 futurus
453 1804 529 1852 ipse
552 1817 637 1840 mox
670 1803 863 1852 proditor:
895 1817 933 1841 re
955 1811 996 1841 ut
1017 1812 1094 1841 erat
1116 1806 1302 1854 exposita,
1324 1806 1461 1842 ducem
1484 1814 1578 1851 orat,

127 1878 193 1903 sua
213 1867 398 1916 sapit-ntia
421 1868 626 1904 temerariis
658 1875 695 1904 et
727 1868 866 1917 iniquis
890 1869 1078 1917 juvenum
1114 1869 1279 1905 consiliis
1314 1878 1353 1905 ut
1385 1878 1576 1915 occurrat,

127 1942 198 1967 nec
218 1931 413 1979 permittat
436 1930 508 1966 sibi
529 1932 753 1979 populoque
778 1932 951 1967 Romano
971 1932 1237 1968 amicissimam
1259 1933 1464 1977 civitatem,
1487 1946 1581 1983 pau-

127 2006 273 2036 corum,
304 1993 418 2043 [138]
449 1993 564 2029 immo
587 1993 696 2029 unius
717 1994 878 2031 hominis
908 1995 1111 2032 mendacio
1131 1996 1291 2033 alienam
1314 1995 1414 2041 fieri;
1447 1998 1581 2046 praevi·

128 2056 218 2093 dere
237 2057 334 2093 euim
358 2070 396 2093 se
417 2057 542 2093 animo
564 2056 746 2101 futurum,
779 2057 808 2093 si
841 2065 899 2095 tot
933 2058 1032 2095 mitia
1064 2060 1271 2096 AEduorum
1306 2060 1443 2096 civium
1475 2074 1512 2096 se
1533 2061 1579 2098 ad

127 2120 254 2157 hostes
275 2120 384 2155 ducis
416 2120 502 2156 licet
521 2119 654 2156 fraude
675 2121 918 2165 contulerint,
948 2129 989 2159 ut
1010 2122 1071 2158 vix
1092 2123 1225 2159 civitas
1245 2136 1322 2159 rem
1345 2131 1579 2161 contemnat.

124 2183 325 2220 Absc‹·ssit
347 2183 418 2218 hoc
440 2183 573 2219 nuntio
605 2196 759 2220 somnus
781 2185 944 2222 Caesari:
978 2198 1068 2222 cura
1089 2193 1216 2223 autem
1247 2187 1370 2235 gravis
1403 2188 1578 2231 accessit,

127 2245 232 2296 quod
253 2246 462 2283 AEduorum
485 2259 540 2283 res
562 2259 710 2296 semper
731 2247 763 2283 «i
785 2248 892 2284 cordi
915 2248 1050 2292 fuerat,
1085 2256 1123 2285 et
1156 2250 1368 2298 perieulum
1405 2251 1581 2299 provide·

126 2310 206 2346 bat.
263 2310 305 2346 12·
331 2310 510 2359 quoniam
533 2311 765 2347 celeritatem
786 2311 961 2347 eximiam
992 2325 1049 2348 res
1069 2325 1226 2361 poscere
1248 2315 1325 2349 *isa
1347 2321 1417 2357 est,
1450 2314 1577 2352 statim

127 2386 214 2410 cum
261 2381 343 2409 toto
376 2382 549 2420 equitatu
586 2380 624 2410 et
662 2382 827 2422 quatuor
861 2374 1156 2423 expeditissimis
1194 2377 1407 2423 legionibus
1445 2379 1577 2415 castris

125 2436 329 2486 egreditur,
352 2449 437 2485 quae
461 2437 640 2486 temporis
662 2438 862 2474 ”exclusis
881 2440 1064 2486 angustiis
1083 2452 1157 2476 uon
1173 2447 1359 2476 artaverat
1378 2448 1413 2477 ut
1433 2441 1575 2485 decuit,

127 2500 191 2537 sed
213 2500 354 2549 ingenti
375 2508 497 2549 spatio
521 2501 736 2546 praesidium
767 2504 946 2551 exiguum
976 2517 1008 2539 ιν
1028 2503 1123 2540 nuisi
1144 2504 1304 2540 duarum
1327 2506 1417 2540 scili«
1433 2512 1469 2540 ‹2t
1489 2504 1578 2551 legi-

125 2575 241 2600 onum
280 2564 352 2600 sub
390 2564 568 2613 28legatos
608 2565 728 2601 Fabio
764 2567 921 2602 dimisa:
963 2575 1049 2604 aute
1082 2568 1208 2604 omnia
1243 2577 1364 2603 tamen
1406 2566 1576 2604 manieti

219 2655 262 2684 26
285 2653 388 2694 Lege,
402 2654 659 2685 Limaeam—2?
685 2654 792 2695 Lege,
808 2658 1048 2688 exclusum—28
1073 2658 1188 2697 Forte,
1203 2657 1303 2695 legato
1323 2658 1358 2687 (’,
1377 2655 1484 2686 Fabia.
