1850 3109
252 177 366 220 1422

250 280 390 321 navis.)
436 280 519 313 Cum
535 281 609 312 liaec
625 280 834 322 jampridem
849 280 952 321 scrip-

250 335 380 372 sissem,
417 332 641 363 animadverti
680 331 872 362 Manutium
910 340 953 361 ex

251 383 383 415 Nicasii
400 382 584 413 doctissimi
602 381 665 412 viri
688 381 887 420 conjectura
903 389 952 410 re·

251 443 379 475 ponere
409 434 554 463 adversus
591 431 780 471 Pompeium.
841 430 952 462 Quam

250 484 485 524 conjecturam
512 482 654 521 primum
680 480 765 510 Livii
788 479 879 510 locus
902 489 952 510 re-

250 533 360 564 fellit:
394 532 518 563 deiude
547 531 618 571 quis
650 530 760 561 nescit
786 539 857 569 eos,
895 529 952 570 qui

249 592 363 615 rerum
394 583 584 622 potiuntur,
614 590 748 622 semper
775 581 866 621 Reip.
897 589 952 611 no-

249 635 339 666 mine
357 633 473 664 abuti?
499 633 671 664 Hotoman.
705 633 846 674 Optime
863 633 951 664 hunc

249 684 360 715 locum
377 683 529 714 restituit
545 683 795 722 Hotomannus‚
822 683 877 714 cui
894 683 953 713 mi-

250 743 305 765 ror
331 744 350 764 a
375 733 549 773 Scaligero
578 738 614 764 et
641 732 861 774 sequentibus
886 742 951 763 non

248 782 522 824 obtemperatum
568 792 663 814 esse:
715 791 790 813 cum
837 787 951 813 tamen

248 834 412 866 Brantius
449 838 595 865 testetur
626 835 673 865 ita
711 834 778 873 legi
815 834 849 865 in
885 835 952 864 suis

247 884 477 922 membranis;
503 884 594 925 quod
618 888 654 915 et
677 883 804 924 liquido
831 883 951 914 confir-

247 940 361 966 matur
391 934 628 966 vetustissimis
653 944 804 965 meorum
829 935 949 966 Petav.

248 986 336 1017 Scal.
355 986 472 1026 anac.
490 984 584 1015 Leid.
606 994 657 1025 pr.
675 985 800 1015 Lovan.
827 988 863 1014 et
885 984 948 1014 Ed.

247 1036 394 1076 Grypliii
409 1046 417 1073 ;
437 1036 501 1066 nisi
518 1035 606 1075 qnod
624 1045 738 1072 cortun,
754 1043 819 1065 non
834 1044 950 1064 eorum-

245 1097 302 1128 que
318 1087 499 1118 retineant.
546 1087 668 1128 Neque
686 1076 789 1118 etiam
804 1096 865 1127 pro
880 1087 951 1117 Ca:-

246 1137 329 1168 san's
346 1147 439 1168 more
455 1137 694 1177 conjunctione
711 1137 767 1167 illa
784 1142 836 1167 est
852 1146 949 1176 opuS.

248 1187 356 1218 Immo
375 1187 482 1218 verba
499 1187 556 1218 illa
573 1197 648 1228 qnae
665 1187 785 1218 desunt
803 1187 836 1217 in
854 1187 949 1218 Voss.

243 1238 453 1279 prm-sidiaque
469 1249 502 1269 eo
518 1240 549 1268 d.
567 1242 596 1268 et
612 1239 685 1276 jud.
703 1238 733 1268 iu
755 1238 838 1278 prir.
860 1239 948 1268 redd.

242 1289 314 1327 jam
332 1288 364 1318 in
380 1288 468 1318 Eud.
483 1289 585 1319 vase.
604 1293 640 1319 et
657 1289 697 1318 R.
716 1288 834 1328 steph.
859 1288 950 1319 exhi-

249 1339 371 1370 l›entur
402 1344 481 1369 ante
510 1339 565 1368 illa
594 1339 647 1378 qui
674 1338 773 1369 rerba.
820 1339 859 1369 In
885 1338 950 1369 illis

246 1392 360 1419 tamen
388 1390 477 1419 male
506 1389 644 1419 additur
667 1398 749 1428 vero,
774 1389 822 1419 uti
852 1392 888 1419 et
916 1389 950 1419 in

246 1441 328 1472 Mss.
346 1440 491 1472 DorvilL
508 1445 544 1471 et
564 1440 722 1471 Leidens.
742 1450 809 1471 sec.
849 1440 948 1471 Ratio

244 1492 319 1532 ipsa
346 1491 451 1522 verba
474 1492 537 1522 hoc
566 1496 669 1532 pacto
695 1501 768 1522 esse
795 1496 949 1532 transpo-

244 1541 357 1572 nenda
373 1541 487 1581 docet,
503 1541 552 1572 uti
569 1551 701 1582 quoqne
720 1541 804 1571 vidit
823 1541 948 1573 Grute-

244 1599 311 1621 rus.
358 1591 497 1621 Ursinus
515 1600 533 1621 e
551 1591 618 1621 suis
643 1591 827 1622 Codieibns
846 1592 947 1622 etiam

243 1640 376 1671 monuit
397 1641 602 1682 prcesidiaque
626 1651 660 1672 eo
679 1641 845 1672 deducebat
871 1646 948 1682 post

242 1691 422 1730 injungebat
453 1701 526 1722 esse
559 1691 723 1731 ponenda.
780 1693 889 1723 Recte
915 1702 947 1721 e-

242 1741 324 1771 tiam
342 1741 481 1772 Hotom.
504 1741 661 1773 defendit
677 1744 821 1773 cult-ersus
838 1743 946 1783 Remp.

244 1802 320 1833 qnae
350 1791 495 1823 formula
527 1797 579 1824 est
608 1792 780 1834 frequens.
838 1794 946 1824 Varro

244 1842 332 1872 enim
360 1842 471 1873 aiebat
502 1852 558 1873 eos
592 1843 648 1883 qui
679 1843 713 1873 in
744 1843 945 1882 Pompeium

242 1892 484 1933 loquebantur,
494 1894 639 1923 ‹nu-ersus
655 1893 763 1932 Remp.
781 1892 813 1922 id
833 1902 944 1933 agere.

243 1943 330 1974 Vide
354 1948 450 1974 notas
475 1943 517 1973 ad
544 1944 671 1974 Lucan.
699 1952 731 1973 v.
758 1945 808 1974 14.
843 1943 944 1974 ‘Non

242 1993 360 2033 Magni
378 1998 506 2033 partes,
530 1992 589 2023 sed
610 1993 772 2034 Magnum
790 1992 821 2022 in
841 1993 945 2033 parti-

242 2042 305 2075 bus
323 2042 418 2074 esse!

286 2101 362 2123 xtx.
384 2095 404 2123 7
441 2093 616 2124 Cordubam
641 2093 798 2134 mitteret]
821 2093 944 2124 Petav.

242 2143 340 2175 Leid.
369 2144 466 2184 prim.
492 2145 618 2176 Lovan.
657 2145 770 2176 l'alat.
797 2145 943 2176 Dorvill.

245 2194 396 2225 Corduboe
411 2205 452 2225 m.
499 2196 583 2228 Quae
602 2196 704 2227 lectio
726 2196 752 2226 si
775 2205 855 2227 vera
879 2200 944 2234 est,

242 2243 298 2286 (ut
326 2249 395 2275 tam
421 2245 584 2277 bonorum
609 2246 773 2278 Codicum
799 2246 946 2277 auetori-

241 2298 316 2326 tate
331 2295 470 2326 eredere
487 2295 607 2336 cogor)
622 2296 767 2336 patebit,
789 2296 862 2336 jam
885 2305 945 2336 op-

243 2344 317 2374 timi
334 2346 397 2375 aevi
419 2346 605 2386 ‘scriptores
622 2346 709 2378 hunc
735 2357 846 2378 casum
873 2347 944 2378 Da-

243 2393 361 2431 tivnm,
397 2397 479 2434 (non
512 2397 600 2428 enim
635 2397 833 2428 Genitivum
870 2407 944 2428 esse

242 2444 405 2475 inducere
422 2445 453 2477 in
473 2447 618 2477 animum
639 2448 788 2489 possum)
811 2448 852 2478 de
877 2457 943 2479 mo·

244 2498 281 2525 tu
296 2494 337 2525 ad
365 2495 474 2525 locum
503 2497 624 2535 passim
649 2507 726 2528 eum
755 2498 943 2529 nominibus

243 2546 393 2586 propriis
424 2546 608 2585 admisisse,
639 2558 678 2577 ae
713 2550 798 2579 milti
822 2550 943 2589 Rmnoe,

243 2596 357 2626 reverti
375 2597 496 2633 Romoe,
511 2602 562 2635 &a
582 2598 666 2627 bene
682 2599 840 2629 Latinum
859 2609 942 2630 esse.

243 2646 285 2677 B.
318 2646 392 2678 ttiv.
424 2656 479 2679 ιιι.
507 2651 577 2679 108.
614 2649 695 2680 Mss.
722 2648 792 2680 fere
828 2659 944 2681 omnes

243 2695 356 2728 tabulae
392 2697 500 2729 Romae
536 2702 626 2730 erant
657 2700 783 2731 adlatae.
842 2698 944 2740 Vide,

714 186 857 218 NOTAE
890 186 1153 218 vARtORUM
1189 187 1241 219 IN

1005 289 1080 321 qum
1097 280 1175 310 olim
1194 280 1310 312 notavi
1327 279 1370 311 ad
1388 280 1514 312 Lucan.
1536 287 1617 314 vul.
1630 284 1705 316 845.

1003 330 1013 345 ‘
1027 330 1146 360 Manes
1160 329 1315 361 transferi
1324 341 1341 362 e
1353 331 1500 363 revulsos
1510 330 1669 363 Ausoniae
1683 331 1705 365 :²

1004 380 1053 410 uti
1069 380 1113 411 ibi
1131 381 1270 412 exhibet
1299 392 1431 423 quoque
1461 382 1543 413 Cod.
1567 382 1706 416 Tauria.

1004 434 1039 461 et
1054 433 1084 461 t.
1109 431 1193 461 Mse.
1222 441 1241 462 a
1270 431 1386 462 Cortio
1411 432 1569 463 consulti.
1615 432 1704 465 Vide

1004 486 1039 512 et
1070 483 1154 522 Cap.
1187 492 1257 524 seq.
1305 483 1345 513 In
1372 484 1492 515 Petav.
1520 485 1557 515 Β.
1583 486 1622 516 C.
1650 491 1705 517 111.

1005 535 1078 563 loo.
1104 537 1155 562 est
1177 533 1381 564 ‘Brundisio
1405 533 1523 565 venit-²
1575 536 1661 567 Quae
1678 534 1706 566 sl

1003 582 1147 622 genuina
1159 587 1249 613 esset
1263 583 1597 623 leeti0,eonfirmaret
1607 585 1706 616 vehe-

1003 637 1136 663 menter
1153 633 1344 673 opinionem
1365 632 1472 664 meam
1489 633 1532 665 de
1550 634 1691 667 Dativo.

1046 686 1065 713 8
1092 683 1176 718 Quin
1192 684 1231 714 (ul
1247 683 1329 714 diem
1354 684 1544 724 conveniret]
1569 685 1644 716 Pal.
1670 688 1707 717 et

1003 734 1113 773 Bong.
1138 734 1262 765 habent
1289 734 1360 774 quin
1385 735 1424 764 ud
1448 735 1530 764 diem
1552 737 1707 766 statutum

1002 785 1186 816 ccmrenirct.
1232 785 1332 817 Quod
1350 792 1469 816 notare
1492 785 1610 825 visum,
1627 786 1707 827 quia

1003 835 1067 866 etsi
1084 835 1203 866 abesse
1223 840 1359 876 poterat
1388 846 1450 866 vox
1474 839 1637 876 statutum,
1657 841 1706 867 ta-

1003 895 1079 916 men
1111 886 1258 917 Caesaris
1297 886 1496 926 simplicitas
1532 885 1630 925 facit,
1669 890 1707 917 ut

1002 936 1139 966 credam
1165 936 1211 967 ita
1241 946 1315 966 eum
1345 936 1541 976 scripsisse:
1578 936 1707 978 qnippe

1003 986 1058 1026 qni
1089 986 1169 1016 alibi
1200 986 1346 1017 dixerit:
1371 988 1519 1016 orientem
1543 987 1648 1026 solem,
1670 988 1707 1018 ei

1001 1040 1115 1068 terram
1135 1038 1282 1077 Galliam,
1306 1042 1341 1068 et
1359 1037 1480 1068 similia
1500 1037 1631 1068 dnobus
1649 1046 1706 1068 ex-

1003 1087 1120 1118 tulerit
1145 1087 1270 1125 verbis,
1294 1097 1434 1128 quorum
1464 1088 1608 1118 alterum
1632 1087 1704 1119 sine

1002 1146 1117 1168 sensus
1146 1138 1352 1168 detrimento
1376 1138 1550 1169 commode
1568 1141 1705 1179 poterat

1001 1187 1122 1218 omitti.
1167 1187 1297 1219 Vossius.
1343 1187 1427 1218 Mss.
1452 1187 1706 1228 Bongars.Pa·

1002 1237 1061 1268 lat.
1095 1246 1134 1267 ac
1165 1237 1264 1267 editt.
1302 1238 1398 1269 Rom.
1429 1238 1514 1268 Ven.
1546 1237 1705 1268 Beroald.

1001 1287 1126 1317 liabent
1153 1288 1193 1317 ud
1226 1289 1307 1319 diem
1337 1291 1498 1318 statutum.
1545 1287 1600 1318 Sic
1631 1287 1706 1318 fere

1002 1336 1155 1368 Justinus
1187 1345 1211 1367 1.
1240 1340 1290 1367 10.
1314 1338 1471 1377 ‘Equum
1496 1336 1605 1377 pridie
1629 1346 1706 1368 cou-

1001 1386 1157 1418 stitutam
1174 1387 1263 1418 diem
1280 1388 1321 1418 ad
1338 1387 1484 1419 eundem
1513 1388 1623 1419 locum
1647 1388 1708 1419 du·-

1002 1439 1073 1470 eit.'
1117 1440 1162 1470 Et
1189 1440 1330 1476 iternm;
1354 1440 1363 1455 ‘
1381 1450 1457 1470 cum
1480 1440 1521 1470 ad
1539 1443 1704 1472 statutam

1000 1489 1116 1520 horam
1129 1499 1245 1520 onmes
1261 1490 1524 1521 convenissent)
1562 1490 1703 1522 Illorum

1002 1539 1137 1580 quidem
1155 1540 1262 1571 (odd.
1285 1541 1464 1571 lectionem
1482 1551 1596 1571 veram
1614 1541 1704 1572 arbi-

1001 1594 1083 1626 trer,
1107 1590 1233 1630 quippe
1260 1600 1334 1631 quae
1364 1592 1509 1622 Caesaris
1532 1590 1705 1630 ἀφελότητι

1000 1640 1145 1670 maxime
1163 1641 1343 1671 conveniat
1359 1652 1365 1671 :
1391 1645 1522 1671 tantum
1542 1641 1649 1679 abest,
1668 1645 1704 1672 ut

1000 1691 1099 1731 plane
1126 1692 1370 1731 repudiandam
1401 1702 1477 1723 enin
1512 1694 1567 1723 Fr.
1597 1692 1701 1723 Hoto-

999 1751 1121 1772 manno
1139 1751 1308 1773 censeam.
1339 1743 1448 1775 Daris.
1495 1743 1578 1773 Mss.
1603 1742 1704 1782 pleri·

1000 1802 1064 1833 que
1082 1797 1117 1823 et
1142 1793 1227 1824 Edd.
1254 1794 1349 1824 Vett.
1373 1795 1413 1823 ad
1436 1794 1517 1825 diem
1529 1796 1705 1830 statutum,-

999 1853 1074 1883 quae
1091 1844 1215 1874 locutio
1244 1843 1391 1874 Caesaris
1421 1844 1702 1884 perspicuitatem

998 1894 1098 1934 sapit.
1140 1896 1247 1925 Clark.
1295 1894 1390 1925 Idem
1419 1900 1536 1926 censet
1561 1894 1704 1926 Cellari-

998 1954 1048 1983 us,
1065 1945 1121 1985 qui
1139 1944 1214 1975 ideo
1227 1948 1377 1976 statutum
1403 1945 1436 1976 in
1463 1949 1593 1976 textum
1611 1953 1703 1975 revo-

999 1996 1101 2026 carit.
1149 1996 1277 2036 Estque
1313 1996 1415 2026 etiam
1443 1996 1475 2026 in
1509 1996 1575 2026 Ms.
1608 1995 1701 2026 Carr.

999 2046 1118 2077 Brant.
1159 2045 1253 2077 Leid.
1291 2055 1358 2076 see.
1397 2047 1507 2077 Dorv.
1541 2050 1577 2076 et
1613 2045 1701 2077 Edd.

999 2104 1068 2135 pp„
1106 2095 1282 2136 fateorque
1312 2096 1478 2126 Caesarem
1515 2094 1702 2136 frequenti-

999 2154 1037 2175 us
1069 2146 1177 2175 solere
1212 2145 1398 2175 locutiones
1427 2145 1527 2184 plene
1565 2143 1701 2178 efferre.

999 2194 1039 2225 Id
1065 2200 1180 2226 tamen
1207 2195 1292 2226 adeo
1316 2200 1520 2235 perpetuum
1543 2203 1609 2225 non
1637 2200 1702 2236 est,

999 2251 1035 2276 ut
1053 2246 1223 2276 interdum
1247 2255 1313 2276 nou
1335 2245 1475 2276 recedat
1499 2245 1540 2275 al)
1565 2254 1607 2276 ea
1622 2254 1701 2282 con?

999 2296 1192 2336 suetudine,
1220 2296 1410 2336 praesertim
1447 2295 1482 2325 in
1515 2295 1582 2325 illis
1609 2295 1699 2326 locu-

998 2346 1157 2386 tionibus,
1180 2356 1253 2386 quae
1271 2346 1365 2386 quasi
1392 2355 1435 2376 ex
1462 2344 1608 2376 formula
1632 2344 1700 2376 Ro-

997 2406 1170 2427 manorum
1208 2397 1358 2427 sollemni
1395 2396 1606 2427 adhibentur.
1653 2396 1700 2427 Ut

997 2448 1029 2479 in
1044 2457 1162 2478 morere
1190 2458 1250 2487 pro
1277 2453 1388 2478 castra
1413 2457 1561 2487 movere,
1586 2447 1700 2478 solt-ere

997 2510 1059 2540 pro
1075 2510 1178 2531 naves
1194 2500 1341 2539 solvere,
1373 2502 1437 2531 &tn
1485 2500 1570 2530 Vide
1595 2499 1698 2530 omni—

997 2560 1039 2581 no
1070 2550 1113 2581 ad
1142 2559 1204 2581 vn.
1237 2553 1288 2581 85.
1341 2552 1456 2583 Quare
1491 2551 1593 2580 etiam
1630 2551 1698 2589 hic,

996 2601 1077 2631 licet
1090 2604 1227 2633 statutus
1240 2601 1306 2631 dies
1321 2601 1436 2641 proba*
1464 2607 1552 2630 notar
1580 2601 1625 2631 sit
1653 2601 1699 2632 lo-

996 2651 1101 2690 cutio,
1130 2651 1241 2681 malim
1265 2650 1441 2682 adsensum
1466 2650 1619 2690 praebere
1642 2659 1697 2682 ve-

997 2700 1190 2732 tustissimis
1207 2700 1315 2733 Codd.
1334 2700 1588 2743 Cttjac.b'calig.
1600 2699 1695 2732 Leid.
