1850 3109
244 178 359 221 1676

244 281 408 315 Κεσέννιον
422 281 560 314 Λέντωνα
573 287 677 314 vocat
699 282 790 314 Dion
815 282 948 314 Cassius

241 336 264 367 l.
283 343 390 367 xmn.
408 345 439 376 p.
455 337 529 366 233.
553 334 605 365 ed.
623 333 755 365 Hanov.
783 333 895 364 Daris.

286 385 390 421 Quum
417 385 525 415 Caesar
546 383 753 423 gradiebatur
778 382 949 421 Hispalim,

239 435 342 476 pridie
366 435 414 466 Id.
439 434 575 475 Aprilis]
613 434 732 472 Miror,
760 433 848 463 unde
877 432 947 463 fac-

241 490 325 526 tum,
353 489 390 516 ut
430 485 477 515 ita
509 483 655 514 ediderit
683 484 755 516 Jos.
785 484 947 524 Scaliger,

241 546 316 568 cum
334 545 399 566 non
424 536 532 566 solum
557 535 642 565 Mss.
658 534 768 565 Ursiu.
786 540 821 565 et
840 535 945 566 Norv.

238 595 356 617 verum
396 585 499 616 etiam
537 584 692 624 impressi
728 590 812 616 vett.
846 585 945 616 Rom.

241 636 328 666 Ven.
352 634 512 666 Beroald.
532 634 715 665 exhibeant
731 645 824 675 quum
843 636 948 666 Coesar

242 685 389 717 Gadibus
410 685 537 724 fumet,
567 684 729 725 Hispalim
765 686 866 725 pridie
896 686 946 716 Id.

238 736 371 776 Aprilis,
388 745 463 777 quae
480 745 561 767 vera
576 736 797 776 proculdubio
816 741 867 767 est
883 738 948 768 lec-

239 787 310 827 tio;
334 791 432 827 patet
455 786 543 818 euim
567 796 608 817 ex
630 796 659 817 c.
676 789 729 817 40.
777 787 947 817 Caesarem

240 837 393 869 Gadibus
423 842 493 868 tum
518 836 635 867 fuisse.
670 836 768 868 Idem.
805 836 947 868 Gadibus

238 891 326 920 esset.
372 887 428 918 Ita
446 895 540 918 recte
559 886 710 918 restituit
726 887 886 919 Davisius
903 898 945 919 ex

238 939 325 972 Mss.
347 943 383 970 et
408 938 495 969 Edd.
519 938 613 968 Vett.
641 937 838 978 quibuscum
862 937 946 969 facit

238 989 305 1021 Ma.
322 989 460 1029 Regias,
474 993 509 1019 et
525 989 634 1029 liquet
651 998 693 1019 ex
709 998 737 1018 c.
751 991 804 1019 40.
829 989 945 1021 Quare

237 1040 349 1070 minus
366 1044 460 1070 recte
476 1039 539 1069 hoc
556 1039 591 1068 in
607 1039 682 1069 loco
697 1038 850 1079 Scaliger
876 1039 945 1070 alii·

238 1098 303 1132 que
316 1088 498 1120 ediderunt
508 1088 723 1127 gradiebatur.
741 1090 850 1121 Clark.
865 1091 945 1122 Non

236 1141 366 1181 primus
390 1140 556 1181 Scaliger,
574 1139 634 1171 scd
658 1139 778 1178 Aldus,
803 1141 943 1171 Vascos.

237 1191 370 1232 Gryph.
386 1191 589 1231 Stephanus,
603 1190 862 1230 ceteriquejam
875 1191 945 1221 edi-

236 1240 360 1272 derunt
382 1240 605 1281 gradiebatur:
638 1241 739 1281 idque
767 1241 881 1273 inveni
911 1242 942 1272 in

236 1291 331 1323 Leid.
359 1301 427 1323 sec.
454 1301 492 1322 ac
523 1292 669 1322 Dorvill.
693 1292 748 1332 qui
777 1291 883 1322 habet
905 1292 943 1322 ab

236 1342 390 1383 Hispali:
424 1347 461 1372 ut
488 1342 589 1372 etiam
619 1342 714 1381 legit,
741 1352 777 1372 ac
803 1342 944 1373 Gadibus

236 1396 304 1425 erat
328 1393 391 1423 vir
411 1393 557 1423 Doctus.
603 1393 728 1423 Verum
746 1393 787 1423 ab
807 1393 942 1433 Hispali

235 1449 342 1485 caput
357 1454 424 1475 non
440 1449 490 1475 est
507 1444 667 1475 adlatum.
713 1444 765 1474 Ad
783 1443 943 1483 Hispalim

235 1495 339 1526 habet
353 1495 450 1526 Leid.
467 1504 536 1525 sec.
573 1496 619 1526 Ut
636 1494 751 1525 statim
767 1496 807 1525 ad
826 1494 943 1534 Hispa-

234 1545 290 1576 lim
304 1546 450 1576 recurrit.
489 1545 668 1586 Quodjam
683 1546 868 1586 saepissime
885 1547 941 1577 ha·

234 1595 380 1627 buimus.
426 1596 562 1637 Reliqui
586 1597 651 1626 mei
673 1597 816 1627 Codices
832 1601 867 1627 et
883 1607 941 1637 op-

235 1646 309 1677 timi
340 1651 476 1678 servant
505 1656 582 1677 cuin
613 1646 701 1676 Edd.
732 1646 826 1677 Med.
856 1647 941 1679 Ven.

235 1697 378 1730 Gadibus
399 1697 526 1737 fuisset,
559 1697 741 1737 Hispalim:
775 1698 865 1738 quod
896 1698 943 1729 id-

233 1748 325 1781 eirco
353 1749 515 1789 reposui:
550 1748 633 1779 licet
663 1758 728 1779 non
759 1748 940 1780 admodum

232 1798 380 1838 placeat.
427 1798 546 1829 Celsus
563 1798 622 1835 ait,
643 1800 798 1829 Caesarem
817 1799 943 1840 Hispali

232 1848 407 1886 digressum
421 1848 530 1879 Idibus
543 1848 664 1889 Aprilis
680 1849 787 1880 Gades
805 1850 943 1889 petiisse.

233 1897 312 1928 Inde
324 1909 446 1928 rursum
458 1899 616 1938 Hispalim
628 1899 755 1930 rediisse
764 1911 777 1936 ‚·
790 1904 824 1930 et
838 1904 943 1940 caput

233 1948 264 1978 ei
287 1948 427 1978 allatum
451 1958 538 1986 esse,
566 1949 699 1989 Hispali
725 1959 826 1990 quum
841 1955 943 1991 esser,

233 2002 271 2029 et
297 2003 478 2039 antequam
521 1998 635 2029 Gades
667 1999 794 2030 ivisset.
852 2000 941 2031 vide

233 2059 329 2090 ergo,
347 2059 424 2080 num
442 2050 622 2089 legendum
649 2050 750 2080 Gadis
772 2051 817 2081 ire
842 2055 941 2082 slatu-

231 2100 317 2139 isset,
333 2101 387 2131 vel
405 2101 648 2131 subintellecto
665 2100 769 2131 verbo
787 2101 843 2132 ire.
876 2103 940 2133 Ga-

231 2150 282 2180 dis
296 2151 405 2180 veteri
422 2161 513 2182 inore
535 2161 596 2191 pro
616 2151 743 2182 Gades:
766 2162 841 2192 quae
859 2161 941 2184 ansa

232 2200 461 2240 corruptionis
476 2200 591 2232 fuerit.

275 2259 333 2281 xr..
357 2254 376 2282 7
413 2252 466 2281 Er
496 2252 622 2282 castello
651 2252 846 2293 ejiciebatur]
884 2254 940 2284 In-

232 2307 354 2341 eptam.
371 2302 456 2333 hanc
482 2303 662 2334 lectionem
686 2308 755 2334 tam
780 2303 837 2335 diu
857 2304 939 2335 tole-

232 2351 299 2382 rari
323 2352 472 2391 potuisse
494 2353 617 2384 miror:
643 2364 718 2385 cum
739 2355 810 2394 jam
835 2355 939 2385 Glan-

232 2400 371 2440 dorpius
402 2403 573 2434 monuerit
613 2404 827 2435 scribendum
866 2414 938 2436 esse

229 2450 436 2482 eliciebatur:
472 2453 561 2492 quod
593 2454 771 2494 sequentia
802 2455 936 2486 omnino

231 2501 443 2533 confirmant.

275 2555 316 2583 10
340 2553 540 2593 Repeterent]
567 2555 658 2587 Quid
683 2555 746 2587 sibi
766 2556 847 2586 velit
864 2556 934 2587 nme

231 2612 310 2642 vox,
326 2603 483 2644 equidem
496 2605 664 2645 conjicere
681 2615 823 2647 nequeo.
847 2606 936 2637 Scri-

232 2653 379 2685 bendum
405 2654 563 2686 existimo
593 2656 784 2696 repellerent.
830 2657 937 2688 Erant

232 2703 356 2744 parati,
382 2704 439 2744 qui
468 2713 570 2735 naves
601 2705 836 2746 incenderent,
867 2707 938 2747 qui-

231 2762 297 2796 que
319 2753 362 2785 ab
379 2754 523 2787 incensis
539 2754 727 2787 subsidium
743 2756 936 2797 repellerent.

730 187 872 219 NOTAE
905 188 1170 220 VARIORUM
1206 186 1257 218 IN

1000 283 1107 313 Clark.
1152 282 1349 322 Repellerent
1380 282 1509 323 optime
1537 281 1639 313 etiam
1670 291 1705 314 e-

998 332 1176 364 mendarat
1186 333 1256 374 jam
1280 333 1521 374 Glandorpius,
1537 332 1640 373 quod,
1655 333 1707 364 in-

999 382 1076 413 vitis
1096 382 1177 414 licet
1201 383 1311 422 libris,
1342 392 1428 423 pene
1455 382 1702 423 reposuissem:

998 431 1058 462 sed
1085 430 1194 462 forsan
1218 433 1316 472 pejus
1343 433 1398 463 hic
1422 433 1507 463 latet
1530 433 1625 463 ulcus
1650 433 1704 463 vel

999 482 1132 514 lacuna.
1179 483 1245 518 Qui
1261 483 1357 514 abest
1374 493 1392 514 a
1409 484 1529 514 Petav.
1543 488 1578 514 et
1595 484 1707 516 omnia

998 533 1071 564 haec
1108 533 1307 573 incensisque,
1339 535 1390 573 dyc.
1429 536 1601 573 repeterent
1638 543 1705 564 nou

999 587 1198 622 comparent
1215 582 1248 613 iu
1268 582 1354 613 Edd.
1381 583 1477 614 Rom.
1501 584 1588 614 Ven.
1611 582 1706 616 Med.

999 633 1122 664 Posset
1146 638 1182 665 et
1204 633 1270 674 legi
1296 633 1469 672 rejicerent.
1514 635 1706 676 Utrumque

999 683 1076 714 vide
1093 684 1135 714 ad
1152 685 1192 715 B.
1210 683 1317 715 Asi-ic.
1335 694 1364 715 c.
1383 688 1415 715 6.

1043 738 1079 765 ll
1111 735 1155 765 L't
1171 746 1190 766 a
1206 736 1288 766 nullo
1301 738 1460 775 conspectu
1476 734 1627 774 omnium]
1648 734 1706 766 Sic

999 784 1135 824 quidem
1161 785 1245 817 editi
1272 795 1412 824 onines3
1437 785 1496 816 sed
1524 785 1706 826 legendum

998 837 1033 864 ut
1049 844 1067 863 a
1084 835 1165 864 nullo
1181 836 1359 875 conspecti
1385 836 1529 875 omnium,
1552 845 1628 877 qnae
1647 836 1707 867 nii-

997 892 1059 913 nor
1076 887 1127 914 est
1143 885 1301 924 mutatio,
1319 895 1417 926 quam
1439 885 1709 926 Glandorpiana,

998 943 1058 974 pro
1075 944 1142 975 qua
1157 934 1376 966 scribendum
1400 940 1504 975 esset,
1525 939 1559 966 ut
1581 945 1599 966 a
1621 936 1707 967 nullo

997 989 1151 1026 conspecti
1189 986 1320 1017 omnino.
1369 987 1483 1018 Daris.
1532 987 1706 1027 Conspecli.

997 1037 1053 1068 Ita
1078 1038 1205 1078 optime
1237 1038 1390 1069 restituit
1418 1038 1593 1070 Davisius.
1639 1039 1706 1070 Alii

995 1096 1110 1118 omnes
1128 1088 1212 1118 Mss.
1228 1093 1262 1118 et
1279 1088 1372 1120 Editi
1389 1099 1408 1119 a
1425 1090 1505 1120 nullo
1520 1094 1706 1130 conspectu

995 1137 1142 1168 omnium.
1197 1139 1283 1170 Quae
1315 1139 1486 1170 sententia
1519 1144 1570 1170 est
1601 1140 1706 1172 nulla.

996 1187 1061 1218 Ms.
1080 1188 1206 1228 Regius
1222 1194 1383 1229 corrupte
1400 1189 1518 1228 habet,
1540 1190 1570 1220 Ii
1583 1190 1628 1220 sic
1643 1190 1706 1220 dis-

991 1238 1087 1278 positi
1101 1240 1250 1279 (omissis
1275 1240 1421 1280 quinque
1439 1240 1588 1280 vocibus,
1603 1244 1706 1280 erant,

995 1291 1029 1319 ut
1047 1299 1066 1319 a
1082 1290 1164 1319 nullo
1180 1290 1350 1331 conspecti)
1365 1291 1510 1329 omnium,
1527 1293 1579 1330 ᾅτ.
1603 1291 1705 1323 Unde

995 1341 1030 1371 in
1045 1350 1085 1371 eo
1105 1341 1244 1379 Codice,
1255 1352 1297 1373 ex
1316 1352 1383 1383 quo
1397 1343 1459 1374 iste
1478 1343 1706 1384 transcriptus

994 1396 1059 1429 est,
1076 1391 1210 1423 videtur
1224 1393 1389 1433 scriptum
1403 1392 1518 1433 fnisse,
1531 1395 1707 1435 conspecti,-

994 1441 1160 1483 adeoque,
1171 1449 1312 1484 propter
1324 1443 1553 1484 ὁμοιοτέλευτα,
1561 1446 1706 1485 dispositi

993 1497 1028 1524 et
1051 1494 1217 1534 conspecti,
1243 1504 1343 1526 voces
1373 1496 1452 1526 istas
1482 1495 1703 1527 intermedias

992 1544 1172 1575 excidisse.
1201 1545 1308 1576 Clark.

1037 1597 1077 1625 14
1102 1594 1140 1625 In
1155 1595 1292 1636 castello]
1324 1596 1443 1627 Scribe
1460 1606 1499 1627 ex
1513 1597 1650 1636 castello,
1667 1600 1706 1628 ut

992 1644 1096 1675 habet
1124 1646 1189 1676 Ms.
1219 1646 1324 1677 Norv.
1344 1646 1397 1677 vel
1414 1656 1429 1677 e
1444 1647 1578 1684 castello,
1594 1651 1632 1677 ut
1647 1646 1703 1678 ed.

993 1695 1111 1735 Steph.
1129 1695 1172 1727 A.
1190 1697 1236 1727 D.
1257 1700 1350 1728 1544.
1375 1697 1488 1727 Daris.
1525 1698 1553 1728 E
1568 1697 1702 1728 castello.

994 1745 1050 1776 Ita
1070 1745 1228 1777 Davisius
1245 1757 1285 1777 ex
1305 1748 1368 1778 Ms.
1394 1747 1534 1788 Eliensi‚
1548 1752 1582 1779 et
1608 1747 1702 1779 Edit.

992 1795 1169 1835 Stephani.
1215 1797 1283 1827 Sed
1308 1803 1343 1828 et
1365 1796 1445 1828 ferri
1474 1803 1586 1838 potest
1612 1798 1704 1839 quod

993 1845 1120 1877 habent
1146 1847 1292 1878 Codices
1321 1849 1489 1890 plerique,
1514 1849 1547 1880 in
1570 1850 1703 1881 castello.

994 1897 1042 1927 Ut
1064 1897 1149 1928 adeo
1167 1897 1325 1929 dicantur
1342 1899 1377 1938 ii,
1395 1899 1451 1940 qui
1468 1900 1501 1930 iu
1516 1900 1638 1930 castello
1654 1909 1704 1930 re-

992 1948 1066 1979 licti
1095 1947 1243 1988 fuerant,
1273 1954 1307 1980 et
1337 1951 1400 1990 ipsi
1429 1951 1592 1991 deinceps
1626 1956 1703 1991 post

993 1997 1134 2028 Didium
1148 2000 1354 2038 processisse
1366 2000 1407 2030 ad
1419 2010 1575 2041 pugnam.
1592 2002 1701 2033 Clark.

994 2047 1023 2077 E
1050 2049 1172 2078 castello
1200 2048 1379 2080 ediderunt
1405 2060 1537 2091 quoque
1563 2051 1703 2083 vascos.

992 2098 1124 2138 Gryph.
1159 2104 1245 2139 post.
1282 2105 1316 2130 et
1352 2100 1486 2131 Struda.
1534 2101 1703 2142 Praeposi-

993 2150 1118 2181 tionem
1146 2161 1212 2181 non
1241 2153 1395 2189 agnoscit
1423 2153 1522 2184 Leid.
1550 2163 1618 2184 sec.
1647 2162 1701 2185 eo-

991 2200 1068 2232 dem
1083 2211 1194 2233 sensu.
1213 2203 1332 2233 Malim
1347 2208 1459 2235 tamen
1472 2214 1549 2235 cum
1562 2204 1700 2236 Clarkio

990 2251 1142 2282 retinere
1167 2253 1352 2292 vulgatum.
1401 2254 1592 2294 Distinguit
1609 2255 1698 2285 enim

989 2302 1049 2332 hos
1074 2302 1115 2333 ab
1141 2302 1192 2341 iis,
1215 2303 1271 2343 qui
1296 2313 1338 2333 ex
1366 2304 1507 2335 castello
1527 2304 1598 2343 jam
1623 2314 1698 2336 curn

990 2352 1096 2383 Didio
1111 2352 1369 2392 processissent.

1033 2405 1074 2433 22
1107 2402 1134 2433 A
1169 2402 1324 2444 Gadibus]
1367 2402 1422 2433 Sic
1459 2404 1526 2435 Ms.
1560 2404 1698 2444 Regius.

990 2453 1167 2485 Quomodo
1183 2457 1218 2483 et
1236 2453 1316 2483 alibi
1335 2454 1424 2494 loqui
1447 2454 1558 2484 solent
1583 2455 1699 2485 Caesar

989 2508 1092 2543 atque
1115 2503 1258 2533 Hirtius.
1296 2504 1466 2544 Yidejam
1483 2503 1582 2543 infra,
1599 2515 1626 2536 c.
1643 2508 1696 2536 42.

988 2553 1056 2584 Alii
1086 2554 1358 2594 pra=positi0nem
1383 2555 1557 2585 omittunt.
1587 2555 1697 2586 Clark.

988 2604 1015 2634 A
1057 2604 1200 2635 Gadibus
1236 2605 1398 2636 exhibent
1439 2605 1511 2645 jam
1556 2606 1696 2636 Vascos.

986 2656 1107 2695 Steph.
1135 2656 1267 2696 Gryph.
1296 2663 1384 2696 post.
1413 2661 1447 2687 et
1476 2656 1599 2687 strada
1620 2666 1695 2687 cum

988 2707 1084 2738 Leid.
1102 2717 1169 2738 sec.
1186 2708 1242 2748 qui
1259 2713 1380 2739 contra
1397 2717 1462 2738 non
1479 2708 1631 2748 agnoscit
1643 2709 1695 2738 aa.

989 2759 1070 2790 Non
1089 2762 1217 2790 temere
1241 2764 1358 2790 contra
1382 2758 1527 2799 optimos
1551 2757 1694 2797 Codices
