1850 3109
449 218 554 249 cAP.
585 206 653 248 16.
688 216 782 246 Lm.
818 215 880 245 nn
915 216 1070 245 nmmo
1105 217 1257 247 Annx.
1474 210 1583 252 1539

136 315 235 348 Quod
253 323 318 344 non
333 316 498 353 ceperunt
514 311 635 343 librarii
651 323 658 341 :
684 311 772 342 unde
797 316 831 342 et

135 375 196 406 pro
227 365 392 395 intrassent
417 362 627 402 scripserunt
650 362 832 391 transissent

134 416 187 446 vel
225 414 406 450 transirent,
440 412 488 443 nti
522 412 555 442 in
592 412 717 443 Lovan.
755 412 830 444 Pal.

138 467 253 496 nram.
271 469 305 495 et
337 462 423 494 Edd.
453 462 569 502 primis
593 472 631 493 ac
657 462 740 493 Ven.
766 462 830 492 Be-

134 515 239 547 roaldi
276 520 312 545 et
348 514 449 544 Vasc.
481 519 607 551 exstat,
637 522 828 553 perperam.

134 561 315 595 Adi'viros
353 562 484 596 doctos,
515 572 598 602 quos
625 561 761 592 laudari
787 561 828 592 ad

133 616 302 645 Lucanum
317 622 356 643 11.
370 616 444 643 555.
458 618 492 644 et
505 613 627 643 Markl.
645 613 678 642 in
694 611 828 643 Adden-

130 665 180 695 dis
205 664 246 694 ad
275 665 362 695 Stat.
379 663 460 694 Silv.
479 672 533 694 111.
551 666 582 694 3.
599 666 651 694 61.
675 664 684 680 ‘
698 661 829 693 Hermi-

130 724 194 755 que
218 715 338 752 vadum,
374 724 432 754 quo
462 714 586 755 Lydius
615 714 714 744 intrat
744 714 828 744 Bac-

130 764 237 795 chus?
282 763 377 795 Infra
394 775 421 795 c.
438 766 491 795 39..
519 765 552 794 in
581 764 664 795 Mss.
693 764 828 805 quibus-

129 813 219 854 dam,
240 824 276 846 ea
288 818 379 856 parte
395 816 500 856 oppidi
516 816 646 846 intrare.

172 874 230 897 xv.
261 869 281 897 6
316 867 444 897 Primus
472 866 614 907 navibus]
644 867 709 898 Ms.
741 867 827 907 ch.

131 917 248 957 primis
283 916 431 949 nat-ibus.-
465 918 518 949 cui
549 918 686 949 lectioni
722 916 828 956 favet,

130 967 219 1008 quod
237 968 404 1009 sequitur,
423 968 572 1008 reliquam
586 969 721 1000 classem.
750 969 828 1000 Nec

129 1023 244 1049 tamen
274 1018 352 1049 ideo
382 1018 569 1059 rejicienda
600 1020 737 1060 vulgata
760 1019 828 1051 lec-

129 1068 188 1098 tio.
235 1067 346 1099 Clark.
405 1068 526 1099 Primis
555 1067 776 1099 confirmatur
809 1078 829 1099 a

126 1118 252 1159 Scalig.
290 1119 527 1157 Leidensibus,
566 1119 690 1150 Lovan.
728 1119 826 1150 Voss.

129 1169 273 1200 Dorvill.
283 1174 318 1200 et
327 1167 441 1199 forsan
455 1169 606 1210 reliquis,
617 1175 654 1200 ut
665 1174 700 1200 et
710 1169 774 1199 Ed.
786 1169 825 1199 R.

127 1218 292 1259 Stephani
306 1229 314 1249 z
347 1228 487 1260 quorum
503 1218 702 1250 auctoritati
718 1218 803 1249 cessi
818 1229 826 1256 ;

128 1269 318 1310 praesertim
335 1279 411 1300 cum
428 1269 535 1300 soleat
551 1269 624 1300 haec
649 1278 713 1300 vox
727 1269 826 1310 jungi

128 1319 342 1350 substantivo
374 1319 424 1350 rei
456 1329 519 1360 pro
549 1328 714 1360 personae.
758 1318 827 1350 Adi

128 1370 262 1401 omnino
293 1370 366 1402 Cel.
395 1370 544 1402 Gronov,
573 1369 659 1402 Obs.
683 1378 708 1402 1.
733 1372 764 1400 7.
791 1374 827 1401 et

128 1430 203 1460 qnae
221 1420 336 1451 notavi
352 1420 395 1451 ad
418 1421 535 1452 Front.
558 1429 580 1452 ι.
601 1424 633 1451 6.
652 1424 680 1452 l.
705 1421 827 1452 Cicero

128 1471 238 1512 Epist.
255 1470 298 1502 ad
321 1471 414 1502 Fam.
439 1479 480 1502 Π.
508 1473 559 1502 13.
584 1472 593 1488 ‘
609 1471 693 1502 Cum
718 1471 827 1512 prima

127 1522 246 1553 aestiva
271 1521 491 1563 adtigissem!
551 1522 708 1561 Vulgatis
734 1520 828 1553 favet

127 1573 258 1613 Celsus,
282 1573 330 1604 ‘si
345 1573 420 1604 haec
444 1572 530 1604 vada
554 1573 654 1614 primi
681 1573 828 1614 ingredi-

126 1623 225 1654 mur-¹

171 1676 211 1704 lo
235 1673 304 1705 Hos
327 1673 450 1714 quidem
479 1673 613 1713 diutius]
648 1673 715 1704 Ms.
741 1674 830 1705 Nor-

128 1723 194 1755 vic.
224 1723 363 1754 exhibet
394 1723 448 1754 hos
477 1724 559 1754 enim
583 1723 713 1764 diutius,
737 1723 828 1764 quod

128 1783 225 1814 aeque
243 1774 368 1813 placet.
404 1773 518 1804 Daris.

170 1827 210 1855 17
234 1825 362 1856 Nullius
383 1825 462 1856 remi
473 1823 520 1864 d.]
539 1824 606 1855 Ms.
620 1825 730 1856 Vossii
741 1825 827 1856 nulli.

128 1875 194 1907 ΜΞ.
212 1876 299 1917 Reg.
315 1876 466 1916 nullaeque
489 1876 627 1916 antique
655 1886 716 1916 pro
740 1877 827 1908 nulli.

129 1926 237 1957 Clark.
282 1926 388 1957 Nullis
411 1930 463 1958 est
489 1926 522 1957 in
550 1927 647 1958 Voss.
677 1932 712 1957 et
738 1926 825 1958 Edd.

127 1977 217 2009 Flor.
263 1977 329 2008 Sed
345 1977 494 2018 nulloeque
509 1976 633 2008 habent
660 1977 826 2018 Bongars.

126 2033 162 2059 et
199 2027 285 2059 Edd.
315 2028 453 2059 Vascos.
489 2027 620 2068 Gryph.
660 2032 750 2068 post.
786 2038 826 2059 ac

126 2077 268 2109 stradae.
311 2078 401 2109 Vide
431 2084 596 2119 congesta
624 2078 667 2109 ad
696 2087 746 2110 vr.
772 2081 824 2111 12.

128 2132 137 2145 ⁶
152 2128 245 2159 nullo
261 2128 437 2159 adhibetur
453 2128 616 2159 consilio!

170 2181 209 2210 25
229 2178 302 2210 Suis
312 2178 350 2209 ab
362 2179 436 2210 Diis
451 2179 676 2211 immortalibus
687 2191 825 2222 exposce-

128 2229 190 2270 ret]
219 2230 287 2261 Hic
304 2230 483 2261 admodum
509 2230 639 2261 facetus
656 2237 708 2262 est
725 2233 825 2263 Joan.

127 2280 316 2319 Goduinus,
332 2290 408 2311 narn
422 2280 482 2317 ait,
506 2281 515 2297 ‘
531 2290 596 2311 non
613 2285 651 2311 ut
667 2290 768 2322 supra
785 2282 826 2312 de

127 2331 398 2363 Massiliensibus
415 2332 436 2361 l.
454 2340 494 2362 11.
518 2331 559 2362 de
576 2330 664 2361 bello
683 2331 772 2362 civili
788 2332 826 2362 ab

126 2381 188 2412 diis
209 2384 395 2421 exposceret,
417 2380 476 2411 sed
501 2381 538 2410 ab
565 2381 646 2411 suis:
671 2390 747 2412 nam
771 2382 825 2412 ΗΞ-

127 2431 252 2473 gyptiis
270 2431 320 2463 sui
345 2436 443 2462 erant
472 2431 544 2470 Dii,
567 2441 635 2462 nou
663 2432 736 2463 aliis
754 2437 825 2463 tan-

127 2486 198 2513 tum
229 2482 384 2523 gentibus
420 2492 624 2519 communeS‚
661 2483 720 2513 sed
752 2484 824 2514 aliis

127 2532 230 2563 etiam
261 2533 416 2573 gentibus
446 2533 562 2563 exosi!
606 2532 654 2564 At
685 2539 825 2573 praeter-

129 2592 228 2623 quam
263 2583 349 2624 quod
388 2584 443 2615 hic
482 2588 550 2615 tam
579 2583 621 2614 de
653 2585 826 2625 Romanis,

130 2641 227 2672 quam
259 2631 497 2664 Alexandrinis
539 2640 672 2674 agatur,
720 2634 825 2665 bonos

129 2687 223 2712 certe
238 2687 393 2715 auctores
407 2694 522 2724 parum
552 2685 660 2724 trivit,
686 2686 825 2726 quinon

131 2731 244 2762 statim
272 2733 364 2764 videt
387 2744 455 2765 suos
478 2734 566 2765 idem
595 2735 755 2765 denotare
786 2744 826 2766 ae

129 2790 199 2811 suus
210 2784 325 2821 partes.
369 2784 425 2814 Sic
443 2784 483 2815 Β.
500 2785 538 2815 C.
556 2793 610 2815 ιιι.
626 2788 697 2815 100.
721 2787 729 2801 ‘
746 2785 825 2816 Cor-

883 319 963 350 cyra
986 311 1247 352 Dyrrachioque
1275 320 1395 352 nquam
1420 314 1482 343 suin
1507 323 1583 353 sup-

883 362 1066 401 portabat.’
1111 363 1154 393 I-:t
1184 363 1322 402 hujusce
1357 362 1435 393 libri
1473 374 1502 394 c.
1535 368 1583 396 10.

882 413 890 428 ⁴
908 413 1148 453 Saepenumero
1179 413 1292 444 Caesar
1319 413 1383 443 suis
1419 423 1582 454 exposit-5-

883 463 958 494 rat.'
1002 464 1070 495 Sed
1095 464 1175 505 qnid
1193 474 1276 504 opus
1295 465 1476 504 exemplis?
1520 465 1583 494 Til-

881 513 926 543 lia
952 514 986 544 in
1013 514 1148 545 caesare
1166 521 1199 545 et
1226 515 1297 545 aliis
1321 514 1455 555 μυριάκις
1471 524 1584 546 occur-

881 569 972 595 runt.
1019 565 1130 595 Daris.

913 623 989 646 xri.
1009 618 1028 646 2
1045 616 1178 646 Prorsus
1189 616 1371 657 -effugium
1381 616 1514 647 dabatur
1527 616 1585 646 tic-

878 665 934 706 tis]
948 666 1030 697 Mssa.
1041 666 1196 708 plerique
1206 668 1328 697 habent
1339 668 1586 707 cor1·uptc,pnl-

878 714 1118 756 sis—effugium
1134 717 1266 748 dabatur
1282 717 1381 747 titiis.
1411 718 1474 747 Ms.
1495 717 1581 757 Re‘g.

877 766 976 805 pulsis
990 766 1126 797 dabatur
1137 766 1448 807 effugium—ullum.
1482 767 1582 800 Quod

880 814 962 847 ferri
991 824 1119 857 posset.
1176 819 1242 849 Sed
1272 823 1414 859 praestat
1443 820 1587 859 vulgata

879 866 1012 905 Lectio,
1039 873 1181 909 propter
1197 869 1440 909 elegantiorem
1467 869 1584 900 ἀντίθε-

880 927 941 956 σιν,
964 918 1056 949 rictis
1071 924 1106 950 et
1122 918 1299 950 victoribus.
1341 920 1448 950 Clark.
1496 919 1581 951 Cum

881 968 966 1008 Reg.
1003 967 1132 1000 faciunt
1160 969 1274 1001 Palat.
1310 970 1406 1000 Leid.
1444 979 1511 1001 sec.
1547 975 1581 1001 et

882 1018 1124 1050 Edd.Va2‹-,os.
1152 1020 1284 1060 Gryph.
1313 1025 1401 1060 post.
1427 1020 1494 1051 Str.
1540 1020 1581 1051 In

881 1068 989 1109 Bong.
1007 1074 1057 1100 est
1074 1080 1104 1100 η.
1119 1079 1166 1101 en.
1188 1070 1288 1110 pulsis
1312 1080 1342 1100 n.
1370 1074 1394 1100 t.
1422 1080 1452 1100 n.
1482 1080 1522 1100 m.
1539 1071 1578 1100 ul-

880 1119 940 1148 lum
962 1120 991 1149 d.
1018 1119 1185 1158 refugium.
1232 1120 1272 1151 Iu
1293 1121 1431 1162 reliquis
1446 1121 1527 1151 Mss.
1548 1126 1582 1152 et

881 1167 968 1198 Edd.
995 1169 1149 1199 omnibus
1179 1174 1258 1200 ante
1289 1169 1332 1200 R.
1360 1171 1569 1211 Stephanum

880 1225 979 1256 quem
993 1217 1147 1258 Scaliger
1174 1219 1311 1250 videtui·
1335 1226 1472 1251 secutus
1496 1231 1582 1260 esse,

879 1271 932 1297 est
956 1268 1054 1307 pulsis
1081 1273 1116 1299 et
1147 1269 1247 1300 ricus.
1305 1269 1420 1301 Verba
1449 1271 1582 1302 dabatur

878 1316 970 1348 victis
985 1317 1026 1348 ab
1054 1317 1300 1358 interpolatore
1326 1320 1442 1351 addita
1463 1325 1582 1353 censet

880 1367 1058 1399 Gruterus.
1103 1368 1240 1400 Prorsus
1267 1379 1334 1401 non
1358 1370 1529 1412 displicet,
1554 1373 1581 1403 si

878 1417 978 1448 modo
992 1418 1182 1459 reperiatur
1198 1420 1230 1450 in
1248 1421 1359 1461 aliquo
1377 1422 1513 1455 Codice.

921 1470 940 1499 3
964 1468 1163 1501 IIIi—omnia
1189 1471 1343 1511 tenerent]
1383 1473 1476 1504 Nulli
1503 1474 1581 1504 Edi—

879 1523 989 1550 torum
1021 1520 1348 1561 animadverterunt,
1375 1532 1440 1554 non
1472 1525 1581 1555 cohae-

878 1579 954 1601 rere
967 1570 1039 1602 haec
1060 1580 1137 1602 eum
1158 1571 1432 1612 praecedentibus
1449 1574 1582 1606 dabatur

879 1625 915 1651 et
945 1624 1042 1651 erant.
1086 1621 1280 1661 Legendum
1310 1628 1380 1663 aut,
1405 1625 1507 1655 omnia
1539 1630 1582 1657 te-

879 1670 1011 1707 nebant;
1036 1675 1072 1702 et
1099 1672 1273 1713 deinceps,
1299 1674 1583 1713 periclitabantur.-

880 1726 951 1761 aut,
968 1721 1083 1754 addita
1107 1724 1238 1763 vocula,
1274 1724 1359 1755 Cum
1386 1725 1580 1758 illi—omnia

878 1776 1050 1812 tenerent,
1073 1775 1136 1805 ἃς.
1164 1775 1272 1805 Clark.
1318 1775 1383 1806 Sed
1407 1776 1490 1807 illud
1514 1787 1581 1808 cum

878 1822 932 1853 rel
947 1833 1018 1854 nam
1034 1824 1113 1855 satis
1130 1824 1337 1866 subintelligi
1356 1831 1479 1866 potest.

919 1876 940 1904 6
963 1874 1141 1914 Perpaucos
1163 1877 1201 1906 de
1225 1885 1342 1907 summa
1359 1887 1461 1908 rerum
1485 1889 1519 1908 ac
1543 1880 1581 1910 de

876 1926 976 1955 salute
990 1926 1125 1956 omnium
1136 1927 1306 1967 decertare]
1329 1927 1579 1968 Mirum‚quam

878 1976 918 2006 ad
933 1977 1043 2007 lucem
1064 1977 1119 2008 hic
1134 1977 1347 2008 caecutierint
1369 1978 1442 2008 Viri
1459 1978 1581 2009 doctis-

877 2026 961 2058 simi.
1007 2027 1222 2068 ‘Perpancos‚²
1252 2027 1363 2068 inquit
1393 2029 1577 2068 Cellarius;

876 2078 885 2094 ‘
903 2077 992 2119 quia,
1009 2083 1150 2118 propter
1164 2077 1229 2109 loci
1242 2078 1442 2118 angustiam,
1459 2079 1575 2110 classis

877 2127 1044 2168 explicari
1071 2137 1137 2158 non
1165 2128 1305 2169 potuit)
1364 2129 1470 2161 Quasi
1498 2139 1577 2161 vero

877 2178 1024 2219 nonjam
1047 2183 1146 2209 antea
1160 2179 1287 2210 diserte
1311 2184 1482 2211 narrasset
1499 2179 1579 2210 Hir-

878 2229 956 2266 tius,
981 2235 1159 2270 postquam
1187 2229 1328 2260 Rhodiae
1357 2239 1460 2260 naves
1493 2230 1579 2261 vada

877 2285 913 2310 et
944 2280 1115 2319 angustias
1143 2280 1417 2320 pertransissent,
1447 2281 1580 2320 reliquus

878 2330 994 2369 etiam,
1018 2329 1169 2370 adeoque
1195 2334 1301 2361 totam
1330 2330 1481 2370 classem,
1514 2341 1578 2362 esse

877 2379 1060 2411 subsecutas.
1106 2379 1324 2411 Rhellicanus
1342 2385 1455 2411 autem
1471 2381 1578 2411 multo

877 2431 985 2462 adhuc
1016 2431 1135 2472 pejus:
1169 2433 1177 2448 ‘
1196 2431 1297 2470 Hoc,’
1327 2431 1448 2472 inquit,
1476 2432 1578 2462 ‘inde

876 2482 1031 2513 fortassis
1066 2482 1255 2522 eveniebat,
1293 2483 1381 2523 quod
1422 2482 1576 2513 riderent

876 2543 951 2564 cum
980 2533 1133 2574 gloriam,
1164 2538 1234 2564 tum
1257 2533 1409 2564 victoriae
1433 2543 1576 2563 commo-

876 2585 1049 2625 dum,non
1067 2584 1108 2615 ad
1134 2584 1294 2624 singulos,
1319 2583 1377 2614 sed
1406 2583 1448 2613 ad
1475 2591 1575 2613 unum

876 2635 1048 2666 Caesarem
1075 2634 1274 2676 pervenire3
1305 2633 1347 2663 ad
1374 2633 1459 2671 haec,
1487 2631 1576 2672 quod

875 2695 940 2716 non
955 2695 1015 2726 pro
1032 2685 1151 2726 patria,
1175 2683 1235 2714 sed
1253 2684 1360 2714 aliena
1383 2687 1418 2713 et
1434 2688 1577 2713 externa

876 2740 968 2766 terra
984 2740 1019 2765 et
1047 2744 1150 2774 regno
1176 2732 1397 2772 adipiscendo
1422 2732 1578 2763 decerta·

876 2791 976 2816 ient:
1011 2795 1112 2825 quum
1141 2793 1158 2814 e
1186 2788 1303 2814 contra
1328 2782 1580 2818 Alexandrino-
