1850 3109
250 181 364 225 1702
677 195 714 228 J.
747 196 884 227 CELSI
918 197 1268 228 COMMENTARH

248 296 541 347 Lugdunensem
562 296 752 333 coloniam
776 309 950 338 egressus
982 296 1032 332 ibi
1061 304 1147 334 ante
1169 297 1332 334 civitatis
1353 310 1480 335 muros
1508 296 1699 335 Rhodano

249 360 431 398 miscetur
451 368 526 398 tam
550 361 671 398 veloci
695 361 793 397 tinini
815 373 930 410 qnam
953 360 1032 409 ipse
1055 361 1196 397 lentus:
1232 362 1330 398 bunc
1360 362 1503 398 ratibus
1538 361 1701 400 Helvetii

249 425 482 463 transibant:
506 438 601 474 quo>
638 425 727 460 dum
759 425 918 460 transitu
952 425 987 460 in
1021 425 1103 472 ipso
1134 437 1207 461 nox
1239 427 1507 475 superveniens
1540 438 1701 476 oppres-

249 487 368 532 sisset,
392 489 512 524 tribus
534 488 727 536 copiarum
748 489 920 537 partibus
942 489 1178 532 transvectis,
1194 498 1328 538 quana
1351 491 1570 527 substiterat
1593 503 1701 527 mane

249 554 423 602 proximu
446 552 664 588 transitura:
695 559 812 601 atque
827 553 873 589 ita
892 553 1042 590 fortuna
1063 552 1293 602 disponente
1312 555 1535 604 contigerat,
1559 562 1598 591 nt
1620 555 1703 591 liaec

250 623 347 654 esset
368 616 428 651 illa
459 628 545 663 pars
563 615 837 659 Helvetiorum,
862 630 948 665 qna}
971 618 1108 654 multos
1127 624 1213 654 ante
1234 630 1352 654 annos
1368 618 1536 662 consule,
1559 618 1607 654 de
1627 630 1705 666 quo

249 678 425 719 diximus,
467 678 684 723 interfecto,
717 681 883 716 exercitu
925 681 997 717 sul)
1030 682 1168 728 jugum
1209 681 1334 724 misso,
1376 681 1524 718 cladem
1557 681 1703 730 populo

250 743 424 779 Romano
444 755 593 791 gravem
615 750 732 792 atque
762 744 1005 791 ignominiam]
1027 745 1250 789 inflixerant,
1275 746 1310 781 iii
1330 759 1404 794 qna
1427 759 1522 782 unus
1543 759 1588 782 ex
1607 744 1706 782 mul-

251 806 296 843 tis
318 807 465 848 legatus
486 807 619 843 consul
646 808 686 843 L.
712 808 797 843 Piso
813 807 1003 843 ceciderat
1028 808 1112 854 ejus
1131 809 1276 844 Pisonis
1297 822 1390 845 avus
1407 810 1471 858 qni
1493 822 1592 846 nunc
1611 821 1706 846 con-

251 870 322 913 sul,
344 884 387 906 ac
410 871 565 907 ‹faesuris
600 884 708 906 socer
734 878 827 907 erat.
888 871 943 906 Eo
973 870 1094 906 laetior
1126 872 1256 906 Caesar
1277 872 1405 908 oblata
1434 872 1637 908 occasione
1667 876 1706 908 ct

249 935 417 984 privatas
451 934 560 971 sininl
590 943 626 971 et
659 934 832 983 publicas
856 934 1011 982 injurias
1045 934 1267 977 ulciscendi,
1297 947 1383 971 euin
1413 935 1533 972 tribus
1560 941 1705 972 tantum

250 998 335 1048 [124]
357 999 567 1046 legionibus
600 999 826 1047 intempesta
861 999 931 1034 sub
971 1004 1080 1034 nocte
1120 998 1251 1034 castris
1289 998 1481 1047 egreditur
1506 1005 1623 1048 atque
1656 999 1704 1036 ad

250 1063 447 1100 transitum
469 1069 682 1111 occupatos
711 1068 746 1097 et
784 1062 834 1097 nil
857 1061 930 1097 tale
956 1067 1164 1098 metuentes
1184 1074 1386 1111 aggressus
1418 1063 1552 1112 insigni
1581 1070 1705 1111 strage

250 1126 404 1169 delevit,
443 1127 572 1176 paucis
606 1126 717 1162 silvas
752 1126 787 1161 in
830 1125 1021 1174 proximas
1056 1124 1155 1174 fugae
1187 1125 1365 1174 praesidio
1397 1126 1577 1176 delapsis.
1633 1127 1705 1164 His

251 1191 345 1229 actis
377 1192 509 1228 Caesar
529 1190 619 1227 nihii
641 1190 822 1233 substitit,
862 1189 928 1226 sed
961 1188 1159 1227 confestim
1197 1196 1403 1239 properato
1426 1197 1542 1239 ponte
1563 1190 1706 1228 flumen

250 1254 407 1297 transiit,
419 1254 552 1290 eodem
570 1261 735 1290 torrente
753 1253 915 1290 fortunae
932 1254 1096 1302 reliquas
1112 1254 1279 1291 hostium
1291 1255 1422 1304 copias
1436 1267 1706 1304 oppressurus.

251 1318 341 1361 Quo
363 1318 523 1354 transitu
540 1318 682 1354 turbati
706 1317 846 1360 hostes,
870 1329 915 1353 eo
937 1317 1110 1361 maxime,
1127 1317 1231 1366 quod
1246 1316 1422 1353 ardorem
1443 1317 1556 1354 animi
1577 1324 1708 1368 stupe-

252 1380 359 1425 bant,
395 1381 460 1430 qui
493 1394 569 1417 nuo
591 1381 651 1417 die
672 1380 882 1425 transisset,
905 1381 939 1417 in
962 1394 1040 1430 quo
1060 1380 1132 1430 ipsi
1162 1380 1298 1418 diebus
1320 1382 1448 1431 viginti
1479 1381 1615 1419 frustra
1645 1382 1710 1419 de-

251 1445 492 1489 sudaverant,
531 1445 630 1482 illico
657 1445 801 1494 legatos
826 1444 873 1481 ad
897 1457 983 1482 eum
1013 1444 1194 1494 dirigunt,
1229 1459 1393 1495 quornm
1424 1446 1606 1495 princeps
1635 1446 1708 1484 suit

252 1508 394 1546 Divico
426 1509 586 1559 ingentis
623 1509 726 1558 apud
758 1522 846 1545 suos
867 1507 978 1545 famae
1000 1508 1066 1546 vir.
1122 1509 1170 1546 Et
1191 1510 1257 1558 qui
1278 1508 1387 1546 clade
1423 1509 1486 1546 illa
1521 1510 1707 1547 Cassiana

251 1572 328 1610 dux
350 1579 483 1610 contra
499 1573 692 1609 Romanos
714 1572 802 1609 belli
822 1571 960 1608 fuerat.
1019 1573 1068 1616 Is,
1092 1571 1222 1616 credo,
1237 1572 1300 1621 qui
1321 1572 1513 1610 Caesarem
1534 1572 1709 1610 nondum

251 1643 393 1681 nosset,
420 1635 507 1673 fecit
537 1636 653 1674 verba
686 1635 864 1686 pacifica,
898 1635 964 1673 sed
1001 1635 1364 1673 comminationibus
1397 1633 1635 1685 ⁷⁵interjecta
1669 1636 1706 1673 in

251 1700 349 1738 hanc
371 1701 610 1738 sententiam.
628 1706 637 1720 ‘
655 1701 694 1737 Si
715 1713 851 1749 pacem
873 1713 960 1737 cum
985 1699 1167 1736 Helvetiis
1189 1699 1356 1737 Romani
1376 1700 1529 1745 vellent,
1553 1707 1706 1750 paratos

251 1764 410 1814 imperio
433 1763 615 1813 7⁶parare.
655 1764 692 1802 Si
712 1771 838 1801 autem
860 1763 1001 1800 bellum
1019 1762 1190 1808 mallent,
1211 1763 1348 1802 decere.
1368 1776 1455 1802 eum
1481 1764 1709 1809 meminisse,

250 1834 288 1865 et
326 1828 509 1864 Romanae
541 1827 767 1864 calamitatis
797 1833 836 1864 et
855 1826 1005 1864 virtutis
1027 1826 1216 1864 Helvetiae
1236 1828 1289 1864 eis
1319 1835 1407 1866 ante
1446 1828 1542 1865 alios
1578 1827 1710 1878 cogni-

251 1897 299 1928 tae
333 1898 370 1927 et
408 1898 601 1940 expertae:
634 1891 769 1929 iterum
789 1896 905 1940 atque
943 1889 1080 1926 iterum
1111 1897 1360 1940 praecaveret‚
1399 1904 1446 1929 ne
1485 1892 1589 1942 quod
1626 1890 1700 1928 sibi

250 1955 327 1992 tale
349 1956 601 2005 contingeret,
624 1957 738 2006 quale
766 1956 855 1993 olim
876 1956 951 1994 suis
972 1956 1183 2005 majoribus
1203 1955 1429 1992 accidisset:
1463 1968 1588 2004 neque
1614 1967 1708 1992 vero

251 2030 355 2068 spem
403 2020 585 2057 Romanis
619 2021 655 2057 in
694 2033 739 2058 eo
785 2033 962 2070 magnam
1000 2033 1083 2057 esse
1117 2019 1271 2063 debere,
1307 2018 1411 2068 quod
1444 2019 1710 2056 Helvetiorum

254 2095 365 2120 unam
406 2092 550 2132 partem
584 2083 777 2121 incautam
805 2090 842 2120 et
878 2097 900 2120 a
933 2083 1009 2120 suis
1039 2082 1277 2120 indefensam
1311 2087 1430 2119 noctu
1461 2094 1529 2131 per
1556 2081 1711 2119 insidias

251 2145 465 2184 fudissent:
496 2160 571 2185 non
609 2147 742 2185 fraude
776 2147 931 2192 etenim,
966 2147 1031 2185 sed
1065 2153 1197 2197 aperta
1227 2145 1263 2182 vi
1291 2145 1421 2183 solitos
1449 2158 1488 2182 se
1518 2157 1703 2195 pugnare.

251 2209 417 2247 Proinde
451 2210 482 2247 si
516 2210 664 2248 collatis
692 2210 807 2260 signis
828 2211 865 2247 in
895 2210 976 2248 acie
997 2215 1155 2247 ventum
1176 2215 1292 2254 esset,
1312 2209 1458 2246 videret
1490 2221 1537 2246 ne
1569 2209 1710 2246 recenti

252 2273 333 2324 ipse
371 2274 485 2311 etiam
525 2274 636 2312 clade
674 2275 801 2312 locum
841 2274 1002 2312 alterum
1032 2274 1241 2324 insigniret,
1270 2279 1309 2310 et
1341 2273 1508 2321 antiqua:
1541 2271 1709 2309 historiae

250 2349 387 2373 novam
409 2337 579 2375 adderet.
637 2338 780 2375 *Cassii
801 2338 1040 2383 memoriam,
1061 2338 1091 2374 si
1114 2337 1186 2374 sibi
1207 2335 1395 2380 videatur,
1417 2334 1487 2371 illis
1508 2334 1543 2372 in
1566 2334 1708 2373 finibus

253 2399 344 2435 satis
364 2400 473 2436 esse!
538 2401 599 2437 Ad
623 2401 706 2438 liaec
728 2403 887 2439 Caesar‘
909 2414 949 2438 se
986 2406 1024 2438 et
1055 2400 1252 2437 Romanos
1289 2398 1389 2436 illius
1427 2396 1549 2435 cladis
1580 2398 1710 2436 memi-

253 2461 375 2499 nisse'
403 2463 615 2512 respondit,
639 2469 649 2483 ‘
671 2477 793 2514 eoque
815 2464 934 2514 magis
966 2464 1225 2513 ingemiscere,
1253 2475 1330 2512 quo
1350 2462 1466 2514 hnulla
1496 2475 1652 2512 prorsus
1673 2461 1709 2498 in

253 2526 449 2565 Helvetios
484 2528 744 2565 Romanorum
775 2527 913 2577 injuria
942 2527 1215 2577 processisset:
1251 2526 1364 2564 facile
1385 2525 1657 2564 declinandum
1679 2526 1706 2561 si

253 2590 367 2629 ullius
386 2591 542 2630 offensae
563 2592 633 2630 sibi
664 2591 807 2630 conscii
837 2591 1019 2630 fuissent:
1049 2604 1124 2629 non
1157 2591 1326 2629 timuisse
1355 2590 1511 2641 quidem
1533 2590 1707 2628 Cassium

610 2723 650 2751 75
678 2721 792 2761 Forte,
810 2721 1074 2758 inec-›jectis.—7o
1101 2721 1203 2761 Lege,
1228 2728 1350 2759 parcre.
