1893 3109
392 181 572 212 1AB.1L
604 171 909 211 car.14.nn
943 181 1099 211 nunno
1133 183 1303 213 cnnLr

147 278 230 311 illud
261 279 374 311 Taciti
405 280 447 310 de
479 278 695 315 Germanico,
735 278 843 318 primo

147 330 270 361 Annal.
294 329 435 360 ‘Planci
467 338 601 367 gravem
634 333 669 359 et
701 328 844 359 immeri-

148 387 217 411 {nm
235 389 358 417 casnm,
376 380 472 409 simul
487 383 648 420 qnantum
663 378 842 409 dedecoris

144 430 267 461 adierit
284 430 379 468 legio,
392 429 535 460 facunde
548 429 748 460 miseratur!
775 429 843 459 Ne-

144 489 210 521 que
227 481 258 510 in
276 479 543 510 Massiliensibus
569 479 602 509 id
631 479 763 518 mirum,
779 488 842 519 qno

145 529 186 560 ad
214 528 468 561 declamaadnm
497 529 562 568 ipsi
590 528 733 559 Romani
765 538 843 559 con-

143 578 305 610 fluebant.
333 579 464 609 Vossius.

183 637 257 660 xxv.
274 632 291 659 5
315 629 414 659 Arma
429 639 500 659 vcro
513 629 614 659 omniu
630 630 763 670 reposita
776 640 844 660 con-

141 681 279 719 tectaque
295 680 407 719 essent]
454 680 492 710 In
520 680 596 710 Pal.
613 685 647 710 et
678 681 841 721 RongarS.

141 736 192 761 est
204 731 405 771 conjectaque,
417 731 474 761 sed
489 731 587 761 male.
601 731 726 772 (Editt.
742 731 840 762 Rom.

139 781 226 812 Ven.
243 782 402 812 Beroald.
421 785 582 821 corrupte
599 781 700 812 etiam
717 791 842 821 reprae-

139 835 274 862 scntant
289 831 545 871 contemptuque.)
592 831 680 861 Nam
697 832 840 863 militum

139 890 242 921 arma,
266 881 430 923 siquando
459 881 566 912 otium
595 886 698 920 esset,
725 882 841 922 reponi

137 936 174 964 ct
189 934 323 973 contegi
341 934 440 964 solita
467 933 629 963 adversus
654 933 841 973 pulverem,

138 982 276 1024 imbres,
305 984 440 1024 aliaque
472 983 504 1013 id
537 993 653 1023 genus.
712 984 785 1015 Imo
809 985 842 1014 in

136 1033 255 1064 Tacito
283 1034 373 1074 legas
400 1042 423 1064 1.
449 1034 577 1064 Histor.
600 1033 769 1074 ‘Aperire
787 1035 843 1065 de-

135 1082 215 1113 inde
253 1084 548 1114 armamentarium
586 1084 703 1124 jussit,
740 1090 842 1124 capta

138 1133 254 1164 statim
271 1142 364 1163 arma
380 1133 451 1164 sine
473 1143 565 1163 more
590 1139 625 1164 et
648 1134 766 1165 ordine
783 1135 840 1165 mi-

134 1183 242 1222 litia=‚’
269 1184 330 1214 διο.
376 1184 545 1214 Caetcrum
563 1183 597 1214 id
622 1193 756 1224 semper
773 1194 840 1215 non

135 1232 265 1264 factum
282 1232 436 1264 videtur:
462 1243 538 1264 nam
559 1234 649 1264 hand
674 1234 775 1265 dubie
792 1245 841 1266 re-

135 1283 276 1323 pentino
293 1293 368 1314 casn
398 1284 545 1324 noxium,
570 1284 703 1325 quando
721 1286 840 1316 celeri-

137 1337 191 1364 ter
207 1342 300 1364 arma
313 1334 490 1374 capienda.
524 1334 645 1375 Itaque
662 1335 764 1366 credo
781 1346 840 1366 sna

137 1393 304 1425 quemque
321 1383 402 1415 sede
423 1384 565 1415 militem
581 1394 673 1416 arma
689 1386 839 1416 recondi-

137 1433 238 1465 disse.
297 1435 380 1475 Tegi
408 1444 490 1465 vero
520 1435 621 1466 etiam
649 1436 683 1466 in
714 1436 838 1467 itinere

135 1487 265 1518 solent:
292 1487 379 1518 nnde
395 1487 468 1527 ipse
485 1487 601 1518 Caesar
617 1488 664 1519 ait
681 1489 721 1518 Β.
737 1488 782 1520 G.
796 1498 837 1520 11.

134 1541 188 1568 21.
219 1537 413 1577 ‘Temporis
440 1541 537 1568 tanta
562 1536 626 1568 fuit
656 1538 838 1579 exiguitas,

134 1588 345 1629 hostiumque
361 1593 428 1618 tam
445 1592 585 1628 paratus
614 1588 655 1618 ad
679 1588 838 1619 dimican-

136 1638 215 1670 dum
233 1639 373 1677 animus,
390 1642 426 1669 nt
439 1648 504 1668 non
521 1637 620 1669 modo
635 1639 678 1669 ad
695 1639 838 1679 insignia

136 1689 436 1728 accommodanda,
460 1689 520 1720 sed
537 1689 638 1719 etiam
656 1689 698 1719 ad
723 1691 837 1729 galeas

135 1738 336 1779 induendas,
350 1739 522 1780 scutisque
538 1743 713 1779 tegmenta
727 1740 837 1772 detra-

136 1789 247 1820 henda
264 1794 397 1830 tempus
414 1789 587 1820 defuerit!
631 1790 699 1821 Sed
723 1800 838 1831 snper-

134 1840 238 1872 sedeo
256 1841 382 1871 claram
409 1850 479 1872 rem
506 1840 674 1881 probare:
701 1842 757 1872 alii
781 1852 837 1873 ex-

134 1891 247 1932 empla
271 1892 494 1932 collegerunt.
524 1892 608 1923 Voss.
653 1892 744 1923 Hinc
759 1902 836 1924 con-

133 1947 188 1974 tra
203 1943 293 1983 apud
311 1944 427 1974 Front.
444 1952 493 1974 xv,
510 1946 540 1974 1.
556 1944 572 1983 ξ
589 1945 641 1974 43.
664 1944 673 1960 ‘
688 1943 836 1976 detectis

133 1993 234 2025 armis
250 1994 390 2025 velutin
404 1994 500 2024 acie.’

175 2046 197 2074 9
220 2044 393 2075 flammam
407 2045 615 2086 conciperent]
658 2045 715 2076 Ita
741 2045 836 2077 Editi

134 2103 250 2127 omnes
283 2095 501 2126 recentiores.
547 2096 640 2126 Edit.
676 2096 770 2127 Rom.
801 2100 837 2126 et

133 2147 202 2178 Ms.
229 2147 316 2187 Reg.
342 2147 481 2185 habent,
504 2147 690 2186 acciperent.
735 2147 836 2178 Unde

132 2197 312 2238 legendum
357 2196 605 2236 existimabam,
648 2198 835 2238 arriperent.

133 2246 201 2278 Sed
232 2246 267 2277 in
297 2247 362 2277 Ms.
394 2246 519 2277 Eliensi
549 2247 649 2286 plane
673 2247 837 2287 scriptum

133 2302 199 2337 est,
220 2297 420 2337 corriperent.
477 2297 586 2328 Quam
618 2296 754 2328 demum
783 2308 838 2328 ve-

132 2356 206 2377 ram
237 2356 312 2377 csse
355 2346 504 2377 arbitror
543 2347 736 2379 lectionem.
783 2349 838 2380 Sic

133 2396 225 2444 apud
254 2396 427 2436 Ovidium,
459 2396 664 2437 ‘Corripitur
693 2396 837 2429 flammis

133 2446 258 2486 tellus,'
289 2449 353 2477 &a
390 2447 499 2478 Clark.
545 2448 677 2479 Car-rar.
713 2448 836 2489 aliique

133 2496 297 2536 nonnulli,
310 2496 481 2527 Flammam
492 2497 675 2537 acciperent.
694 2499 834 2530 Norvic.

133 2549 247 2577 antem
259 2547 424 2587 flammam
439 2548 643 2588 corriperent.-
667 2559 765 2589 qnam
781 2559 835 2580 ve-

134 2602 206 2626 ram
221 2605 296 2627 esse
311 2597 492 2628 lectionem
508 2598 559 2629 Cl.
578 2598 733 2630 Clarkins
750 2600 836 2631 arbi-

135 2647 255 2677 tratur.
300 2646 388 2678 Mihi
404 2657 484 2679 vero
505 2657 624 2688 parum
652 2649 774 2680 Latina
789 2649 836 2680 vi-

136 2693 236 2726 detur
259 2694 316 2728 illa
342 2697 502 2739 loquendi
529 2698 639 2738 ratio3
663 2708 742 2731 nam
768 2699 836 2732 Ro·

1484 177 1596 219 1417

895 279 984 309 mani
1020 279 1173 311 dicerent
1196 280 1329 320 flamma
1357 282 1596 322 corriperentur.

896 329 1024 359 Notum
1051 335 1103 360 est
1131 331 1211 361 illud
1245 332 1360 362 Ovidii
1383 333 1528 364 Metam.
1557 343 1597 366 11.

896 382 970 411 210.
995 381 1196 421 ‘Corripitur
1217 382 1368 421 flammis,
1395 388 1433 413 ut
1456 393 1596 425 qumque

896 430 1057 461 altissima
1069 432 1179 463 tellus!
1205 433 1389 472 Receptam
1404 443 1482 463 sane
1495 434 1597 474 scrip-

897 485 1004 511 turam
1031 482 1166 512 omnino
1197 483 1408 513 retinendam
1439 485 1597 524 putarim.

896 530 1073 561 Lucretius
1089 540 1138 562 w.
1161 534 1235 562 880.
1259 534 1267 549 ‘
1289 533 1488 573 stnpajacit
1504 532 1596 564 flam-

894 590 964 611 mas
989 584 1129 621 coneeplo
1157 580 1305 622 protinus
1329 584 1419 621 igni!
1466 585 1595 616 Plinius

897 629 941 660 H.
978 630 1021 661 N.
1056 639 1096 661 ιι.
1138 632 1154 671 ‘5
1189 635 1242 662 50.
1290 634 1299 649 ⁴
1325 633 1432 671 Ignem
1467 634 1596 674 habuit,

895 687 961 709 non
990 684 1110 719 postea
1136 681 1295 721 concepit.'
1340 683 1395 712 Sic
1414 683 1534 714 iteruin
1551 684 1597 714 lo-

895 729 1009 769 quitur
1025 739 1126 762 xxiv.
1143 732 1158 771 ξ)
1177 735 1249 763 101.
1268 732 1317 763 sie
1334 734 1437 764 etiam
1455 734 1594 765 Curtius

895 789 969 810 cnm
997 781 1088 821 alibi,
1115 786 1186 813 tum
1212 792 1261 814 iv.
1288 786 1318 814 3.
1335 786 1366 814 4.
1393 789 1428 815 et
1455 793 1487 815 v.
1514 787 1544 814 7.
1563 788 1595 816 5.

893 830 1004 861 Davis.
1020 841 1088 862 cur.
1106 841 1172 863 sec.
1209 833 1393 873 Acciperene
1408 834 1499 874 legas
1516 844 1597 875 quo-

894 890 959 920 que
987 881 1019 911 in
1048 882 1135 913 Edd.
1155 883 1240 913 Ven.
1268 884 1410 914 Mediol.
1439 889 1473 914 et
1500 884 1595 916 Leid.

893 940 963 962 sec.
980 932 1037 973 qni
1055 942 1129 964 cnm
1155 934 1302 964 Dorvill.
1326 935 1427 965 habet
1440 935 1594 974 flammae.

893 982 989 1013 Bene
1006 987 1118 1014 antem
1135 985 1295 1015 Davisius
1320 986 1512 1025 conciperent
1538 985 1595 1016 de-

894 1031 1015 1063 fendit.
1062 1034 1154 1073 Ignis
1176 1035 1328 1074 corripere
1350 1035 1477 1066 dieitur
1499 1039 1595 1066 mote-

891 1082 982 1122 rium,
1006 1094 1082 1124 quae
1108 1089 1228 1115 contra
1258 1086 1390 1125 concipit
1416 1085 1595 1118 flammam.

893 1132 992 1163 Ovid.
1008 1134 1094 1165 Met.
1110 1143 1133 1164 1.
1150 1138 1224 1165 255.
1251 1140 1258 1152 ⁸
1270 1145 1312 1165 ne
1328 1135 1415 1166 forte
1432 1146 1524 1167 sacer
1541 1140 1594 1167 tot

891 1182 934 1212 ab
965 1183 1097 1223 ignibus
1129 1185 1237 1215 aether
1264 1185 1473 1225 Conciperet
1502 1184 1596 1217 flam-

890 1233 981 1264 mas’
1028 1233 1128 1265 Adde
1145 1244 1206 1265 vu.
1226 1237 1278 1265 17.
1295 1239 1368 1267 108.
1392 1245 1446 1267 xx.
1464 1239 1538 1267 520.
1556 1245 1592 1268 x.

891 1284 964 1313 582.
993 1285 1056 1314 ἃς.
1104 1285 1218 1315 Livius
1235 1294 1380 1317 xxxvir.
1408 1290 1460 1317 11.
1484 1289 1492 1303 ‘
1508 1287 1595 1317 Con-

891 1337 1028 1373 ceptnm
1065 1334 1177 1375 ignem
1213 1346 1282 1376 prae
1315 1346 1350 1367 se
1385 1337 1592 1377 portabant.'

889 1381 1019 1414 Seneca
1048 1384 1155 1416 Herc.
1185 1387 1255 1417 (Εἰ.
1289 1389 1381 1418 1483.
1406 1387 1594 1418 ‘Caedatur

888 1434 994 1464 omnis
1015 1435 1108 1476 silva,
1125 1440 1159 1467 et
1173 1438 1321 1468 OEtaeum
1338 1447 1455 1468 nemus
1471 1437 1594 1468 Conci-

889 1484 961 1525 piat
978 1485 1094 1525 igneS,’
1120 1486 1189 1517 sive
1213 1487 1296 1527 ignis
1311 1488 1343 1518 in
1362 1488 1592 1527 Accusativo3

889 1540 926 1565 ut
945 1544 1008 1565 non
1023 1545 1107 1576 opus
1124 1541 1158 1567 et
1177 1536 1222 1568 ibi
1239 1539 1283 1569 sit
1300 1538 1404 1569 scribi
1427 1539 1592 1579 conripiat.

890 1586 1048 1618 Ceterum
1065 1588 1177 1619 delevi
1195 1591 1350 1629 copulam
1367 1594 1445 1629 post
1460 1593 1592 1620 tormen-

887 1640 921 1668 ta
937 1637 1134 1669 auctoribus
1158 1640 1243 1670 Mss.
1269 1640 1351 1670 meis
1375 1639 1540 1678 omnibus,
1558 1643 1593 1670 et

889 1697 907 1717 e
924 1688 1113 1719 Petaviano
1139 1690 1296 1730 rescripsi
1312 1690 1447 1720 animum
1470 1690 1593 1720 adverti

885 1741 1001 1777 posset:
1024 1738 1057 1768 in
1085 1739 1180 1770 Leid.
1206 1749 1256 1779 pr.
1284 1744 1415 1770 tantum
1441 1745 1516 1770 erat
1538 1741 1593 1769 ad-

890 1788 978 1818 verti.
1013 1787 1081 1819 Adi
1098 1789 1255 1820 conlecta
1271 1789 1311 1819 ad
1332 1790 1370 1821 B.
1388 1790 1478 1821 Gall.
1492 1798 1517 1819 1.
1537 1793 1592 1821 24.

934 1841 971 1868 17
997 1839 1202 1869 Tentat-erunt
1217 1840 1270 1869 hoe
1286 1840 1366 1870 idem
1381 1840 1594 1871 Massilienses

884 1891 1008 1926 postero
1024 1889 1086 1927 die,
1104 1890 1230 1919 eundem
1253 1890 1338 1919 nacti
1362 1893 1592 1930 tempestatem;

887 1941 1056 1981 majorique
1072 1941 1279 1983 cumfifflrcia,
1295 1943 1365 1982 ἔξω]
1387 1942 1456 1972 Pro
1473 1943 1593 1982 majori,

887 1991 975 2031 qnod
1000 1996 1053 2022 est
1079 1992 1113 2022 in
1141 1992 1251 2022 Editis
1274 1992 1439 2032 omnibns,
1455 1992 1593 2024 restitui

888 2051 929 2072 ex
947 2042 1056 2073 Editt.
1070 2043 1269 2082 Vamosani,
1287 2043 1465 2083 majorique.
1506 2043 1591 2074 Cum

888 2096 1000 2123 tamen
1018 2093 1102 2123 illud
1118 2103 1175 2133 qne
1198 2093 1231 2123 in
1256 2093 1340 2123 Mss.
1358 2103 1424 2124 non
1442 2094 1591 2134 reperia-

888 2147 962 2181 tnr3
988 2144 1066 2184 qnid
1085 2144 1123 2184 si,
1147 2148 1279 2174 mutata
1304 2149 1432 2174 [nilum
1452 2144 1591 2176 distinc-

889 2193 992 2233 tione,
1009 2194 1057 2224 ita
1074 2194 1283 2224 scribamus?
1309 2195 1519 2225 Tentarerzsnt
1536 2195 1592 2227 hoc

887 2244 968 2274 idem
982 2262 1025 2266 -
1037 2247 1159 2283 postero
1173 2245 1241 2275 die:
1275 2246 1397 2275 eundem
1413 2245 1497 2275 nacti
1513 2249 1590 2276 tem-

885 2298 1046 2334 pestatem,
1061 2295 1170 2333 majori
1185 2295 1394 2337 cuinfiduciaz.
1419 2296 1472 2333 ᾃτ.
1522 2295 1591 2326 Ne-

889 2353 953 2384 que
971 2353 1050 2374 vero
1067 2344 1291 2381 reticendum,
1315 2345 1347 2374 in
1367 2346 1432 2374 his.
1451 2346 1592 2386 Elicnsi,

888 2394 1018 2424 omissis
1044 2399 1191 2434 quatuor
1215 2394 1383 2434 prioribus
1404 2394 1590 2435 vocabulis,

888 2444 1052 2484 scriptum
1085 2453 1181 2474 esse:
1222 2445 1351 2475 Postero
1383 2445 1434 2474 die
1464 2447 1591 2476 eandem

887 2496 971 2525 nacti
995 2497 1218 2535 tempestatem,
1241 2495 1351 2533 majori
1373 2505 1438 2525 cum
1456 2495 1591 2536 fiducia,

885 2547 937 2584 ²5⁴⁶·
963 2545 1070 2576 Clark.
1118 2545 1295 2585 Majorique
1310 2545 1494 2575 ediderunt
1510 2556 1589 2585 quo-

887 2605 952 2636 qne
978 2595 1021 2626 R.
1049 2596 1167 2635 Stepli.
1194 2600 1229 2625 et
1257 2595 1390 2635 Gryph.
1413 2595 1476 2625 Ed.
1502 2599 1589 2634 post.

889 2645 1089 2677 Ciaccouius
1116 2646 1238 2676 maluit
1267 2645 1435 2684 majorique
1454 2644 1588 2685 fiducia.

886 2695 954 2728 Sed
980 2699 1072 2727 amat
1094 2695 1199 2737 magis
1220 2695 1335 2727 Caesar
1359 2693 1485 2724 addere
1503 2702 1588 2734 prae.
