1850 3109
550 176 610 204 nii
646 173 760 203 wint
793 172 922 202 sumi
963 172 1195 202 eiusfinis,
1482 161 1595 203 1773

144 276 337 318 t'aitiscens,
362 273 538 310 manibus
557 273 690 322 proelio
712 272 931 309 subtractus
953 272 988 308 in
1009 270 1255 308 tabernaculo
1279 270 1492 319 reponitur:
1517 283 1592 307 non

144 346 269 376 tumen
291 337 482 374 omittitur
513 343 705 386 resumpta
739 335 930 373 defensio:
964 334 1260 371 frumentatores
1294 334 1437 370 interea
1470 347 1594 370 rever-

146 408 290 445 tuntur,
311 414 349 438 re
383 406 596 450 conspecta
631 400 762 443 territi,
784 407 820 437 et
854 399 945 450 quid
969 405 1083 444 agant
1105 398 1239 435 nescii:
1269 397 1404 434 ⁹f0rtos
1424 397 1593 434 adventu

142 464 290 501 iliorum
313 465 440 502 subito
462 465 640 514 permoti,
661 471 696 501 et
719 464 886 513 legiones
903 463 1063 500 reduces
1081 461 1240 511 opinati,
1263 461 1482 498 substitere:
1505 473 1595 496 mox

147 530 218 565 'Ore
238 530 390 577 cognita
413 529 619 578 paucitate,
643 541 741 576 quos
758 528 914 564 timuere
934 526 1154 575 despiciunt
1174 532 1291 574 utque
1313 524 1519 561 invadunt:
1545 523 1596 559 ibi

143 592 358 632 (tconsilia
379 592 540 635 diversa,
562 598 599 628 et
618 604 678 628 res
700 591 802 627 varie
823 596 930 635 gesta
950 595 1024 627 est:
1059 602 1144 638 pars
1165 587 1367 624 incolumis
1394 587 1481 637 Caji
1501 587 1596 624 Tre-

146 655 247 691 bonii
268 655 470 703 cujusdam
493 655 646 692 alterius
667 654 827 698 ducatu,
850 653 952 703 ipsos
981 665 1048 702 per
1069 652 1198 689 hostes
1221 652 1255 688 in
1277 658 1404 688 castra
1423 656 1597 700 penetra·

145 718 215 754 vit:
246 730 413 767 cunique
435 718 491 754 his
513 717 659 767 equites
688 724 726 754 et
759 717 911 754 calones
943 715 1051 753 multi
1086 716 1167 765 pari
1199 716 1343 764 impetu
1378 717 1450 751 ¹¹et
1472 719 1595 750 tutum

144 794 317 818 evasere:
348 781 459 831 [114]
481 794 567 831 pars
585 781 734 830 egregie
755 793 931 831 pugnans
954 780 1084 830 periit:
1115 792 1201 829 pars
1221 791 1352 815 corum
1381 778 1444 827 qui
1465 778 1499 814 iu
1521 777 1599 814 col-

144 845 215 882 lem
238 845 453 894 proximum
477 845 723 891 confugerant
761 844 868 881 ¹²vita
891 843 1072 881 comitum
1104 843 1254 886 virtute,
1277 854 1346 891 per
1363 854 1493 878 eorum
1515 854 1597 877 ves-

145 909 236 958 tigia
268 910 304 946 in
336 917 458 947 castra
492 909 672 946 festinans
694 909 797 946 saiva
827 908 1014 958 pervenit:
1046 920 1133 957 pars
1166 911 1361 956 praeventa
1380 912 1418 942 et
1436 905 1600 942 circum-

145 979 257 1008 venta
278 972 502 1022 procubuit.
560 972 717 1009 Barbari
737 972 986 1021 desperantes
1007 978 1132 1009 castra
1163 977 1205 1007 ut
1237 969 1481 1007 crediderant
1510 968 1599 1018 capi

147 1048 273 1085 posse,
308 1036 356 1072 ad
396 1036 547 1085 praedas
584 1049 678 1085 quas
716 1035 750 1072 in
790 1035 891 1072 silvis
930 1035 1230 1077 occultaverant,
1269 1039 1386 1082 atque
1423 1031 1512 1068 inde
1549 1031 1598 1068 ad

146 1099 306 1148 patriam
328 1106 417 1136 sunt
438 1100 591 1136 reversi.
651 1099 787 1147 Neque
810 1106 933 1136 tamen
956 1098 1131 1135 hostibus
1149 1097 1328 1147 digressis
1347 1096 1442 1134 abiit
1461 1108 1598 1145 pav0r;

147 1164 200 1200 sic
221 1163 356 1200 affixus
376 1164 542 1206 animus:
576 1168 615 1199 ut
650 1170 766 1199 nocte
787 1175 872 1211 quae
908 1162 1010 1197 hunc
1041 1173 1173 1198 casum
1206 1160 1378 1197 insecuta
1409 1166 1479 1204 est,
1503 1172 1601 1208 prae-

146 1227 284 1264 missus
305 1239 327 1262 a
347 1227 497 1264 Caesare
519 1225 639 1273 Cajus
662 1225 887 1268 Volusenus,
909 1224 974 1273 qui
994 1223 1170 1273 equitatu
1190 1222 1408 1266 adveniens,
1427 1229 1464 1260 et
1484 1223 1601 1270 impe-

148 1298 310 1328 ratorem
334 1303 422 1327 cum
443 1289 614 1327 exercitu
634 1288 839 1326 adventare
861 1288 1038 1325 nuntians
1059 1286 1172 1324 fidem
1189 1300 1264 1324 non
1280 1286 1477 1324 invenerit.
1535 1286 1599 1324 Sic

150 1357 270 1392 ¹³cuui
301 1355 477 1392 omnibus
511 1366 736 1404 persuasum
771 1358 865 1396 erat,
901 1352 1028 1389 deleto
1059 1351 1227 1388 exercitu
1261 1350 1404 1400 fugisse
1437 1349 1600 1399 equiteS‚

147 1431 273 1468 neque
309 1417 498 1454 *omnino
529 1417 636 1454 aliter
666 1424 790 1454 castra
809 1416 963 1466 aggredi
985 1428 1145 1452 ausuros
1167 1421 1209 1452 ut
1227 1413 1374 1452 dictum
1395 1420 1466 1451 est.
1522 1414 1600 1451 De-

146 1482 262 1532 nique
295 1481 387 1518 boni
418 1481 513 1518 nihil
546 1480 697 1530 penitus
728 1480 898 1529 cogitare
929 1477 1139 1523 audebant,
1172 1478 1209 1514 in
1240 1478 1408 1515 deterius
1429 1476 1600 1514 inciinati

148 1545 280 1582 animi:
311 1545 448 1581 mirum
483 1544 605 1586 valde,
645 1543 745 1580 unde
780 1542 884 1580 venit
916 1555 960 1579 ea
996 1541 1257 1579 consternatio
1295 1542 1330 1578 in
1369 1549 1447 1578 tam
1485 1540 1601 1578 fortoe

149 1609 265 1645 viros:
297 1608 367 1645 nisi
387 1607 534 1658 opinari
555 1608 686 1651 libeat,
717 1621 803 1644 cum
827 1607 990 1643 humana
1021 1605 1150 1643 omnia
1178 1605 1369 1642 instabilia
1400 1611 1502 1648 sunt,
1525 1617 1604 1642 esse

149 1672 299 1722 aliquas
321 1673 442 1716 horas,
462 1685 549 1722 quae
570 1678 790 1709 constantes
812 1683 968 1720 quoque
988 1670 1133 1707 animos
1152 1670 1209 1706 sui
1230 1669 1375 1706 oblitos
1395 1669 1605 1710 emolliant,

149 1748 194 1771 ac
216 1735 458 1784 perturbent:
486 1747 608 1784 neque
626 1748 713 1772 vero
735 1734 797 1772 hic
818 1740 942 1772 metus
964 1734 1149 1771 altissime
1169 1732 1362 1770 radicatus
1383 1732 1457 1768 ulla
1478 1745 1517 1769 re
1532 1731 1604 1768 alia

150 1798 331 1848 extirpari
369 1797 502 1847 quivit,
542 1811 659 1847 quam
695 1797 816 1847 ipsius
853 1797 1016 1834 Caesaris
1064 1809 1152 1833 cum
1200 1796 1370 1833 exercitu
1408 1794 1604 1832 redeuntis

150 1868 321 1911 aspectu,
343 1862 379 1897 iu
400 1874 478 1911 quo
498 1874 575 1898 uno
592 1861 712 1898 omnis
735 1861 920 1898 securitas
942 1861 1156 1898 habitabat.
1188 1861 1319 1897 Caesar
1333 1872 1423 1910 ergo
1438 1858 1603 1902 rediens,

150 1931 188 1962 et
209 1925 374 1962 foriunae
395 1926 470 1961 vim
491 1938 728 1974 casuumque
750 1925 974 1962 varietatem
1010 1925 1092 1961 ¹⁵ab
1113 1930 1247 1974 aperto
1268 1923 1338 1960 sibi
1371 1923 1605 1960 notissimam

150 1988 389 2040 recognovit,
411 1987 447 2024 in
467 2001 512 2025 eo
536 1988 711 2033 maxime,
744 1996 781 2025 et
810 1987 915 2037 quod
951 2000 997 2024 eo
1032 1994 1172 2037 praeter
1203 2000 1354 2024 omnem
1383 1986 1604 2037 opinionem

154 2053 338 2090 barbaros
359 2051 597 2097 adduxisset,
631 2050 709 2089 ¹⁶ut
743 2051 830 2088 inde
860 2065 925 2088 eos
961 2064 1057 2102 pene
1085 2051 1170 2099 jam
1202 2051 1280 2087 voti
1312 2057 1510 2100 compotes
1539 2049 1606 2086 ab-

154 2116 368 2154 straxisset:
412 2115 495 2152 haec
527 2122 570 2152 ut
601 2115 819 2152 communia
850 2128 926 2152 non
959 2115 1161 2159 admirans,
1196 2128 1315 2152 unum
1350 2128 1423 2151 non
1457 2118 1606 2163 poterat

152 2191 229 2216 non
268 2178 415 2221 miram
461 2178 562 2215 unde
602 2178 685 2215 haec
718 2178 888 2215 barbaris
927 2178 1073 2214 consilii
1110 2184 1214 2214 tanta
1253 2178 1413 2214 mutatio
1453 2179 1530 2213 ¹⁷ut
1569 2175 1604 2212 iii

153 2241 316 2294 gratiam
360 2242 622 2278 Romanorum
653 2241 699 2279 ad
732 2241 977 2291 populandos
1006 2242 1228 2278 Eburonum
1263 2240 1358 2277 fines
1391 2248 1429 2277 et
1449 2239 1608 2277 Ambio-

152 2307 271 2356 rigem
291 2304 599 2354 persequendum
622 2311 815 2347 venerant,
837 2303 885 2341 ad
911 2304 1166 2353 oppugnanda
1188 2304 1360 2340 Romana
1381 2303 1604 2345 ‘Sconversh

154 2368 371 2418 Ambiorigi
391 2375 508 2418 atque
543 2367 770 2405 ¹9Ebur0nis
792 2367 1039 2416 gratissimam
1070 2380 1149 2404 rem
1180 2366 1375 2404 fecissent.
1403 2366 1515 2417 [115]
1546 2367 1606 2403 De

152 2433 300 2482 reliquo
322 2432 427 2482 quod
449 2438 584 2469 contra
603 2445 710 2468 suum
742 2437 986 2481 praeceptum
1007 2431 1183 2468 cohortes
1205 2431 1242 2468 in
1265 2430 1437 2481 praedam
1458 2430 1606 2468 emissa:

197 2530 216 2558 9
242 2528 344 2568 Lege,
369 2528 567 2558 hostes.—-10
592 2528 706 2565 Forte,
735 2527 993 2566 recognita—lt
1020 2527 1124 2566 Lege,
1152 2527 1284 2557 ivn—12
1309 2526 1415 2566 Lege,
1443 2524 1605 2554 visa—13

157 2581 256 2621 Lege,
272 2581 450 2611 enim—14
464 2582 568 2620 Lege,
584 2581 806 2611 Germanos.--
816 2583 853 2610 15
870 2580 988 2617 Forte,
1003 2580 1086 2617 olim,
1099 2584 1160 2611 aut
1172 2579 1279 2611 simile
1292 2578 1472 2618 quid.-16
1488 2577 1606 2613 Forte,

155 2637 183 2664 et
200 2634 365 2665 inda—H
389 2634 507 2673 Forte,
522 2637 555 2664 ut
571 2634 622 2674 qui
639 2633 766 2664 ἐγω-18
783 2632 998 2673 Addendum,
1014 2636 1214 2665 castra—19
1238 2633 1344 2672 Lege,
1363 2627 1564 2660 Eburonibus.
