1850 3109
249 174 362 217 1432

247 289 322 321 Nec
335 289 512 331 quisquam
538 291 630 323 aliud
655 303 802 335 unquam
830 296 946 327 sensit.

247 339 325 370 Non
362 344 475 370 tamen
505 340 578 372 haec
614 343 719 373 verba
746 354 947 385 quemquam

244 390 555 422 Commentatorum
604 391 777 424 offendere
820 401 946 435 praeter

244 439 509 481 Hotomannum,
539 442 593 472 cui
611 447 721 473 tamen
737 443 820 474 nihil
841 444 874 474 in
905 454 946 475 eo

248 495 427 522 tentatum.
472 491 584 522 Credo
603 492 680 532 quia
703 493 838 524 codices
863 494 945 525 nihil

244 541 433 572 mutabant.
461 541 534 581 Ego
551 541 776 574 inveteratum
798 553 945 576 errorem

244 591 339 628 tollo,
355 596 391 622 et
424 591 498 631 lego
521 592 692 630 hujusmodi
717 594 853 626 militum
876 606 945 626 con-

241 641 322 671 siliis
337 642 494 680 negotium
512 643 647 674 maxime
658 645 848 676 contrarium
871 656 944 678 esse.

243 690 315 722 Aut
352 692 379 722 si
428 701 495 723 non
532 694 658 733 pateris
689 695 766 726 addi
803 695 943 737 aliquid,

243 741 407 781 rescribo,
441 745 519 784 quod
563 745 734 783 luousmodi
770 747 943 788 consilium,

241 792 376 823 militum
405 795 470 825 otio
500 797 634 827 mua-ime
661 798 852 829 contrarium
881 809 944 830 esse

240 841 481 875 arbitrarentur.
528 846 602 876 Nisi
615 847 711 877 malis
729 857 793 879 una
810 853 943 880 tantum

241 901 324 924 voce
342 895 558 935 transposita,
573 898 653 935 quod
672 897 842 935 huiusmodi
872 909 941 930 con-

239 941 331 982 siliis,
344 943 477 975 militum
493 946 591 977 otium
604 947 738 979 maxime
753 950 944 980 contrarium

239 1000 303 1022 esse
339 991 581 1026 arbitrarentur.
635 996 680 1027 Et
708 1006 788 1028 sane
819 999 943 1038 passim

239 1039 273 1070 in
298 1040 444 1072 Caesaris
471 1043 643 1075 codicibus
657 1044 772 1077 videas
790 1051 943 1088 transpo-

239 1090 324 1122 sitas
341 1090 462 1124 'voce-s,
517 1093 572 1125 Sic
600 1094 687 1126 infra
712 1096 770 1127 ubi
794 1097 940 1137 legitur:

238 1139 247 1157 ‘
266 1141 412 1172 Multum
426 1142 468 1173 ad
481 1143 567 1174 hauc
579 1153 649 1175 rem
665 1146 871 1185 probandam
885 1148 942 1178 ad-

233 1190 335 1231 juvat
352 1193 596 1234 adolescentia,
614 1196 810 1235 magnitudo
828 1198 941 1238 animi,

239 1242 423 1282 superioris
453 1245 614 1284 temporis
640 1247 848 1287 p1·oveutus‚'
875 1250 940 1280 διε.

239 1290 410 1333 Con-rupte
427 1292 461 1323 in
478 1294 666 1325 Petaviano
690 1299 735 1326 est
762 1298 941 1336 magnitudo

236 1343 404 1382 superioris
438 1344 548 1384 animi,
584 1347 730 1386 temporis
762 1351 941 1387 proventus.

237 1392 305 1423 Sed
326 1393 399 1433 jam
416 1398 452 1426 et
468 1395 605 1426 tertium
620 1398 801 1437 succurrit,
817 1403 853 1429 ut
879 1408 941 1439 pro

236 1443 335 1474 otium
365 1453 511 1484 reponas
537 1446 694 1486 praelium.
749 1448 941 1489 Scripserat

237 1494 310 1535 quis
320 1494 474 1533 proelium,
488 1497 651 1536 temporis
670 1502 784 1529 tractu
802 1498 941 1530 inferior

238 1553 317 1584 pars
339 1544 449 1576 literae
472 1555 495 1585 p
527 1547 688 1579 evanuit:
727 1548 806 1579 inde
843 1549 938 1580 nobis

230 1596 327 1626 otium
343 1596 429 1628 illud
452 1598 631 1638 negotium
646 1600 788 1631 creavit.
835 1601 939 1632 Certe

234 1654 308 1676 eam
334 1645 367 1676 in
389 1652 537 1678 mentem
555 1648 626 1689 ipse
645 1649 750 1681 Curio
768 1650 858 1691 apud
876 1651 940 1681 Lu-

237 1705 381 1728 canum:
412 1698 421 1714 ‘
439 1699 567 1729 variam
598 1709 733 1740 semper
760 1700 843 1732 dant
869 1701 940 1732 otia

234 1750 395 1778 mentem.
458 1748 563 1789 Eripe
595 1750 771 1780 consilium
803 1760 937 1791 pugna:

234 1806 312 1828 cum
329 1797 404 1828 dira
419 1798 576 1829 voluutas
594 1799 682 1830 Ense
695 1799 786 1831 subit
804 1810 939 1842 prenso,

234 1847 340 1888 galeae
359 1852 476 1879 texere
492 1848 669 1889 pudorem,
683 1850 767 1882 Quis
781 1851 939 1882 conferre

235 1897 338 1929 duces
354 1898 528 1930 meminit?
542 1899 614 1939 quis
628 1900 777 1939 pendere
789 1910 906 1932 causas
917 1902 939 1933 ?’

238 1948 374 1980 Vossius.
418 1949 546 1980 Locum
562 1950 650 1981 hunc
663 1956 860 1991 corruptum
877 1962 938 1992 pu-

232 1998 320 2029 tavit
343 1999 399 2030 Fr.
414 1999 662 2040 Hotomannus,
691 2000 722 2031 ei
748 2006 862 2033 autem
888 2013 937 2034 sa-

234 2047 346 2080 nando
373 2049 461 2079 solus
486 2058 623 2090 operam
655 2049 752 2082 dedit
792 2052 936 2094 Dionys,

231 2098 382 2138 Vossius,
394 2098 451 2140 qui
467 2099 601 2140 reponit
616 2099 789 2139 hujusmodi
803 2102 937 2134 militum

230 2149 367 2180 corzsiliis
392 2149 550 2189 negotium
584 2151 722 2181 maxime
747 2154 936 2183 contrarium

231 2208 304 2239 esse,
320 2203 378 2230 aut
400 2200 478 2240 quod
499 2199 671 2239 hujusmodi
691 2202 850 2233 consilium
871 2203 935 2234 otio

231 2250 366 2280 maxime
377 2251 580 2289 contrarium,
597 2255 655 2281 aut
677 2252 850 2290 hujusmodi
865 2264 934 2285 con-

230 2298 321 2338 siliis,
348 2299 483 2330 militum
510 2300 608 2331 otium
637 2302 782 2342 maxime,
797 2304 849 2342 ⁸5⁰·
876 2309 936 2336 aut

233 2349 390 2390 denique,
408 2351 542 2391 vulgata
566 2352 712 2384 lectione
735 2354 769 2384 in
798 2355 935 2396 reliquis

233 2404 380 2438 servata,
408 2400 482 2431 loco
508 2402 578 2440 otii,
602 2404 746 2442 proelium
769 2405 934 2438 rescribit.

230 2449 295 2479 Tot
310 2449 516 2489 conjectura=
534 2462 576 2482 ex
587 2462 627 2483 eo
640 2459 718 2485 sunt
730 2458 831 2495 natae,
845 2457 934 2496 quod

231 2497 444 2538 σόνταξινηοιι
455 2500 676 2543 intellexerit,
685 2504 710 2534 si
720 2505 807 2535 enim
818 2515 934 2537 vocem

231 2549 368 2579 consiliis
395 2554 492 2580 sexto
517 2560 595 2582 casu
620 2553 836 2594 accipiamus,
853 2556 933 2587 nihil

232 2599 300 2630 erit
316 2608 411 2640 opuS,
425 2604 463 2631 ut
474 2601 637 2633 Codicum
653 2604 854 2644 scripturam
872 2607 934 2637 sol-

232 2649 413 2681 licitemus.
437 2651 561 2682 Sensus
579 2658 644 2691 est,
663 2653 750 2685 inter
766 2656 836 2686 liaec
850 2657 933 2687 mili-

233 2705 303 2731 tum
321 2700 463 2732 consilia
489 2702 594 2733 otium
621 2705 765 2736 maxime
797 2716 931 2747 nocere,

233 2755 270 2781 ut
286 2756 382 2783 reete
399 2751 502 2783 etiam
519 2752 607 2785 vidit
633 2755 733 2787 Joan.
758 2757 931 2788 Freinshe-

231 2799 316 2833 mius
331 2800 374 2833 ad
400 2802 508 2834 Curtii
529 2811 594 2835 vu.
619 2807 647 2836 1.
684 2805 795 2838 Daris.
841 2808 927 2841 Cum

702 189 843 220 NOTAE
884 191 1146 222 VARIORUM
1189 193 1240 222 IN

996 286 1139 318 militum
1166 287 1445 319 tumultuantium
1467 288 1615 321 consiliis
1630 291 1696 322 oti-

998 347 1053 367 um
1079 338 1258 369 manifesto
1290 349 1356 370 non
1387 341 1605 381 eontrarium,
1634 342 1695 373 sed

995 390 1140 420 maxime
1172 396 1400 430 opportunum
1428 391 1492 430 sit;
1523 401 1584 432 pro
1610 401 1696 424 voce

993 440 1102 479 otium,
1119 441 1349 480 reponendum
1368 441 1540 472 existimat
1556 442 1695 474 Vossius

995 490 1048 519 vel
1078 491 1236 529 negotium
1266 492 1319 522 vel
1348 492 1503 531 proelium.
1569 492 1694 524 Verum

995 549 1071 578 ego,
1102 541 1200 572 unica
1230 545 1359 572 tantum
1389 546 1521 574 mutata
1550 542 1697 583 Merula,

995 590 1189 630 scripserim
1204 591 1326 631 potius,
1345 592 1433 626 Quod
1444 592 1535 633 (scil.
1551 593 1697 626 hostium

995 645 1108 671 eastra
1119 641 1338 681 oppugnandi
1356 642 1563 683 propositum
1578 643 1605 684 3)
1630 645 1697 684 vel,

997 690 1085 725 Quod
1098 691 1130 720 511
1143 692 1201 732 (ex
1219 691 1286 722 Ms.
1302 691 1386 732 Reg.
1407 692 1463 732 qui
1479 693 1594 733 habet,
1614 696 1697 734 quod

993 739 1049 781 i2‘‚)
1078 740 1252 779 hujusmodi
1285 742 1420 773 militum
1448 743 1597 783 consiliis,
1637 754 1698 776 om-

993 791 1079 821 nium
1110 790 1200 832 (quae
1226 801 1291 822 vox
1319 792 1353 822 in
1370 792 1454 823 Mss.
1484 793 1588 824 scribi
1609 795 1699 826 solet

995 840 1097 872 onium
1114 846 1149 872 et
1177 851 1293 880 parum
1318 841 1497 874 admodum
1515 842 1628 874 differt
1651 844 1695 876 ab

993 893 1105 934 otium)
1128 894 1260 925 maxime
1275 895 1465 926 contrarium
1479 905 1540 926 esse
1562 895 1697 928 arbitra-

993 947 1113 975 rentur.
1175 944 1241 975 Sed
1271 954 1380 986 neque
1408 946 1469 976 liae
1498 946 1697 986 conjectura

995 1002 1079 1033 opus
1105 994 1193 1031 erit3
1231 999 1267 1026 et
1295 995 1433 1026 retineri
1465 997 1594 1036 poterit
1622 996 1697 1037 ipsa.

993 1044 1130 1084 vulgata
1157 1045 1283 1083 leeti03
1308 1045 1348 1083 si,
1366 1055 1441 1076 cum
1464 1046 1695 1079 Freinshemio

991 1097 1027 1125 et
1050 1095 1202 1133 Davisio,
1227 1105 1327 1127 voees
1343 1095 1435 1135 istas,
1450 1096 1623 1135 hujusmodi.
1637 1097 1696 1128 mi-

991 1144 1083 1175 litum
1113 1145 1261 1183 consiliis,
1293 1146 1340 1176 ita
1379 1146 1630 1186 interpreteris,
1658 1150 1696 1178 ut

991 1193 1084 1226 dieat
1101 1195 1227 1234 Cacsar,
1243 1196 1275 1226 iu
1290 1196 1460 1234 hujusmodi
1485 1197 1620 1228 consiliis
1639 1198 1694 1228 vel

989 1244 1072 1275 iuter
1087 1245 1258 1284 hujusmodi
1272 1246 1412 1285 consilia,
1425 1246 1530 1277 otium
1546 1247 1692 1278 maxime

990 1295 1126 1326 noxium
1165 1305 1251 1327 esse.
1318 1297 1426 1327 Favet
1465 1297 1615 1329 nonnihil
1647 1297 1694 1338 id,

992 1345 1081 1385 quod
1110 1345 1144 1376 in
1171 1346 1382 1377 Ms.E1iens.
1413 1345 1503 1378 forte
1531 1347 1692 1388 repperi;

992 1403 1112 1435 nempe
1137 1396 1335 1428 vocabulum
1369 1397 1402 1428 in
1443 1397 1476 1428 in
1517 1398 1692 1438 superiore

991 1445 1142 1485 proxima
1168 1446 1256 1477 linea
1283 1451 1362 1478 ante
1387 1457 1505 1479 vocem
1530 1452 1691 1489 castraque

990 1495 1065 1526 loco
1115 1496 1225 1527 alieno
1274 1497 1476 1537 irrepsisse;
1522 1498 1607 1529 adeo
1655 1503 1694 1531 ut

989 1544 1071 1585 fingi
1087 1550 1190 1586 queat
1212 1547 1308 1578 initio
1331 1548 1493 1588 seriptum
1517 1547 1634 1587 fuisse,
1658 1549 1691 1580 in

989 1596 1161 1634 hujusmodi
1191 1597 1324 1628 militum
1353 1598 1497 1629 consiliis.
1549 1598 1693 1631 Judicet

989 1649 1099 1679 lector
1124 1648 1289 1680 eruditus.
1323 1650 1431 1682 Clark.
1475 1651 1691 1683 Destinetio-

989 1709 1031 1730 ne
1054 1699 1129 1740 juvi
1155 1700 1279 1740 locum,
1308 1700 1418 1732 donec
1447 1701 1574 1733 certius
1604 1702 1686 1743 quid

990 1748 1149 1780 adferant
1174 1750 1258 1780 Mss.
1274 1750 1410 1781 consiliis
1425 1750 1558 1782 militum
1572 1755 1615 1782 ot.
1638 1755 1691 1783 est

989 1798 1022 1829 in
1035 1800 1160 1831 Lovan.
1179 1800 1274 1831 Leid.
1291 1809 1359 1831 sec.
1377 1806 1412 1831 et
1428 1801 1574 1832 Dorvill.
1610 1802 1691 1833 For-

989 1859 1048 1880 san
1064 1849 1138 1890 quis
1166 1855 1298 1891 quaerat
1323 1850 1478 1881 mendam
1504 1850 1537 1880 in
1564 1859 1599 1880 v.
1620 1862 1689 1882 con-

988 1899 1132 1938 trarium,
1164 1899 1199 1937 *si
1237 1904 1348 1930 tamen
1379 1899 1459 1940 quid
1491 1900 1689 1932 mutandum

989 1953 1061 1986 est;
1086 1953 1120 1979 et
1151 1958 1217 1979 non
1245 1949 1357 1989 potius
1379 1950 1567 1981 contrarium
1583 1951 1690 1991 expli-

987 1998 1130 2030 candum
1153 2008 1214 2039 per
1241 1999 1365 2038 infesto,
1394 2000 1506 2037 ηυπὶο,ι
1531 2004 1566 2030 et
1594 2001 1691 2031 consi-

986 2048 1099 2088 liis-‚ut
1117 2048 1202 2080 bene
1219 2054 1357 2080 monent
1374 2049 1434 2079 viri
1448 2049 1552 2088 docti,
1567 2049 1601 2080 in
1619 2049 1688 2080 Ab·

987 2098 1092 2130 lativo
1118 2100 1325 2130 sumendum.
1371 2100 1412 2129 V.
1431 2100 1482 2131 Cl.
1509 2100 1625 2130 Burm.
1644 2100 1687 2130 ad

986 2147 1121 2179 Pliaedr.
1139 2149 1175 2179 F.
1200 2152 1252 2179 68.
1281 2151 1289 2165 ‘
1309 2148 1451 2179 inveniri
1476 2149 1687 2180 contrarios?

989 2198 1132 2228 (lonsiliis
1148 2198 1273 2229 dicitur
1290 2199 1359 2229 sine
1377 2198 1629 2239 praeposifione,
1651 2202 1689 2230 ut

985 2248 1127 2288 imperio,
1154 2248 1325 2287 dcfectione
1350 2253 1386 2279 et
1411 2248 1488 2280 alia.
1531 2249 1620 2280 Vide
1644 2248 1686 2280 ad

985 2299 1026 2330 B.
1044 2299 1088 2330 G.
1106 2308 1149 2331 11.
1169 2302 1196 2329 l.

1027 2352 1047 2380 6
1070 2350 1134 2380 Per
1151 2349 1297 2380 virtutem
1319 2348 1390 2379 belli
1408 2348 1572 2386 fortunam
1597 2358 1687 2389 expc-

984 2399 1060 2439 rirt‘]
1076 2400 1168 2430 Male
1182 2400 1307 2430 Brutus
1325 2399 1445 2439 probat
1461 2408 1479 2429 e
1493 2399 1686 2430 Carrarien-

985 2449 1010 2479 si
1038 2450 1185 2480 virtutem
1211 2449 1280 2479 belli
1299 2448 1431 2487 fortuna
1459 2459 1485 2480 e.
1534 2449 1686 2488 Experiri

975 2498 1140 2536 fortunam
1166 2499 1236 2529 belli
1263 2499 1389 2530 locutio
1414 2503 1466 2529 est
1490 2498 1619 2539 optima
1648 2503 1683 2529 et

983 2548 1155 2590 frequens.
1203 2549 1291 2579 vide
1309 2548 1351 2579 ad
1368 2549 1407 2579 B.
1426 2548 1469 2579 G.
1488 2556 1544 2579 ιιι.
1561 2551 1591 2579 3.
1608 2549 1683 2579 ‘rei

983 2605 1140 2631 eventum
1157 2599 1331 2639 experiri.y
1357 2600 1420 2629 Per
1432 2599 1579 2629 virtutem
1594 2599 1684 2630 idem

982 2655 1047 2689 est,
1064 2659 1103 2680 ac
1127 2648 1207 2681 forti
1223 2650 1345 2689 animo,
1370 2650 1564 2689 pugnando,
1587 2650 1680 2682 Hirt.

982 2701 1023 2730 B.
1039 2699 1145 2731 Afric.
1161 2709 1191 2732 c.
1208 2702 1261 2730 94.
1279 2701 1288 2716 ‘
1306 2707 1341 2730 ut
1352 2710 1407 2739 per
1420 2700 1565 2730 virtulem
1580 2700 1684 2732 inter-

982 2749 1064 2781 fecti
1095 2760 1169 2781 esse
1198 2750 1419 2781 viderentur!
1477 2751 1616 2782 Sallust.
1645 2751 1681 2783 in

981 2802 1081 2834 Catil.
1100 2812 1130 2834 c.
1144 2804 1197 2835 20.
1220 2802 1228 2818 ‘
1244 2802 1366 2834 Nonne
1383 2801 1488 2833 emori
1508 2811 1567 2842 per
1581 2803 1680 2835 virtu-
