1850 3109
380 212 474 243 Lm.
496 210 570 242 111.
603 210 710 241 CAP.
732 198 802 241 14.

101 311 138 339 et
153 306 372 340 nocentiores
398 305 507 336 minus
533 304 707 344 eleganter
730 302 800 334 cdi-

100 357 238 398 derunt,
246 355 364 397 positis.
389 355 496 384 Clark.
536 354 683 393 Inpositis
699 358 751 383 cst
768 362 800 384 e-

99 408 182 439 tiam
199 407 233 437 in
251 406 333 437 Mss.
345 404 431 435 Scal.
446 403 556 434 Palat.
583 403 689 443 Boug.
705 402 802 433 Leid-

99 456 246 494 ensibus,
276 456 373 485 Voss.
400 454 546 485 Dorvill.
577 453 664 484 Edd.
699 453 800 483 Vasc.

98 507 216 548 Steph.
229 508 292 536 otc.
306 504 428 541 Aldus,
441 500 570 544 Gryph.
585 503 708 544 aliique
722 507 800 533 ante

99 555 385 595 Scaligerumjam
403 554 571 585 dederunt
585 554 710 594 positis,-
734 553 800 584 fie-

98 606 215 648 queuti
240 604 448 636 confusione.
495 604 543 635 Ut
561 604 675 634 videre
699 609 751 634 cst
767 603 799 634 in

97 656 244 687 Miscell.
290 655 438 686 Observ.
458 655 532 686 Vol.
550 663 605 685 ιιι.
623 665 655 694 p.
673 657 746 684 399.
765 659 800 685 et

94 707 185 739 notis
203 708 253 738 Cl.
271 706 449 738 Drakenb.
464 706 505 736 ad
521 705 650 736 Livium
668 706 689 735 1.
705 714 728 735 ι.
749 708 798 736 18.

97 760 129 789 8.
161 758 283 797 passim
309 762 420 787 autem
452 755 579 786 ibidem
614 765 799 796 cognosces

95 807 251 847 imponere
265 816 342 837 cum
362 806 553 836 Accusandi
580 815 659 836 casssu
680 805 797 845 jungi:

100 860 203 898 atque
233 857 281 887 ita
316 857 400 887 Mss.
433 856 570 897 quidam
594 855 721 886 habent
756 856 797 886 B.

97 906 142 938 G.
167 916 191 938 1.
207 910 260 938 42.
292 907 302 924 ‘
317 907 350 937 in
364 916 420 937 eos
444 907 506 947 (sc.
534 905 653 947 equos)
673 906 798 936 milites

94 956 258 997 inponere
272 956 292 987 ε’
315 956 372 987 nbi
398 961 512 987 tamen
533 966 567 987 eo
589 956 798 987 retinendum

97 1015 233 1038 censeo.
278 1006 442 1037 Nonnulli
472 1006 541 1036 illic
573 1005 681 1036 minus
714 1006 798 1036 bene

95 1047 150 1086 eis.
180 1056 252 1087 Liv.
276 1065 317 1087 ιι.
345 1059 398 1087 64.
423 1057 433 1073 ‘
452 1055 650 1087 Cornicines
678 1055 799 1086 tubici-

95 1115 223 1147 nesque
248 1106 280 1135 in
309 1115 412 1145 equos
441 1105 639 1145 inpositos:’
664 1106 721 1136 ubi
748 1105 800 1135 iti-

96 1154 173 1186 dem
201 1155 338 1186 consule
364 1155 541 1185 Drakenb.
561 1155 676 1185 Valer.
703 1156 798 1186 Max.

95 1212 121 1236 1.
141 1207 170 1236 1.
187 1204 203 1244 §
225 1207 275 1235 10.
298 1205 307 1221 ‘
326 1204 366 1235 In
384 1204 417 1235 id
429 1205 493 1245 (sc.
509 1203 717 1244 plaustrum)
737 1204 798 1234 vir-

95 1254 190 1295 gines
206 1258 241 1285 et
254 1264 348 1285 sacra
360 1254 528 1295 inposita.’
572 1254 711 1286 Dicitur
729 1254 797 1295 qui-

95 1303 174 1335 dem
195 1313 306 1343 ponere
329 1304 361 1334 in
386 1304 515 1344 aliquid,
531 1307 570 1334 ut
588 1303 798 1335 ostendimus

97 1353 141 1385 ad
163 1353 351 1385 Hirt.v1n.
374 1356 428 1384 46.
475 1354 601 1385 Verum
627 1362 692 1383 non
718 1352 797 1383 inde

97 1404 260 1445 sequitur,
272 1408 402 1436 rectum
419 1413 493 1435 esse
502 1413 615 1444 ponere
637 1403 753 1433 milites
765 1403 799 1433 in

96 1463 198 1486 naves,
244 1454 426 1494 Proprium
437 1453 515 1484 huic
530 1454 578 1484 rei
593 1453 732 1484 verbum
747 1458 799 1484 est

95 1503 257 1544 inponere.-
295 1509 332 1535 ut
359 1504 413 1535 vel
441 1503 553 1534 multis
582 1503 665 1534 locis
689 1504 798 1535 nostri

99 1553 243 1585 Caesaris
274 1557 381 1593 patet.
410 1563 439 1584 c.
471 1556 522 1584 62.
548 1552 747 1593 ‘Aggerem
764 1553 798 1583 in

96 1605 239 1644 scaphas
264 1603 422 1644 inponit!
446 1613 477 1635 c.
501 1606 574 1635 103.
598 1605 607 1621 ‘
625 1604 702 1634 atris
718 1613 799 1644 pon-

97 1655 178 1686 dere
195 1655 229 1685 in
247 1664 349 1685 naves
365 1654 534 1695 inposito!
568 1655 609 1685 B.
627 1653 797 1685 Alexand.

98 1714 127 1736 e.
145 1707 176 1735 9.
200 1703 274 1735 Afr.
292 1714 322 1735 c.
339 1707 370 1734 2.
388 1707 458 1742 54.;
483 1704 540 1734 ubi
557 1705 666 1744 plura.
710 1704 799 1735 Vide

98 1753 202 1786 etiam
217 1755 341 1794 Cuper.
370 1753 452 1785 obs.
468 1762 524 1784 ιιι.
542 1756 572 1784 3.
590 1758 627 1785 et
644 1763 718 1794 quae
735 1753 800 1784 dis-

98 1804 235 1846 putabit
272 1804 362 1835 Clar.
410 1803 587 1835 Drakenb.
632 1804 675 1834 ad
713 1804 801 1835 Livii

98 1863 202 1886 xxw.
218 1857 271 1886 51.
295 1856 305 1870 ‘
324 1854 542 1885 Senatoribus
565 1854 599 1885 in
617 1863 736 1885 navem
753 1854 800 1884 in-

97 1904 241 1946 positis!
270 1905 393 1936 Vellei.
418 1913 459 1936 11.
490 1907 540 1935 19.
563 1907 596 1936 4.
620 1906 629 1921 ⁴
649 1904 800 1935 Instruc-

96 1958 170 1987 tum
186 1965 260 1986 eum
276 1955 402 1985 viatico
427 1955 462 1985 in
487 1964 606 1985 navem
633 1954 800 1995 imposue-

96 2006 200 2039 runt.'
239 2007 386 2047 Vulgata
402 2006 505 2038 lectio
520 2007 658 2047 egregie
674 2005 802 2037 firmari

96 2060 214 2098 posset
227 2057 302 2088 loco
320 2056 457 2088 Catonis
480 2056 569 2096 apud
588 2055 734 2087 Nonium
757 2056 800 2088 V.

98 2106 262 2138 Putidum.
300 2107 308 2123 ‘
329 2105 416 2137 Indu
433 2106 526 2137 navis
546 2105 680 2147 putidas
697 2110 800 2147 atque

99 2157 287 2187 senticosas
313 2161 538 2187 commeatum
562 2166 690 2197 ponere
713 2158 802 2188 vole-

99 2205 182 2237 bat!
218 2205 254 2236 Si
267 2214 348 2236 vera
361 2211 414 2235 est
432 2206 623 2236 emendatio
639 2207 742 2246 Lipsii
754 2207 802 2237 sic

98 2255 243 2296 legentis
260 2256 366 2295 Epist
381 2257 511 2287 Quaest.
527 2264 560 2286 v.
573 2258 604 2286 2.
618 2256 803 2296 vulgoinde

97 2305 230 2345 igvtavus
255 2310 291 2336 et
317 2308 487 2336 commeatu
509 2315 649 2336 monere:
684 2306 743 2336 sed
769 2311 804 2337 et

98 2355 196 2387 illic
184 2366 328 2396 inponere
343 2366 440 2396 ’ἄφιε
457 2356 619 2387 substitut
639 2361 766 2397 posset.

143 2408 164 2437 2
189 2407 347 2441 Quantum
371 2407 495 2437 narium
506 2407 692 2444 facultatem
714 2407 804 2439 Imbe-

100 2456 165 2495 bat,
178 2467 270 2488 naves
284 2457 391 2497 son-it]
416 2459 505 2496 Lego
517 2461 663 2498 quantum
678 2460 805 2490 navium

101 2506 243 2546 habebat,
253 2508 354 2538 solvit.
383 2507 466 2537 Nam
483 2508 567 2539 illud
580 2519 670 2540 naves
686 2519 704 2539 a
721 2510 804 2547 glos-

103 2561 232 2587 semate
249 2566 320 2587 esse
344 2562 473 2588 certum
497 2558 616 2590 liabeo.
662 2559 761 2591 Quod
779 2560 805 2590 si

95 2603 262 2642 facultatis
277 2616 391 2637 vocem
410 2610 559 2648 expungi
576 2619 640 2639 non
666 2610 805 2649 pateris,

105 2656 363 2695 emendandum,
378 2661 522 2697 quantam
540 2658 806 2696 naviumfacalla-

105 2708 169 2736 tem
193 2706 334 2745 habebat,
348 2709 450 2739 solvit.
497 2709 694 2740 ciacconius
717 2710 806 2747 lege-

836 210 899 240 DE
933 209 1089 240 BELLo
1121 212 1295 242 οινιιι.
1435 204 1549 248 1457

852 302 972 342 habuit,
1005 314 1098 335 nares
1125 305 1228 336 solvit.
1284 305 1405 338 Metuo
1435 316 1477 339 ne
1509 310 1558 341 in-

852 354 987 393 geniose
1012 356 1130 395 magis,
1159 366 1259 397 quam
1292 366 1383 389 vere.
1422 358 1557 392 Vossius.

852 404 959 436 Gabr.
980 405 1128 436 Faernus
1146 407 1278 445 reponit
1303 417 1393 446 quam
1416 411 1482 439 tum
1501 419 1557 440 na-

852 454 946 491 vium,
961 457 1014 494 ὅγε.
1034 465 1131 494 quam
1152 456 1426 488 emendationem
1455 467 1490 489 se
1508 459 1558 490 in-

852 504 1006 544 telligere
1026 510 1126 543 nogat
1141 506 1195 536 Fr.
1215 505 1461 538 Hotomannus.
1494 509 1559 540 Le·

852 555 901 594 sit
929 560 1040 586 autem
1071 557 1283 595 Ciacconffis,
1307 568 1396 598 quam
1421 559 1559 598 primum

850 605 1018 643 navigandi
1027 606 1219 643 facultatem
1245 607 1366 647 habuit,
1391 619 1484 639 naves
1497 610 1558 640 sol-

850 654 907 684 rit.
942 655 1014 687 Jos.
1051 656 1201 695 Scaliger
1235 656 1327 688 delet
1354 658 1557 695 facultatem.

854 706 994 746 Dionys.
1011 707 1131 738 Vossio
1148 709 1260 748 placet
1272 713 1417 748 quautam
1433 712 1560 742 navium

850 756 993 793 habebat,
1023 758 1138 793 solt-im
1172 762 1232 788 aut
1256 762 1406 797 quantam
1433 761 1559 792 navium

842 804 1030 842 facultatem
1055 806 1196 847 habebat,
1221 807 1323 838 solvit.
1384 809 1559 842 Audacter

850 855 948 886 nimis
978 865 1105 886 omnes.
1153 857 1261 896 Lego,
1287 857 1424 888 minima
1447 863 1557 890 muta·

850 906 955 946 tione,
971 917 1101 947 quarum
1116 907 1241 938 narium
1257 907 1447 946 facultatem
1467 909 1559 941 habe·

849 956 914 995 bat,
928 967 1020 987 naves
1035 957 1138 988 solrit.
1193 958 1423 988 Vehementer
1444 958 1557 999 fallor,

850 1006 914 1036 nisi
939 1007 972 1045 ii,
999 1007 1120 1047 quibus
1144 1012 1224 1038 nota
1247 1014 1299 1038 est
1315 1009 1457 1039 Caesaris
1480 1009 1556 1049 ἆφε·

850 1055 956 1092 λότης,
981 1057 1066 1086 lianc
1092 1057 1364 1088 emendationem
1393 1064 1558 1092 censeant

851 1107 1134 1145 amplectendam.
1177 1107 1288 1138 Daris.
1330 1108 1401 1148 Ego
1429 1110 1557 1141 nullam

850 1156 985 1187 omuino
1002 1157 1273 1187 emendationem
1302 1168 1386 1197 opus
1409 1169 1483 1190 esse
1501 1170 1560 1191 ex·

848 1206 978 1243 istimo;
1009 1206 1081 1245 sed,
1107 1210 1239 1237 mutata
1265 1208 1473 1240 solummodo
1491 1209 1558 1241 dis-

849 1255 1026 1294 tinctione,
1045 1259 1151 1286 totam
1176 1255 1351 1296 periodum
1377 1257 1439 1288 hoc
1456 1259 1557 1290 modo

850 1305 1083 1335 scribendam:
1120 1306 1276 1342 Kastmus,
1305 1307 1558 1345 legionibus—in

848 1364 939 1384 nares
964 1355 1126 1395 impositis,
1154 1354 1204 1395 (ut
1228 1359 1296 1386 erat
1321 1361 1511 1397 praeceptum
1537 1368 1558 1389 a

851 1406 1003 1444 CoesareQ
1015 1410 1161 1446 quantam
1169 1406 1239 1447 (vel
1256 1408 1419 1447 quantum)
1432 1410 1558 1441 natium

840 1455 1027 1494 facultatem
1051 1456 1199 1493 habebat;
1232 1468 1324 1488 naves
1341 1460 1444 1490 solvit.
1485 1459 1558 1500 Ap-

850 1507 915 1537 tius
931 1507 1018 1537 enim
1036 1507 1208 1537 cohaerere
1231 1507 1390 1538 videntur
1416 1510 1494 1549 ista,
1515 1510 1559 1541 le·

847 1558 955 1596 giones
978 1558 1011 1588 in
1035 1568 1128 1589 naz-es
1151 1558 1306 1599 imposuit,
1331 1563 1478 1599 quantam
1500 1571 1556 1592 na-

849 1608 931 1638 rium
951 1607 1140 1645 facultatem
1165 1608 1313 1644 habebat;
1347 1620 1444 1650 quam
1477 1611 1556 1651 ista,

849 1661 995 1697 quantum
1032 1659 1156 1689 nat-ium
1188 1659 1378 1695 facultatem
1414 1660 1558 1699 habebat,

850 1717 942 1738 nares
968 1709 1069 1739 solz-it.
1096 1709 1205 1739 Clark.
1252 1710 1348 1739 Bene
1377 1710 1557 1750 distinguit

851 1757 1019 1788 Clarkius.
1065 1758 1139 1788 Nec
1163 1758 1348 1789 mutatione
1372 1769 1456 1797 opus
1481 1764 1555 1791 est:

852 1807 911 1837 uisi
930 1807 1019 1848 quod
1049 1806 1246 1847 praeferrem
1271 1813 1427 1849 quantam,
1445 1811 1472 1842 si
1500 1811 1559 1842 ad-

851 1857 1006 1888 dicerent
1022 1858 1106 1888 Mss.
1132 1859 1303 1889 Caesarem
1317 1860 1416 1890 malle
1431 1860 1558 1893 addere

850 1917 943 1937 nares
969 1907 1073 1938 verbo
1099 1909 1189 1938 solt-it
1214 1908 1358 1939 diximus
1384 1910 1426 1940 ad
1449 1911 1491 1943 B.
1509 1911 1555 1943 G.

852 1966 901 1988 1v.
917 1960 970 1988 23.
1007 1957 1129 1998 Neque
1146 1968 1221 1988 eum
1239 1959 1339 1989 anxie
1356 1961 1465 1992 vitare
1484 1971 1556 1993 cre-

851 2006 946 2037 bram
963 2007 1113 2047 ejusdem
1131 2007 1222 2038 vocis
1244 2009 1483 2048 repetitionem
1500 2021 1558 2053 pa·

854 2061 903 2087 tet
921 2066 960 2086 ex
978 2057 1146 2097 congestis
1160 2057 1201 2087 ad
1218 2057 1260 2088 B.
1279 2058 1323 2089 G.
1342 2067 1366 2089 1.
1381 2063 1435 2091 44.

895 2109 915 2136 9
937 2107 966 2137 A
982 2106 1096 2137 Bibulo
1120 2110 1300 2146 expugnata
1323 2108 1382 2148 est]
1419 2109 1473 2141 Ita
1489 2109 1560 2141 edi·

853 2155 963 2186 dimus
983 2166 1025 2186 ex
1040 2156 1147 2187 Editt.
1175 2157 1326 2188 Floreut.
1345 2163 1379 2188 et
1398 2159 1558 2200 Gryphii.

852 2206 1044 2245 Sensusque
1062 2211 1126 2243 est,
1151 2216 1230 2236 cum
1253 2212 1342 2237 esset
1366 2208 1470 2239 delata
1486 2209 1561 2240 Ori-

853 2265 932 2291 cum,
949 2265 968 2285 ιι
989 2255 1098 2286 Bibulo
1121 2259 1299 2295 expugnata
1317 2260 1373 2287 est.
1413 2258 1559 2290 Locutio

854 2305 1041 2345 hujusmodi
1057 2304 1233 2344 ἀσύνδετος,
1249 2316 1349 2347 quam
1366 2307 1410 2338 sit
1427 2307 1559 2339 Caesari

855 2355 1046 2394 fammaris,
1062 2356 1136 2386 vide
1153 2366 1256 2396 supra
1268 2356 1310 2386 ad
1327 2357 1368 2387 B.
1386 2357 1429 2388 G.
1444 2366 1484 2388 11.
1504 2360 1559 2390 16.

854 2407 978 2447 Vulgg.
1000 2407 1101 2437 delata
1119 2407 1257 2445 Oricum,
1271 2412 1374 2447 atque
1401 2418 1421 2438 a
1447 2408 1560 2440 Bibulo

854 2461 1034 2498 expugnata
1057 2462 1112 2489 est.
1140 2459 1249 2490 Clark.
1283 2459 1334 2490 Ex
1364 2460 1464 2490 variis
1492 2461 1562 2492 lec·

855 2508 1003 2540 tionibus
1034 2509 1135 2540 Bruti
1161 2509 1225 2540 hoc
1252 2509 1360 2540 hausit
1389 2510 1558 2541 Clarkius.

857 2559 901 2588 At
917 2559 950 2589 in
968 2559 1055 2589 Edd.
1082 2559 1167 2590 meis
1191 2559 1335 2600 Gryphii
1352 2563 1443 2600 atque
1466 2559 1560 2590 addi·

856 2614 923 2639 tur.
970 2610 1026 2640 De
1045 2610 1237 2640 Florentina
1260 2610 1384 2647 nescio,
1401 2609 1458 2639 sed
1476 2608 1562 2640 auti-

856 2658 991 2699 quiores
1008 2668 1083 2689 cum
1101 2659 1185 2690 Mss.
1200 2660 1351 2689 omnibu>
1366 2663 1514 2688 servant.

903 2712 941 2739 ll
968 2709 1021 2739 Ita
1032 2708 1147 2748 exiguo
1162 2711 1199 2748 t.,
1227 2718 1337 2746 magno
1359 2717 1429 2737 casu
1453 2709 1478 2738 t.
1505 2716 1558 2738 ex.

109 2753 182 2792 hat,
196 2757 417 2795 quamprimum
436 2758 604 2796 navigandi
618 2758 807 2797 jacultatem
854 2759 938 2788 sulus
950 2756 1108 2796 constitit]
1131 2756 1274 2788 Codices
1298 2755 1449 2787 nonnulli
1473 2765 1560 2796 niag-

190 2807 304 2848 Delph.
320 2812 350 2839 et
371 2809 445 2841 Var.
461 2811 545 2842 Clas.

775 2813 883 2842 Caesar

1401 2809 1473 2840 42
