1850 3109
275 168 388 210 1642

277 281 348 303 ram
365 272 544 303 lectionem
562 273 710 305 restituit
735 274 784 304 vir
809 276 975 314 eruditus,

275 333 294 353 a
310 333 376 363 quo
394 329 506 354 tamen
533 325 635 355 miror
661 326 769 355 locum
792 326 879 356 lnmc
899 326 974 356 Am-

275 374 356 414 polii
373 373 472 404 fuisse
490 376 713 414 praeleritum.
748 376 856 406 Daris.
903 378 976 406 Mu-

276 423 340 453 reti
379 426 610 464 conijectnranx
657 424 777 463 probat
818 426 975 456 Bartlrins

279 472 419 504 Advers.
438 483 509 504 xxi.
527 479 555 503 5.
577 475 629 504 nbi
648 475 760 510 docet,
777 475 878 507 Jubae
893 476 975 506 deli-

275 529 351 554 cato
379 524 449 561 regi
482 525 593 562 potin<
621 525 812 563 convenire,
847 532 879 556 nt
911 536 973 557 non

275 577 390 612 posset
408 583 441 602 so
469 574 540 612 ipse
558 574 762 613 interlicere,
788 586 887 615 qnam
912 576 975 606 Pe-

274 623 371 661 treio,
388 633 486 661 quom
503 623 719 655 inbecilliorem
735 625 778 655 ob
795 631 974 664 acceptum

273 672 394 702 vulnus
423 678 455 703 et
483 674 694 711 «grandiorem
712 681 848 705 atatem
865 682 975 707 vocat.

275 723 462 753 s'onviratus
476 724 592 754 adrisit
610 728 710 756 etiarn
727 726 874 756 Cellario
889 738 896 764 3
915 726 974 756 sed

273 773 446 804 verissima
483 775 628 814 videtur,
662 786 760 816 quam
793 776 867 806 ideo
899 786 973 806 cnm

273 822 412 853 Clarkio
439 824 471 854 in
498 830 629 855 testum
656 826 783 866 recepi,
806 828 974 857 correctio

271 877 419 912 (matus,
436 885 534 915 qnam
552 876 654 906 eliam
675 876 815 915 margini
843 877 893 906 sni
921 886 974 907 co-

273 923 356 954 dicis
384 924 462 954 olim
489 925 615 955 adlevit
642 926 822 956 Gruterus.
875 927 974 959 Quod

272 976 489 1015 participium
516 976 669 1012 Plautus,
693 976 868 1017 Horatius,
886 978 976 1017 Apu-

271 1026 355 1056 leius
371 1032 406 1057 et
423 1026 544 1056 Cicero
562 1026 634 1065 ipse
663 1026 711 1057 ita
734 1026 973 1058 exhibuerunt.

272 1076 361 1107 Vide
378 1076 480 1107 etiam
496 1077 611 1108 Graev.
641 1077 682 1107 ad
708 1077 820 1108 Cicer.
841 1077 883 1108 ad
900 1077 973 1109 An.

270 1136 311 1159 11.
330 1131 381 1159 17.

313 1181 333 1209 4
372 1179 511 1209 Firmior
535 1178 774 1216 imbecilliorem,
800 1178 884 1209 Jaba
914 1179 973 1210 Pe-

271 1227 491 1265 treiumsacile
499 1227 590 1264 ferro
605 1228 802 1268 consumpsit]
831 1229 890 1259 Pli.
910 1230 974 1259 Ru-

271 1277 389 1309 benius
416 1279 528 1309 Elect.
559 1288 582 1309 1.
612 1282 663 1309 10.
694 1279 829 1318 reponit
858 1279 973 1309 dabam

271 1329 441 1365 Petreius;
475 1330 633 1369 Epitome
650 1329 737 1360 enim
763 1329 901 1360 Liviana
918 1330 973 1360 lib.

272 1388 369 1410 cxiv.
403 1384 438 1410 et
470 1380 589 1410 Florus
613 1389 662 1411 ιν.
686 1383 717 1411 2.
744 1383 796 1411 (59.
834 1380 974 1411 tradunt

271 1430 445 1461 Petreium
461 1430 575 1469 Jubae,
592 1430 669 1461 dein
695 1431 757 1462 sibi
786 1440 901 1461 manns
925 1432 973 1460 in-

271 1481 402 1512 tulisse.
447 1482 514 1511 Sed
543 1482 586 1512 de
611 1482 727 1512 hornrn
755 1486 863 1512 morte
881 1486 974 1512 tanta

271 1537 324 1563 est
363 1532 567 1573 scriptorum
602 1532 842 1572 discrepantia,
871 1537 909 1563 ut
940 1533 973 1562 in

272 1583 386 1614 Hirtio
410 1584 491 1614 nihil
515 1584 619 1614 ausim
647 1588 789 1613 rnutare.
845 1584 974 1614 Seneca

272 1633 315 1664 de
338 1634 476 1665 Provid.
508 1644 538 1665 c.
566 1636 596 1664 2.
620 1634 723 1665 ‘Jam
753 1633 909 1663 Petreius
939 1638 973 1664 et

270 1684 360 1715 Juba
387 1688 646 1724 concurrerunt,
669 1684 857 1724 jacentque
887 1684 973 1714 alter

272 1734 412 1766 alterius
442 1744 539 1765 manu
569 1734 672 1765 etesi!
730 1735 775 1765 Et
801 1734 842 1764 ab
871 1734 971 1774 hujus

272 1786 407 1826 quidem
437 1786 591 1827 partibus
617 1790 711 1816 stant
738 1784 915 1825 Appianas
931 1785 971 1815 B.

272 1836 311 1867 C.
339 1837 357 1866 l.
374 1845 413 1866 ιι.
442 1846 474 1876 p.
491 1838 565 1867 490.
593 1845 631 1866 ac
658 1836 748 1866 Dion
777 1836 798 1866 l.
816 1844 920 1866 Χιιιι.
939 1845 970 1876 p.

272 1889 343 1916 117.
392 1887 437 1917 At
453 1888 577 1917 Sextus
593 1886 699 1917 Rufus
716 1886 869 1918 Breviar.
893 1896 922 1917 c.
937 1889 969 1917 21.

271 1936 319 1966 sic
345 1936 515 1976 loquitur:
552 1938 560 1952 ‘
579 1936 718 1966 Mauros
733 1937 823 1968 Juba
840 1946 899 1967 rex
923 1941 970 1967 te-

270 1986 385 2025 nebat,
412 1987 467 2027 qui
487 1988 517 2016 in
544 1996 662 2017 caussa
688 1987 768 2017 belli
796 1987 904 2017 civilis
929 1987 971 2017 ab

269 2038 360 2069 sulio
376 2038 507 2069 C-‹rsarc
525 2039 646 2076 vicum,
664 2043 806 2069 mortem
820 2038 883 2069 sibi
898 2049 972 2079 pro-

271 2087 344 2127 pria
361 2097 459 2118 manu
478 2088 664 2119 conscivit.’
710 2088 969 2130 Accedit‚quod

269 2147 383 2168 omnes
403 2144 468 2169 tani
486 2139 569 2169 Mss.
587 2149 685 2180 qnam
700 2138 783 2170 editi
800 2140 970 2179 vulgatam

270 2188 450 2219 iectionem
483 2194 651 2228 tueantur,
682 2199 780 2230 quam
811 2190 913 2220 etiam
938 2190 971 2220 in

270 2248 329 2268 suo
343 2239 471 2270 Codice
488 2239 617 2270 invenit
629 2240 698 2271 Jul.
715 2240 846 2279 Celsus,
872 2249 970 2280 quem

269 2288 347 2319 vide
366 2299 398 2329 p.
416 2292 488 2320 236.
519 2290 630 2321 Dacis.
665 2290 718 2321 Sic
731 2295 766 2321 et
779 2290 971 2330 Gargenius

269 2339 358 2379 apud
386 2340 549 2370 Senecam
579 2345 713 2379 patrem
737 2350 864 2372 suasor.
891 2349 969 2371 νιιι.

269 2399 303 2430 p.
331 2393 383 2419 58.
420 2391 428 2406 ‘
447 2389 559 2427 ana‚'
582 2389 704 2429 inquit,
726 2391 735 2406 ‘
751 2395 787 2420 et
816 2391 971 2421 Petreius

269 2440 393 2470 mutuis
424 2439 619 2470 vulneribus
647 2446 904 2479 concurrerunt,
936 2446 970 2471 et

270 2494 395 2521 mortes
432 2489 706 2520 foeneraverunt!
765 2491 863 2530 Idem,
900 2501 969 2522 cur.

269 2549 336 2571 sec.

311 2593 331 2619 7
356 2589 554 2629 Impar-avit]
590 2589 819 2630 Glandorpius
834 2589 883 2621 ait
899 2599 970 2621 rec-

271 2641 337 2672 tius
368 2639 453 2680 fore,
483 2639 511 2670 si
542 2641 691 2679 legamus
711 2640 878 2681 flagitarit
915 2641 969 2672 vel

269 2691 448 2727 contendit5
485 2691 564 2732 quia
592 2690 745 2731 sequitur
771 2691 863 2731 idque
891 2690 970 2721 obti-

269 2742 348 2773 nuit.
407 2742 477 2774 Cur
504 2750 569 2772 nou
599 2740 711 2782 potius
739 2740 874 2782 petivit?
909 2740 972 2772 nisi

747 181 887 212 NOTAE
921 182 1137 213 VARlon
1150 183 1181 212 M
1217 184 1263 213 IN

1025 277 1122 307 mulis
1139 278 1242 308 verba
1270 278 1359 318 idque
1379 277 1523 316 obtinuit,
1549 284 1584 310 nt
1610 289 1723 321 super-

1025 336 1141 364 vacua,
1158 328 1274 358 aeleri.

1070 385 1150 407 xcv.
1168 383 1185 407 5
1223 379 1346 418 Iterque
1367 379 1396 408 in
1418 379 1601 419 Hispaniam
1623 380 1726 410 tende-

1025 427 1113 467 bant]
1156 429 1289 460 Absunt
1315 431 1385 460 lia-(-
1401 441 1418 459 a
1433 431 1590 461 Leidvnsi
1606 431 1725 470 primo.

1027 478 1066 508 In
1098 479 1238 518 reliquis
1268 481 1343 510 Pet.
1371 481 1495 519 Scalig.
1530 481 1622 511 Leid.
1656 490 1725 512 sec.

1028 528 1134 557 Dorv.
1176 529 1262 559 I-Jdd.
1308 530 1433 568 primis.
1476 531 1574 560 vase.
1608 531 1725 570 Stepli.

1026 576 1159 617 Grypli.
1179 583 1265 616 post.
1282 588 1321 608 ac
1337 579 1466 609 Strada·
1485 581 1600 610 intend.
1626 580 1725 612 Quod

1026 636 1087 656 cur
1104 627 1263 657 mutarint
1281 628 1352 663 alii,
1368 637 1518 658 caussam
1536 639 1602 659 non
1618 629 1726 660 video.

1027 677 1140 708 Lixins
1166 686 1245 708 xx1.
1270 680 1322 709 29.
1348 681 1356 695 ⁴
1377 678 1499 708 Utrurn
1523 684 1670 719 coeptum
1693 679 1725 709 in

1028 728 1160 758 Italiam
1193 729 1387 760 intenderet
1414 729 1513 759 iter:⁹
1553 735 1654 770 atque
1679 730 1726 760 ita

1025 778 1081 808 ille
1100 779 1234 817 sa‘pins.
1280 779 1367 809 Vide
1394 779 1572 810 Drakenb.
1599 779 1640 810 ad
1665 779 1725 810 Sil.

1026 830 1330 860 111.466.etCort.
1355 829 1396 859 ad
1422 830 1502 861 Sall.
1523 831 1562 860 B.
1584 830 1664 870 Jug.
1695 839 1724 861 c.

1026 880 1098 908 107.
1122 880 1130 893 ⁶
1150 878 1333 909 Intendere
1358 879 1481 919 sugan'z’
1505 881 1595 920 apud
1620 881 1726 910 Luca·

1026 938 1102 957 nun·
1121 933 1156 958 ct
1173 929 1339 959 Curtium.

1068 982 1085 1009 7
1115 980 1177 1009 Eos
1190 980 1290 1019 prima
1306 981 1371 1011 lucc
1385 981 1524 1021 adortus]
1556 980 1664 1012 Abest
1680 991 1729 1012 eos

1025 1039 1042 1060 a
1063 1030 1208 1061 Dorvill.
1225 1036 1259 1061 et
1279 1031 1374 1062 Leid.
1394 1041 1444 1071 pr.
1462 1032 1565 1063 habet
1587 1042 1655 1062 cum
1675 1042 1725 1072 pr.

1025 1081 1099 1110 lace.
1147 1081 1273 1110 Forsan
1301 1085 1406 1111 recte.
1453 1081 1519 1111 Adi
1547 1080 1588 1111 ad
1617 1091 1646 1112 c.
1673 1085 1726 1112 (52.

1026 1131 1034 1146 ‘
1053 1132 1136 1160 Cum
1156 1131 1260 1170 prima
1276 1130 1398 1161 rnane.’
1442 1132 1555 1162 Adorii
1582 1131 1630 1161 sic
1656 1132 1726 1161 sine

1025 1190 1102 1211 casu
1118 1183 1219 1211 etiam
1236 1192 1265 1211 c.
1283 1185 1336 1211 69.
1361 1183 1369 1197 ‘
1387 1182 1439 1211 Ex
1464 1181 1590 1212 insidiis
1616 1182 1727 1212 adorti

1025 1232 1149 1270 agmini
1167 1241 1239 1261 sese
1255 1231 1436 1262 obferunt?

1069 1290 1167 1311 xcvi.
1184 1284 1202 1311 2
1228 1282 1396 1322 Rastiano]
1426 1282 1461 1312 Si
1479 1282 1623 1322 scriptus
1641 1282 1728 1313 liber

1024 1330 1213 1371 adjuvaret,
1245 1332 1363 1362 mallet
1394 1332 1535 1363 Ursinus
1568 1332 1726 1371 Cestiano,

1024 1382 1112 1423 qnod
1130 1387 1162 1412 et
1182 1392 1201 1411 a
1218 1382 1268 1412 Cl.
1288 1382 1462 1412 l’erizonio
1477 1382 1526 1412 sui
1548 1381 1623 1412 libri
1640 1392 1724 1413 mar-

1024 1433 1091 1472 gini
1110 1433 1331 1473 adscriptum.
1394 1433 1520 1462 Passim
1538 1432 1626 1462 enirn
1644 1433 1726 1463 Phe-

1023 1484 1122 1513 rai-ius
1139 1484 1305 1513 (estianus
1331 1483 1363 1513 in
1381 1483 1536 1520 nummis,
1561 1482 1619 1512 sed
1644 1482 1669 1512 is
1692 1482 1726 1512 in

1024 1533 1177 1574 partibus
1193 1533 1338 1564 Caesaris
1354 1531 1429 1563 fuit.
1474 1533 1560 1563 Vide
1577 1533 1614 1563 Β.
1626 1532 1725 1564 Alex.

1023 1594 1051 1615 c.
1069 1587 1120 1617 34.
1167 1584 1279 1616 Quare
1296 1584 1420 1614 rectius
1436 1583 1531 1614 addit
1556 1584 1726 1614 Rustianus

1024 1634 1131 1664 videri
1166 1635 1308 1674 dictum,
1341 1634 1428 1675 quod
1466 1633 1568 1665 fuerit
1604 1634 1725 1674 aliquis·

1024 1685 1156 1715 Ru-stius
1182 1694 1201 1714 a
1229 1689 1328 1725 gente
1358 1684 1507 1715 Plaetoria
1533 1683 1725 1724 adoptatus.

1024 1736 1169 1766 Consule
1187 1736 1344 1766 Ursinum
1364 1737 1395 1766 in
1415 1735 1564 1766 Familiis
1580 1735 1612 1765 in
1630 1735 1726 1765 Ploet.

1023 1787 1115 1817 Male
1145 1786 1356 1828 Glandorpio
1387 1787 1418 1816 in
1451 1786 1574 1817 Onom.
1599 1785 1725 1816 dicitur

1024 1837 1221 1877 Rusticamzs,
1245 1843 1279 1868 et
1311 1837 1511 1868 Rusticianus
1542 1838 1576 1867 in
1605 1837 1726 1874 Dorv.‚

1021 1897 1060 1918 ac
1078 1888 1250 1918 [cuscianus
1267 1888 1300 1918 in
1317 1888 1396 1919 Pet.

1065 1941 1085 1968 6
1111 1937 1219 1977 Ibique
1235 1938 1338 1978 Scipio
1355 1949 1423 1968 cum
1448 1938 1500 1975 iis,
1527 1946 1601 1977 quos
1623 1936 1724 1976 paullo

1021 1992 1094 2018 ante
1108 1989 1274 2027 nominari,
1291 1988 1427 2027 interiit]
1471 1987 1597 2028 Scipio,
1608 1996 1725 2017 assecu-

1021 2041 1071 2068 tus
1094 2048 1173 2077 ιἰιιιι,
1204 2039 1340 2069 hostibus
1363 2038 1502 2077 gladium
1525 2047 1581 2078 per
1607 2037 1724 2067 viscera

1022 2089 1139 2127 exegit,
1165 2094 1202 2118 nt
1224 2093 1372 2119 testatur
1400 2088 1517 2118 Florus
1546 2095 1596 2116 lv.
1622 2089 1654 2117 2.
1671 2088 1724 2117 68.

1021 2139 1109 2169 Vide
1127 2145 1159 2170 et
1180 2139 1374 2179 Appianum
1402 2139 1440 2168 B.
1459 2138 1496 2167 C.
1513 2138 1530 2167 l.
1547 2146 1585 2167 ιι.
1600 2147 1632 2177 p.
1646 2138 1721 2167 491.

1023 2195 1058 2220 et
1074 2190 1221 2220 Dio-vem
1237 2190 1259 2219 l.
1277 2197 1379 2219 xuu.
1400 2199 1431 2228 p.
1446 2190 1520 2218 217.
1570 2187 1679 2217 Daris.

1068 2242 1144 2271 (T'um
1159 2241 1208 2278 iis,
1223 2249 1297 2280 quos
1308 2250 1342 2279 p.
1362 2250 1391 2268 a.
1408 2237 1572 2276 noniinavi,
1584 2236 1724 2276 interiit]

1023 2291 1062 2321 In
1081 2292 1201 2321 Petav.
1220 2295 1253 2321 et
1281 2289 1426 2319 Dorvill.
1454 2297 1518 2317 non
1546 2291 1724 2326 comparet

1021 2340 1058 2371 τὺ
1075 2342 1124 2371 iis.
1172 2341 1357 2379 Eleganter
1373 2339 1495 2368 Graeco
1508 2347 1613 2376 more,
1630 2337 1720 2375 et,ni

1021 2390 1131 2428 fallor,
1150 2399 1227 2420 vere
1246 2389 1401 2419 Leidens.
1420 2398 1548 2428 primus
1571 2397 1641 2418 cum
1655 2389 1722 2429 qui-

1021 2440 1076 2470 bus·
1096 2441 1197 2480 paullo
1212 2443 1284 2469 ante
1300 2439 1464 2469 nominavi.
1497 2438 1584 2468 Vide
1602 2437 1720 2468 Davis.

1021 2491 1063 2520 ad
1080 2491 1119 2521 B.
1132 2491 1171 2521 C.
1187 2499 1217 2520 c.
1229 2492 1281 2520 69.
1294 2488 1401 2520 Afric.
1417 2499 1447 2520 c.
1462 2491 1516 2519 41.
1539 2489 1547 2503 ‘
1564 2488 1602 2518 In
1620 2497 1660 2518 eo
1677 2488 1723 2518 lo-

1021 2550 1060 2572 co
1071 2551 1136 2581 qno
1153 2541 1265 2581 paullo
1281 2545 1359 2571 ante
1373 2538 1576 2570 memoravi!
1620 2537 1722 2568 Adde

1022 2593 1062 2623 B.
1080 2592 1119 2622 C.
1136 2601 1193 2622 ιιι.
1211 2594 1261 2621 15.
1286 2591 1294 2607 ⁴
1311 2591 1395 2621 Cum
1419 2593 1534 2619 essent
1549 2589 1583 2618 in
1599 2587 1719 2628 quibus

1021 2641 1251 2673 demonstravi
1267 2639 1462 2680 angustiis2'
1498 2644 1533 2670 et
1556 2639 1590 2671 J.
1607 2638 1719 2669 Periz.

1020 2693 1061 2724 ad
1075 2693 1190 2723 Sanct.
1201 2691 1285 2722 Min.
1301 2699 1342 2721 ιι.
1358 2693 1389 2720 9.
1407 2691 1423 2730 ς
1439 2693 1469 2721 2.
1484 2699 1524 2722 ac
1540 2689 1589 2721 Cl.
1602 2689 1719 2722 Burm.

1021 2743 1063 2775 ad
1079 2743 1218 2775 Sueten.
1234 2740 1345 2781 Calig.
1361 2749 1391 2772 c.
1407 2741 1459 2771 43.
