1850 3109
533 194 592 223 un
627 191 743 222 vi'rA
775 191 906 222 sunu
947 193 1178 223 CAESAms.
1466 185 1575 226 1731

128 300 208 331 tum
236 305 326 341 ergo
357 297 489 335 morte,
519 290 701 340 populum
731 290 926 336 servitute,
947 289 1032 340 [60]
1053 302 1169 340 poena
1196 290 1305 327 bonis
1330 292 1464 328 animis
1493 307 1578 341 gra-

129 357 242 400 viore,
264 354 463 392 multavit:
494 354 546 391 sic
566 366 654 391 cum
675 354 831 392 Venetis
852 354 1085 392 debellatum
1103 367 1112 391 ε
1143 366 1218 403 qua
1238 354 1397 391 victoria
1413 368 1486 392 non
1508 356 1578 405 ipsi

129 417 391 456 tautummodo
412 417 576 461 subacti,
593 416 660 454 sed
684 418 870 455 maritima
889 431 955 455 ora
974 418 1096 455 omnis
1111 417 1159 454 ad
1177 418 1408 467 obsequium
1424 418 1581 457 redacta

127 487 218 520 erat.
275 482 378 518 Ecce
399 487 526 518 autem
548 481 621 518 alia
640 494 685 518 ex
699 482 780 519 aliis
800 482 899 519 bella
919 489 1168 530 consurgunt.
1223 481 1395 518 Titurius
1417 481 1579 519 Sabinus

122 545 233 594 jussu
261 544 422 581 Caesaris
442 544 663 582 Unellorum
697 543 789 581 fines
823 544 1031 589 introierat,
1063 545 1165 593 apud
1187 558 1283 594 quos
1304 553 1393 582 tuuc
1420 558 1579 583 summae

128 620 252 645 rerum
275 607 525 645 ³²Viridonix.
583 609 719 646 Multae
749 608 787 645 iu
807 608 973 646 circuitu
993 608 1168 645 civitates
1189 622 1211 645 a
1231 609 1413 646 Romanis
1434 608 1583 647 defece·

128 676 226 715 rant,
258 684 416 720 quarum
437 671 575 721 aliquae
596 677 767 709 senatum
802 671 907 721 quod
937 684 1059 721 neque
1093 671 1294 709 ”desectio
1322 685 1446 722 neque
1480 672 1582 710 bello

127 735 434 780 consentiebant,
456 735 745 773 interfecerant:
776 735 968 773 latronum
990 748 1146 785 quoque
1176 748 1309 772 manus
1329 736 1474 786 ingens,
1496 749 1582 786 par-

127 800 193 837 tim
214 799 329 843 bello,
353 799 491 849 partim
512 799 643 849 praeda
663 799 855 844 illiciente,
878 799 1036 836 dimisso
1070 798 1312 848 agriculturae
1340 800 1480 843 studio,
1502 813 1584 838 sese

126 863 208 901 istis
227 863 484 912 adjunxerant
502 877 510 906 ;
541 863 681 913 quibus
700 864 876 901 omnibus
897 876 1059 912 magnus
1080 863 1268 900 exercitus
1283 863 1367 911 jam
1401 863 1437 899 iu
1472 864 1584 901 armis

128 933 223 964 erat.
280 927 443 964 Sabinus
464 926 592 963 locum
614 927 748 964 castris
769 926 1008 976 aptissimum
1031 932 1177 970 nactus,
1200 926 1299 963 intra
1319 926 1458 963 vallum
1481 939 1584 972 suos,

128 991 326 1028 lacessitus
346 1003 448 1040 saepe
469 990 557 1028 licet
578 990 628 1027 ab
656 990 848 1035 hostibus,
869 990 1109 1034 continebat,
1134 997 1174 1027 ut
1198 989 1282 1038 jam
1317 1003 1390 1026 non
1414 990 1584 1028 hostium

130 1054 247 1091 modo
280 1054 345 1091 sed
383 1067 536 1091 suorum
563 1054 600 1091 in
621 1060 886 1104 contemptum
908 1054 1091 1104 paulatim
1121 1053 1328 1091 incidisset.
1384 1053 1474 1103 Ipse
1495 1066 1584 1091 vero

129 1129 204 1154 non
242 1116 278 1153 id
312 1123 418 1153 motu
448 1116 524 1152 alio
552 1115 732 1160 faciebat,
763 1117 834 1154 nisi
869 1117 975 1166 quod
997 1118 1153 1154 absente
1185 1118 1339 1154 Caesare
1359 1124 1467 1154 tanta
1497 1130 1584 1154 cum

128 1178 372 1217 multitudine
385 1178 765 1229 congredi,quisquis
785 1179 907 1217 exitus
928 1186 1163 1228 sequeretur,
1180 1193 1225 1216 ne
1247 1180 1450 1216 temeritati
1469 1179 1587 1217 tribui

129 1249 262 1293 posset
293 1243 420 1292 potius
453 1256 568 1293 quam
602 1242 745 1288 virtuti,
764 1243 897 1280 anxius
927 1254 1213 1293 suspensusque
1247 1249 1326 1279 erat
1356 1242 1498 1280 animo:
1522 1243 1588 1280 ubi

130 1319 170 1344 se
191 1306 316 1356 sperni
336 1312 461 1344 autem
484 1306 680 1351 intellexit,
702 1318 871 1357 pugnare
892 1305 1062 1351 tandem,
1084 1305 1150 1343 sed
1182 1306 1356 1355 inprimis
1390 1312 1589 1357 contemp·

132 1376 211 1406 tum
251 1369 520 1417 hujuscemodi
559 1376 747 1418 quantum
785 1378 916 1418 posset
952 1382 1157 1419 aggregare
1183 1369 1389 1419 disposuit.
1449 1370 1586 1419 Itaque

132 1432 287 1471 Gallum
309 1432 500 1482 quendam
523 1432 595 1469 sibi
619 1432 854 1478 familiarem,
884 1440 1157 1482 versutumque
1179 1433 1372 1471 hominem
1401 1441 1520 1470 noctu
1547 1433 1585 1472 in

132 1504 257 1534 castra
273 1496 504 1546 transfugere
518 1496 655 1545 jubet:
678 1504 716 1534 et
735 1496 838 1547 quod
861 1496 942 1534 fieri
963 1497 1052 1534 velit
1073 1496 1230 1534 edocet:
1249 1504 1358 1547 paret
1371 1497 1447 1542 ille,
1464 1504 1500 1534 et
1515 1496 1588 1533 ori-

132 1561 218 1610 gine
237 1560 350 1598 dictis
369 1560 604 1610 astipulante
625 1560 741 1598 fidem
769 1562 937 1606 meritus,
957 1561 1071 1610 coepit
1091 1561 1266 1598 hostibus
1280 1560 1439 1598 suadere
1455 1566 1493 1598 et
1506 1561 1587 1597 ani-

133 1623 204 1661 mis
224 1622 424 1661 ³⁴crudelis
443 1624 554 1661 facile
577 1624 777 1674 persuasit.
822 1624 949 1661 Primo
966 1623 1120 1673 quidem
1139 1625 1372 1661 Venetorum
1400 1624 1434 1661 iu
1451 1623 1591 1662 finibus

134 1687 321 1725 Caesarem
339 1687 516 1725 extremis
536 1687 712 1736 periculis
733 1687 1052 1724 circumventum.
1084 1686 1232 1724 Deinde
1251 1687 1287 1724 in
1309 1688 1491 1724 Romanis
1510 1700 1593 1724 cas-

134 1750 220 1795 tris;
252 1751 341 1788 hinc
356 1751 456 1788 fama
470 1751 602 1794 ducis;
635 1750 722 1787 hinc
749 1751 914 1788 bostium
931 1751 1135 1801 praesentia
1157 1757 1306 1788 tantum
1325 1764 1406 1789 esse
1427 1751 1595 1788 formidi-

134 1813 205 1858 nis,
224 1820 267 1851 ut
283 1813 329 1851 de
350 1820 540 1851 nocturna
562 1814 705 1863 agitent
726 1813 837 1863 fuga:
866 1826 943 1863 qua
972 1820 1011 1851 et
1028 1814 1217 1851 Caesarem
1237 1814 1391 1858 adeant,
1422 1813 1593 1863 ducique

135 1890 249 1927 opem
280 1877 413 1922 ferant,
435 1884 473 1914 et
504 1877 733 1914 instantibus
763 1891 844 1915 sese
873 1877 979 1915 malis
1008 1878 1183 1927 eripiant.
1240 1877 1284 1915 Id
1317 1891 1406 1914 cum
1438 1878 1593 1927 publice

136 1940 323 1978 creditum
348 1947 463 1985 esset,
484 1948 543 1977 est
577 1941 719 1978 etenim
752 1954 828 1978 non
849 1942 954 1978 vanis
982 1940 1111 1986 modo,
1131 1941 1197 1978 sed
1227 1941 1404 1978 omnibus
1424 1941 1593 1985 insitum,

138 2011 180 2041 ut
200 2004 304 2053 quod
326 2003 439 2041 valde
472 2004 656 2053 cupiunt;
688 2004 800 2041 facile
833 2005 947 2042 etiam
975 2005 1148 2050 credant,
1181 2005 1268 2042 totis
1300 2005 1442 2055 passim
1462 2004 1595 2041 castris

139 2079 215 2104 una
232 2068 401 2104 omnium
425 2080 498 2104 vox
521 2067 659 2111 audiri,
681 2067 766 2118 [61]
782 2067 1061 2117 providendum
1081 2068 1205 2105 modis
1225 2069 1418 2112 omnibus,
1449 2081 1495 2104 ne
1518 2075 1594 2104 tam

139 2129 229 2167 felix
263 2131 419 2167 occasio
449 2144 518 2180 per
558 2131 742 2179 ignaviam
781 2131 986 2169 dilabatur.
1061 2132 1261 2169 Exercitus
1299 2131 1480 2169 instantia
1505 2130 1597 2168 victi

141 2193 273 2237 duces,
296 2192 415 2230 furori
444 2193 605 2242 publico
636 2207 770 2231 manus
801 2196 916 2233 dant:
947 2196 1175 2233 discurritur
1204 2196 1277 2232 hac
1307 2195 1407 2239 illac,
1444 2202 1483 2231 et
1501 2207 1595 2231 con-

142 2269 252 2294 sensu
285 2257 430 2293 <lucum
460 2257 674 2300 sarmentis,
698 2257 875 2306 variaque
907 2258 1063 2295 materia
1083 2272 1128 2294 ex
1161 2258 1259 2307 agris
1277 2258 1438 2295 collecta
1457 2256 1507 2294 ad
1529 2257 1595 2294 im-

145 2319 308 2369 plendas
329 2321 464 2365 fossas,
487 2321 580 2357 etin
615 2328 739 2357 castra
775 2321 1056 2370 penetrandum
1075 2321 1215 2366 onusti,
1238 2327 1277 2358 et
1305 2334 1420 2358 cursu
1448 2328 1487 2358 et
1520 2333 1597 2358 sar-

142 2382 237 2420 cinis
255 2383 391 2420 defessi
411 2397 544 2420 omues
575 2383 778 2420 redeuntes
797 2397 910 2433 grave
930 2397 1030 2434 opus
1052 2397 1246 2434 supraque
1267 2397 1352 2422 suas
1370 2384 1480 2428 vires,
1517 2384 1597 2421 Ro-

140 2459 252 2484 mana
281 2455 402 2484 eastra
432 2447 479 2484 ad
516 2447 654 2484 laboris
675 2448 872 2484 cumulum
906 2447 943 2484 in
978 2449 1055 2485 alto
1086 2449 1222 2497 posita,
1251 2448 1460 2485 invadunt:
1490 2447 1593 2485 haud

143 2509 264 2554 dubii,
288 2511 483 2547 Romanos
506 2518 644 2559 praeter
660 2511 786 2560 fugam
800 2518 865 2549 aut
886 2512 1124 2549 deditionem
1147 2512 1237 2549 nihil
1253 2525 1439 2549 ausuros:
1463 2511 1597 2548 fefellit

142 2580 293 2622 gentem
316 2574 546 2611 35crudelam
578 2587 653 2611 uua
682 2587 793 2624 spes:
826 2588 910 2612 nain
941 2577 1106 2613 Sabinus
1147 2577 1223 2613 suis
1255 2577 1436 2613 militibus
1470 2572 1596 2610 valida

183 2677 224 2706 32
255 2676 365 2706 Deest
389 2678 534 2715 proeerat.
581 2675 674 2706 Dein
701 2677 777 2717 lege
805 2677 1063 2711 Hadaran—33
1089 2679 1194 2719 Lege,
1218 2675 1480 2715 ddectioni.—34
1494 2674 1601 2714 Lege,

140 2728 367 2759 credulis.-—35
390 2729 494 2770 Lege,
503 2729 656 2760 credulam
671 2739 761 2761 vana.
