1850 3109
454 197 559 227 cAr.
581 185 653 225 45.
687 194 782 223 tiu.
817 193 879 222 DE
913 192 1069 221 untho
1102 192 1263 223 Arme.

119 292 297 333 pemuarias
326 290 473 323 Numidis
501 289 683 329 Getulisque
708 287 824 318 abcide-

122 342 190 382 lme]
218 343 271 373 Ex
287 340 387 373 Mutis
403 339 526 370 Petav.
549 342 585 369 et
602 338 708 369 Norv.
727 346 823 377 repo-

121 392 278 431 nendum,
310 390 362 431 qui
391 390 526 421 Acillam
551 396 621 420 wir
652 388 825 419 cohortibus

119 442 331 483 stipendiariis
356 441 503 472 Numidis
537 439 720 480 Getulisque
749 439 824 470 obsi-

119 492 228 523 debat.-
251 496 303 522 tot
322 491 411 521 cuim
434 490 629 521 cohortibus
650 489 823 521 Acilianos

120 541 298 572 obsidebat
313 540 547 580 Considius‚ut
561 545 657 581 patet
671 549 712 572 ex
727 550 757 571 c.
771 543 823 571 33.

123 591 228 623 Duvis.
258 600 329 622 cur.
359 600 427 622 sec.
472 589 654 622 Accedunt
680 590 823 622 Codices

117 640 239 682 Scalig.
261 645 295 672 et
322 641 416 672 Leid.
443 651 494 681 pr.
519 641 553 672 in
569 641 691 683 quibus
716 646 769 672 est
794 644 824 672 et

119 699 168 723 tx·
185 695 223 723 ut
243 696 372 732 pateat,
393 695 424 722 et
447 690 577 722 factum
594 700 636 722 ex
653 695 750 731 parte
767 700 825 721 nu·

118 742 292 774 metalium
311 747 478 774 notarum.

160 795 180 825 2
207 792 271 823 Ubi
289 794 327 824 C.
342 793 478 823 Messius
487 792 662 823 cohortibus
674 792 826 833 proeerat]

118 841 161 874 In
187 841 288 874 editt.
320 843 416 874 Rom.
443 843 530 873 Ven.
562 841 723 873 Beroald.
751 850 825 873 cor-

118 897 219 934 rupte
242 894 371 935 legitur
397 892 449 925 ubi
472 893 510 925 C.
535 893 681 930 Messius,
703 892 755 932 qui
777 902 825 924 co·

117 943 258 975 hortibus
278 947 425 984 proeernt,
450 943 544 985 quasi
566 953 635 974 rem
657 952 700 974 ex
726 948 826 984 parte

121 994 264 1025 Caesaris
294 1004 362 1025 non
385 998 536 1034 gesserat
563 993 719 1025 Messius.
755 993 824 1024 Ms.

119 1043 228 1076 Norv.
245 1044 355 1076 locum
372 1045 419 1076 sic
443 1045 591 1082 exhibet,
608 1044 661 1075 ubi
687 1044 723 1075 C.
742 1045 825 1076 Mes-

117 1093 182 1125 sius
196 1099 293 1135 parte
318 1095 462 1126 Caesaris
488 1095 663 1126 cohortibus
688 1098 826 1135 proeerat

119 1143 282 1184 praesidio
308 1145 442 1181 missis;
476 1144 565 1185 quod
588 1154 669 1175 sane
692 1144 825 1175 addita·

117 1197 269 1225 mentum
285 1203 329 1225 ex
342 1203 402 1225 ora
422 1194 624 1234 exemplaris
639 1193 673 1224 in
692 1198 825 1225 textum

118 1243 255 1275 videtur
290 1244 494 1284 irrepsisse:
533 1253 611 1275 nam
646 1244 825 1276 Glossema

120 1303 195 1325 esse
229 1303 291 1334 pro
320 1298 416 1325 certo
445 1294 566 1325 habeo.
606 1294 717 1326 Dacis.
756 1294 823 1325 Ms.

120 1343 206 1384 Reg.
230 1349 266 1375 et
288 1343 399 1375 Editt.
423 1344 518 1375 Vett.
545 1343 596 1375 ubi
625 1344 662 1375 C.
678 1343 824 1383 Messius,

120 1393 178 1434 qui
206 1393 381 1425 cohortibus
407 1397 556 1434 praeerat.
612 1394 713 1427 Quod
748 1405 824 1426 cum

120 1444 326 1476 sententiam
357 1444 473 1476 turbet
502 1454 652 1485 prorsuS,
682 1455 745 1477 nec
777 1450 825 1476 ta-

119 1504 196 1526 men
224 1493 316 1526 forte
345 1495 429 1526 illud
451 1496 505 1535 qui
530 1495 631 1536 plane
655 1505 698 1526 ex
722 1496 825 1527 nihilo

120 1554 195 1576 esse
223 1545 401 1584 videatur3
434 1546 641 1586 conjecerim
667 1546 825 1587 equidem

118 1594 313 1635 legendum,
336 1595 389 1626 ubi
413 1596 452 1626 C.
472 1596 608 1628 Messius
629 1606 705 1628 cum
724 1598 827 1629 cohor-

119 1644 203 1676 tibus
228 1648 374 1685 praeerat.
421 1647 623 1687 Quanquam
654 1649 827 1678 venustior

120 1699 174 1727 est
196 1695 298 1727 lectio
320 1696 468 1737 vulgata.
495 1697 601 1727 Clark.
638 1698 703 1732 Qui
725 1698 826 1729 etiam

119 1745 250 1777 addunt
263 1746 458 1786 Leidenses,
473 1747 589 1788 Cujac.
606 1748 729 1788 Scalig.
740 1749 829 1780 Dor-

121 1795 191 1827 vill.
215 1800 251 1827 et
274 1796 362 1828 Edd.
384 1796 522 1836 primae:
558 1797 612 1828 ubi
636 1797 733 1829 deest
756 1799 829 1830 Lei-

121 1847 216 1880 dens.
240 1858 309 1880 sec.
334 1854 373 1879 ut
387 1848 499 1880 forsan
515 1848 619 1881 fuerit
636 1851 675 1881 C.
694 1851 829 1882 Messius

120 1898 174 1930 ubi
189 1899 255 1932 coh.
270 1900 333 1930 nisi
356 1900 416 1931 sub
439 1901 491 1940 qui
513 1900 621 1932 lateat
638 1902 828 1933 cohortium

122 1959 294 1982 numerus·
351 1951 418 1982 Sed
446 1951 547 1982 etiam
574 1952 696 1983 Petav.
723 1953 828 1985 habet

123 2000 160 2033 C.
176 2001 226 2033 M.
246 2005 337 2042 parte
354 2002 490 2033 Caesoris
511 2002 576 2033 coh.
597 2007 735 2043 praeerat
749 2013 828 2044 proe-

120 2052 199 2084 sidio
231 2053 344 2093 missis,
371 2063 439 2084 non
469 2053 648 2084 admodum
683 2055 826 2096 inepte:

122 2111 199 2134 nam
216 2103 255 2134 C.
268 2103 413 2134 Messius
437 2103 552 2135 subito
567 2103 737 2135 Achillam
752 2105 828 2136 mis·

123 2162 177 2184 sus
199 2158 275 2184 erat
291 2163 368 2184 cum
384 2154 577 2185 cohortibus
590 2164 610 2185 a
625 2155 772 2194 Caesare,
790 2161 828 2186 ut

124 2203 324 2235 Considium
361 2208 562 2244 occuparet,
596 2204 687 2244 quod
724 2206 827 2236 etiam

123 2253 272 2295 peregit,
296 2258 332 2284 et
359 2253 450 2294 prius
473 2253 635 2285 Considio
659 2254 828 2286 Achillam

123 2304 293 2345 pervenit.
317 2302 444 2335 Confer
458 2313 487 2335 c.
505 2307 557 2334 33.

168 2357 209 2386 10
231 2354 438 2386 ,adrumetum
452 2364 484 2385 se
498 2355 630 2395 recepit]
657 2356 713 2387 Sic
732 2365 829 2397 repo-

123 2406 176 2438 sui
191 2415 235 2437 ex
252 2406 344 2437 Msto
361 2407 466 2438 Norv.
488 2416 527 2438 ac
545 2407 645 2438 editt.
669 2408 828 2439 Beroald.

123 2457 245 2497 Steph.
266 2466 343 2489 cum
366 2457 400 2488 in
421 2458 538 2498 vulgg.
564 2458 700 2499 legatur
725 2460 829 2490 Adru-

124 2510 239 2538 metum
253 2517 285 2538 se
298 2507 423 2548 recipit.
448 2508 562 2539 Davis.
610 2508 664 2539 Ita
678 2509 830 2540 restitnit

126 2557 290 2589 Davisius
320 2568 363 2589 ex
391 2558 459 2589 Ms.
490 2558 616 2590 Eliensi
643 2562 726 2600 (quo
753 2569 829 2590 eum

127 2604 255 2639 faciunt
270 2609 354 2640 Mss.
371 2610 456 2650 Reg.
470 2613 506 2640 et
517 2610 648 2650 Vossii)
665 2615 700 2641 et
719 2611 828 2642 Editt.

128 2656 226 2689 Vett.
263 2659 453 2699 postulante
485 2660 588 2691 etiam
621 2661 830 2701 Temporum

129 2706 272 2738 ratione.
303 2708 427 2750 Vulgg.
457 2710 577 2750 recipit.
613 2711 722 2742 Clark.
768 2711 830 2742 Re-

128 2756 209 2797 cepit
233 2756 336 2789 etiam
366 2759 452 2790 Mss.
483 2760 550 2792 mei
576 2770 714 2800 omnes;
746 2761 829 2792 item

1464 179 1576 222 1609

874 285 962 317 Edd.
982 286 1084 316 Vasc.
1102 285 1236 325 Gryph.
1255 288 1290 315 ct
1307 283 1401 315 aliae:
1422 285 1480 315 sed
1504 293 1577 324 per-

873 336 952 366 inde
969 345 1054 375 esse,
1070 335 1256 376 saepissime
1279 334 1424 365 ostendi.
1469 335 1516 366 At
1542 336 1573 365 in

873 386 924 417 his
940 386 1025 417 Mss.
1041 391 1117 417 sunt
1133 385 1310 427 sequendi.

917 444 1016 467 xuv.
1035 438 1054 467 2
1079 436 1118 466 In
1133 445 1191 476 qua
1206 434 1315 473 suerat
1342 434 1385 469 Q.
1404 434 1576 473 Cominius]

876 486 916 517 In
939 487 1032 518 Msto
1057 486 1198 518 Norvic.
1222 491 1257 516 et
1282 485 1383 516 editis
1408 484 1577 525 plerisque

875 537 963 568 male
984 536 1164 567 exhibetur
1190 535 1230 571 Q.
1256 536 1391 567 Comius.
1437 536 1577 565 Contra-

875 588 924 618 rio
941 587 1024 618 vitio
1040 587 1130 627 apud
1149 587 1347 618 Frontinum
1371 587 1519 626 strateg.
1538 595 1578 617 11.

876 642 928 670 13.
959 642 1012 669 est
1048 638 1278 669 ‘Comminius
1310 638 1470 675 Atrebas,
1501 647 1578 668 cum

874 689 984 720 victus
1001 698 1019 718 a
1035 689 1082 720 D.
1099 688 1190 720 Julio
1206 698 1248 719 ex
1267 688 1379 720 Gallia
1394 689 1427 719 in
1445 688 1579 719 Britan-

875 741 965 771 niam
1004 739 1163 781 fugeret,'
1202 750 1303 781 quum
1336 739 1424 770 omni
1460 738 1579 779 procul

875 791 977 823 dubio
993 791 1037 824 sit
1053 791 1270 822 scribendum
1289 791 1417 822 Comitis
1430 791 1579 829 Atrebas,

875 841 966 883 quod
991 851 1008 872 a
1036 841 1228 872 stewechio
1253 846 1289 872 et
1315 840 1484 872 Scriverio
1512 849 1579 871 non

875 891 1147 923 animadversum
1186 891 1299 922 miror.
1367 891 1449 931 Ejus
1488 899 1579 930 saepe

875 941 1029 973 meminit
1054 943 1182 973 Caesar.
1226 942 1315 972 Vide
1339 942 1380 972 B.
1396 942 1440 973 G.
1460 950 1510 971 iv.
1527 943 1581 973 27.

876 996 912 1023 et
928 1001 994 1023 vu.
1010 994 1064 1023 76.
1088 992 1203 1023 Dacis.
1228 992 1271 1023 V.
1289 992 1390 1024 etiam
1408 992 1522 1023 Ursin.

920 1044 938 1072 3
963 1042 1013 1074 Ab
1041 1042 1165 1073 residua
1194 1042 1302 1082 classe]
1340 1043 1431 1081 Lege
1463 1042 1582 1082 reliqua

877 1102 953 1124 cum
972 1093 1050 1124 Pet.
1069 1098 1104 1124 et
1120 1094 1227 1125 Norv.
1252 1094 1363 1125 Daris.
1382 1103 1451 1125 cnr.
1468 1103 1536 1124 sec.

919 1147 940 1173 6
968 1144 1066 1174 Natis
1080 1143 1233 1183 triremis]
1270 1144 1502 1175 Vetustissimi
1520 1142 1582 1174 Co-

876 1192 969 1223 dices
996 1194 1120 1224 Petav.
1147 1195 1264 1234 Cujac.
1287 1194 1374 1225 Scal.
1401 1194 1498 1225 Leid.
1526 1203 1580 1234 pr.

878 1242 992 1273 Ursin.
1010 1248 1046 1274 et
1061 1243 1124 1275 Ed.
1143 1243 1232 1274 scal.
1248 1244 1364 1275 trieris.
1410 1245 1466 1275 De
1484 1244 1581 1284 cujus

877 1294 1034 1325 lectionis
1060 1295 1206 1326 veritate
1233 1305 1300 1326 non
1326 1295 1482 1326 dubitare
1511 1295 1584 1337 quis

877 1348 1004 1383 potest.
1050 1345 1197 1375 Navium
1225 1345 1360 1376 nomina
1385 1345 1510 1377 Graece
1538 1345 1586 1377 ef-

877 1393 969 1426 ferre
986 1395 1072 1426 solet
1097 1395 1244 1435 Hirtius,
1271 1400 1309 1427 ut
1334 1396 1496 1434 Dicrotos,
1523 1397 1583 1427 Ca-

876 1447 1026 1485 tascopus,
1041 1445 1197 1476 Penteris.
1242 1446 1332 1477 Vide
1353 1446 1396 1477 ad
1422 1447 1462 1478 B.
1479 1446 1583 1479 Alex.

878 1504 909 1525 c.
925 1497 978 1526 47.
1003 1500 1037 1526 et
1054 1494 1143 1526 infra
1166 1505 1196 1527 c.
1214 1498 1267 1527 63.
1293 1501 1329 1528 et
1354 1497 1444 1537 Nep.
1470 1496 1584 1529 Alcib.

878 1555 908 1576 c.
932 1547 963 1575 4.
987 1550 1025 1576 ut
1049 1545 1184 1587 quidem
1208 1546 1379 1587 Giphanio
1406 1552 1584 1588 praeeunte

878 1601 1106 1636 reposuerunt
1129 1597 1203 1628 Viri
1225 1598 1339 1629 docti:
1368 1598 1521 1639 quamvis
1538 1597 1584 1629 ibi

879 1647 1034 1688 plerique
1050 1648 1135 1679 Mss.
1163 1649 1320 1680 triremem
1344 1649 1525 1684 retineant,
1550 1652 1585 1679 et

878 1698 925 1728 ita
949 1698 983 1729 in
1008 1698 1146 1739 reliquis
1173 1699 1257 1729 locis
1282 1699 1372 1739 apud
1399 1699 1584 1738 Nepotem.

880 1748 955 1779 Nec
968 1757 1064 1779 secus
1077 1749 1228 1779 occurrit
1239 1749 1272 1779 in
1287 1748 1585 1789 inscriptionibus.

880 1799 1027 1830 Consule
1055 1799 1211 1831 Fabrett.
1238 1799 1281 1830 ad
1308 1800 1462 1832 Column.
1487 1799 1582 1840 Traj.

880 1859 913 1890 p.
933 1853 1006 1881 113.

924 1904 964 1932 16
987 1901 1099 1941 Remp.
1124 1911 1193 1931 cum
1208 1901 1323 1941 optimo
1343 1909 1458 1940 quoque
1480 1898 1585 1937 defen-

878 1951 969 1991 ditis]
993 1952 1045 1982 Ex
1061 1960 1097 1981 re
1113 1951 1187 1991 ipsa
1203 1951 1384 1992 legendum
1401 1950 1585 1990 defendetis,

879 2006 918 2032 ut
953 2002 1055 2032 etiam
1090 2001 1209 2033 Codex
1243 2001 1360 2032 Ursini
1398 2010 1586 2041 repraesen·

880 2051 987 2084 tabat.
1026 2052 1139 2083 Daris.
1170 2061 1240 2083 cur.
1271 2061 1340 2083 sec.
1398 2051 1587 2088 Defendetis

878 2104 983 2134 etiam
1008 2102 1172 2134 exhibent
1195 2102 1320 2144 Scalig.
1345 2106 1382 2133 et
1406 2101 1501 2133 Leid.
1530 2110 1583 2142 pr.

878 2158 916 2184 ut
929 2153 1068 2185 debent.

922 2211 1003 2234 va.
1021 2206 1062 2234 10
1084 2203 1228 2243 Amplius
1252 2211 1368 2234 xxxvr
1390 2202 1494 2242 annis]
1519 2203 1585 2233 Re-

879 2253 977 2292 pouit
989 2253 1089 2284 Joan.
1106 2253 1349 2293 Glandorpius‚
1365 2253 1496 2293 amplius
1518 2261 1584 2282 xvr

879 2302 978 2341 annis,
1005 2302 1086 2343 quia
1112 2311 1156 2332 ex
1189 2307 1339 2342 praetura
1368 2302 1511 2333 Caesaris
1540 2301 1583 2332 ad

879 2353 943 2384 hoc
961 2362 1068 2394 usque
1084 2357 1218 2393 tempus
1235 2362 1297 2383 xvi
1327 2357 1459 2384 tantuin
1482 2362 1584 2384 anno-

879 2413 952 2434 rum
968 2401 1117 2433 fluxerat
1133 2403 1292 2444 spatium.
1339 2404 1385 2434 Et
1400 2404 1498 2444 hujus
1515 2404 1586 2444 qui-

880 2453 957 2484 dem
978 2454 1207 2494 conjecturam
1232 2464 1274 2484 ex
1297 2455 1391 2486 Msto
1408 2455 1586 2486 Victorino

880 2503 992 2535 firmat
1021 2505 1122 2537 Joan.
1155 2504 1345 2536 Goduinus.
1401 2505 1583 2544 Vulgatam

881 2560 993 2586 tamen
1010 2555 1194 2595 lectionem
1221 2560 1337 2586 tuetur
1364 2555 1433 2586 Jul.
1453 2555 1584 2593 Celsus,

881 2606 938 2647 qui
976 2616 1010 2647 p.
1040 2608 1116 2637 222.
1145 2605 1227 2637 edit.
1263 2604 1404 2635 Londin.
1436 2605 1483 2634 sic
1515 2604 1583 2634 ait:

881 2660 889 2673 ‘
909 2656 1086 2690 Quomodo
1201 2660 1323 2686 contra
1347 2654 1438 2684 illum
1456 2653 1585 2684 exerci-

881 2712 966 2747 tum,
990 2717 1051 2747 pro
1068 2707 1166 2747 cujus
1183 2706 1326 2736 victoria
1343 2709 1378 2734 et
1403 2704 1511 2744 gloria
1527 2713 1584 2734 an-

880 2766 942 2789 nos
966 2765 1084 2789 xxxvi
1107 2762 1144 2788 et
1166 2765 1207 2786 eo
1233 2754 1374 2795 amplius
1397 2753 1585 2794 decertavi,
