1850 3109
414 197 750 240 uAP.64.L1m
786 205 848 234 DE
882 205 1039 235 nunno
1072 207 1232 238 Arana

102 307 187 344 post.
204 308 239 336 et
254 302 354 335 facile
380 302 489 343 oppido
515 310 557 331 ex
580 300 725 340 oppidum
741 307 796 329 an-

101 354 194 394 tiqua
238 351 514 393 pronunciatione
553 349 644 379 nasci
673 348 796 388 potuit.

100 404 257 434 Ceterum
274 402 378 432 videri
396 405 511 441 posset
525 400 577 430 hic
597 400 704 440 primo
721 400 796 429 loco

99 452 310 484 scribendum
338 459 411 481 esse
433 450 618 490 partimque.
662 449 728 480 Sed
746 458 795 479 so-

97 502 146 532 let
160 501 193 531 in
209 499 428 531 divisionibus
452 499 586 529 Hirtius
603 499 705 529 semel
723 508 795 530 eam

97 551 250 582 voculam
265 550 434 581 omittere.
479 549 545 579 Adi
570 549 611 579 ad
634 549 674 579 Β.
697 548 796 580 Alex.

99 609 128 631 c.
148 603 201 631 29.

140 652 179 680 16
203 650 257 680 Ex
269 649 426 690 perfugis]
457 649 599 681 Rectius
623 649 706 680 Mss.
731 649 794 679 Ur-

95 699 157 730 sin.
192 699 312 731 Petav.
344 700 419 740 Cuj.
447 704 482 731 et
508 700 604 730 Leid.
632 709 683 739 pr.
712 699 795 729 dant

91 749 237 789 perfuga.
284 750 466 781 Caesariani
493 749 618 780 milites
647 758 713 779 non
744 754 796 780 tot

98 807 236 830 numero
253 799 408 831 solebant
424 798 619 840 perfugere.
665 799 793 830 Saltem

95 848 131 880 id
161 849 375 881 dissimulant
412 850 529 881 Caesar
569 855 606 882 et
646 850 792 881 Hirtius,

95 899 268 940 Rescripsi
290 900 418 932 idcirco
438 900 593 941 perfuga:
626 906 794 941 praeterea

94 951 191 982 Leid.
205 951 330 991 primus
347 951 484 981 exhibet
498 961 515 981 a
526 950 673 991 perfuga.
704 950 793 981 Vide

93 999 188 1031 adB.
200 1001 244 1032 G.
255 1009 319 1031 vn.
336 1003 387 1031 83.
401 1001 410 1016 ‘
427 999 482 1030 Ab
495 1001 544 1031 his
561 1000 791 1041 cognoscunt!

135 1052 175 1080 18
200 1051 253 1081 Ex
270 1050 407 1080 Cothone
423 1049 579 1089 egressus]
617 1050 669 1080 Ex
693 1056 793 1090 portu

93 1105 165 1131 arte
180 1099 290 1138 fact03
324 1109 401 1130 nam
425 1101 433 1115 ‘
454 1099 608 1129 Cothona
624 1105 701 1130 sunt
717 1110 793 1139 por-

91 1155 145 1181 tus
173 1149 206 1180 in
232 1148 327 1188 mari,
342 1157 408 1179 non
437 1148 621 1186 naturales,
638 1149 696 1178 sed
719 1153 792 1179 arte

91 1205 127 1230 et
141 1208 242 1230 manu
257 1197 353 1229 facti.
398 1197 460 1228 Est
485 1203 599 1228 autem
615 1201 650 1228 et
665 1206 794 1228 mascu-

89 1249 148 1280 lini
165 1252 200 1279 et
215 1248 326 1279 neutri
350 1247 504 1288 generis:
529 1256 606 1277 nam
623 1252 659 1278 et
681 1248 793 1278 cathon

90 1299 178 1337 hujus
203 1299 342 1329 cathenis
371 1297 470 1337 facit,
493 1302 528 1329 et
554 1298 717 1328 cothonum
739 1298 794 1329 hu-

81 1351 137 1389 jus
160 1349 305 1381 cathani)
350 1349 466 1381 Verba
491 1354 569 1380 sunt
604 1350 714 1381 Servii
749 1349 792 1381 ad

94 1400 168 1431 AEn.
186 1409 209 1430 1.
223 1403 296 1431 431.
320 1400 431 1431 Daris.
447 1404 482 1430 et
499 1400 612 1431 Cellar.

130 1449 242 1480 Primo
257 1448 362 1488 omne]
386 1450 440 1481 Ne
451 1449 570 1481 dubita
584 1450 627 1481 de
643 1451 791 1482 veritate

89 1498 254 1538 lectionis,
277 1508 376 1539 quam
398 1504 576 1530 servarunt
603 1500 680 1531 Pet.
696 1500 791 1532 Leid.

88 1558 138 1589 pr.
155 1553 190 1580 et
203 1549 351 1580 Dorvill.
366 1559 435 1580 cum
443 1550 546 1590 primo
558 1560 657 1582 inane.
704 1551 790 1584 Quae

89 1599 286 1641 praepositio
314 1600 393 1631 dein
431 1601 576 1633 adhaesit
601 1612 695 1644 seqq.
723 1614 791 1634 cum

90 1650 230 1680 universa
247 1651 287 1681 cl.
313 1655 351 1682 ut
373 1655 426 1682 est
453 1651 488 1682 in
514 1652 598 1683 Mss.
622 1655 790 1686 nonnullis

91 1703 127 1730 et
143 1700 231 1731 Edd.
258 1701 355 1732 Rom.
372 1701 516 1732 Mediol.
535 1708 569 1733 et
583 1703 670 1734 Ven.
687 1704 790 1735 etiam

88 1759 155 1781 non
180 1751 279 1790 male,
296 1756 335 1783 ut
362 1756 459 1792 patet
486 1762 527 1783 ex
551 1753 652 1785 dictis
678 1754 719 1785 ad
748 1755 790 1786 B.

87 1800 162 1832 Civ.
178 1809 201 1832 1.
216 1803 268 1832 31.
316 1800 363 1832 At
387 1812 456 1833 cum
479 1804 580 1842 primo
605 1813 694 1835 mane
722 1805 790 1835 ele·

87 1854 219 1890 gauter.
264 1851 319 1882 Sic
336 1852 451 1883 Plaut.
467 1858 504 1884 et
525 1854 662 1886 Terent.
688 1856 697 1872 ‘
714 1865 790 1887 cum

88 1900 199 1941 primo
212 1902 314 1933 lucu.'
338 1902 427 1933 Vide
441 1904 571 1935 Comm.
586 1905 627 1935 ad
638 1904 788 1946 Adelph.

88 1958 123 1984 ν,
141 1952 171 1982 3.
188 1953 264 1982 35.:
302 1956 338 1983 et
368 1952 456 1983 infra
482 1953 524 1984 ad
552 1965 581 1986 c.
608 1957 660 1986 95.
686 1956 695 1972 ‘
713 1965 789 1987 cum

86 2000 195 2040 prima
217 2001 291 2032 luce
307 2001 327 2032 :’
362 2002 403 2034 de
420 2013 486 2044 quo
501 2004 579 2035 vide
597 2005 686 2036 Clar.
705 2006 789 2036 Bur-

86 2059 195 2081 mann.
211 2051 254 2083 ad
269 2051 370 2084 ovid.
383 2051 460 2084 Am.
475 2063 531 2084 ιιι.
548 2058 598 2086 14.
615 2057 645 2087 7.
673 2056 789 2088 Caesar

87 2103 121 2130 et
135 2104 251 2131 noster
266 2110 369 2141 supra
381 2112 451 2133 cum
463 2104 574 2134 nuncio
587 2104 685 2135 exire.
709 2105 788 2136 Plu-

88 2158 126 2178 ra
142 2148 294 2181 invenire
318 2156 412 2191 potes
437 2153 527 2192 apud
551 2154 644 2185 Coi-t.
662 2155 704 2185 ad
722 2156 789 2186 Sal-

87 2200 166 2230 lust.
190 2199 270 2240 Jug.
299 2210 329 2231 c.
357 2205 410 2233 68.
442 2204 450 2219 ‘
470 2213 545 2234 cum
562 2214 683 2236 occasu
708 2207 787 2237 solis

87 2249 202 2281 educit
218 2249 239 2288 ;’
263 2254 298 2281 et
323 2250 358 2281 in
387 2251 532 2283 Lexicis.
580 2254 664 2284 Mox
682 2258 788 2294 pente-

84 2308 182 2330 remes
197 2300 251 2330 vel
274 2299 472 2340 pentiremes,
486 2310 553 2331 non
566 2306 721 2342 penteres,
737 2308 789 2335 est

85 2349 118 2380 in
133 2349 248 2380 Ursin.
274 2350 397 2381 Petav.
421 2351 546 2391 Scalig.
564 2352 787 2385 Leidensihus

86 2403 121 2430 et
150 2398 297 2430 Dorvill.
325 2409 364 2430 ac
395 2400 524 2431 eunctis
556 2401 664 2433 Editt.
709 2408 787 2435 ante

84 2448 175 2480 Scal.
219 2448 307 2480 Vide
336 2453 460 2491 tamen,
476 2460 551 2492 quae
575 2451 721 2484 diximus
742 2454 786 2485 ad

90 2506 120 2528 c.
135 2500 189 2530 47.

130 2550 170 2578 19
196 2547 347 2580 Universa
371 2550 483 2591 classe]
521 2552 667 2586 Codices
706 2565 788 2587 non-

87 2597 170 2628 nulli
184 2607 258 2629 cum
274 2600 416 2631 universa
430 2602 533 2632 classe.
561 2604 670 2636 Clark.

132 2654 236 2678 thn.
259 2651 279 2679 4
302 2649 408 2690 Ibique
429 2655 576 2691 moratus,
587 2663 689 2685 omnes
703 2659 739 2686 ut
754 2666 786 2688 sc

90 2703 181 2726 naves
194 2702 453 2740 consequerentur,
472 2701 608 2740 primum
623 2702 688 2743 ipse
700 2706 785 2736 naei-

87 2743 202 2783 giolum
213 2755 342 2787 parcum
355 2751 542 2791 conscendit]
578 2752 676 2787 Fulv.
691 2755 785 2787 Ursi-

1434 199 1548 241 1625

848 297 880 328 ni
908 297 1025 329 Codex
1049 298 1150 339 ibique
1176 303 1326 339 moratur,
1341 311 1441 332 omnes
1468 305 1500 332 ut
1517 311 1550 332 se

847 356 938 378 nares
971 352 1233 388 consequerentur,
1257 354 1362 389 postea
1392 351 1468 389 ipse,
1494 353 1548 389 ἆγε.

846 396 901 427 Sic
918 402 953 428 et
969 398 1054 428 Mss.
1072 399 1138 429 duo
1159 399 1332 438 'l'huanaei,
1356 409 1454 440 quam
1483 400 1550 431 lec-

848 447 975 477 tionem
993 447 1117 488 probat
1140 448 1238 480 Joan.
1270 449 1457 481 Goduinus.
1480 450 1549 481 Ms.

848 502 959 528 autem
979 498 1116 529 Norvic.
1131 499 1233 539 ibique
1248 500 1401 538 hortatur,
1415 501 1465 539 ὅγε.
1479 503 1550 540 post

847 557 881 577 eo
909 550 1042 587 tempore
1070 549 1233 588 part-ulum
1262 550 1452 589 navigiolum
1480 560 1549 580 con-

845 599 977 637 scendit,
1002 604 1038 629 ut
1062 600 1239 639 legendum
1265 601 1468 632 crediderim
1493 602 1550 632 ibi-

846 658 902 687 que
927 648 1083 686 hortatur,
1103 660 1204 680 omnes
1228 654 1260 681 ut
1282 661 1313 681 se
1334 661 1425 681 nares
1450 660 1549 682 conse-

845 701 1010 737 querentur
1023 709 1034 734 ;
1052 703 1157 738 postea
1178 701 1242 740 ipse
1251 701 1411 741 parvulum
1428 703 1549 741 navigi-

844 748 926 778 olum
949 750 1132 779 conscendit.
1164 750 1276 781 Editt.
1307 756 1419 782 tamen
1452 752 1548 782 Rom.

845 800 932 831 Ven.
960 801 1119 832 Bcroald.
1164 802 1337 841 vulgatam
1367 803 1548 834 lectionem

846 850 1007 891 retinent,
1023 861 1096 892 quae
1113 852 1194 882 nihil
1208 851 1312 882 habet
1329 852 1458 883 absoni.
1481 853 1549 883 Da-

844 901 901 933 ris.
946 903 1020 942 Ego
1051 903 1207 943 proprius
1235 904 1335 943 paulo
1367 913 1387 933 a
1411 904 1549 943 vulgata

844 951 988 982 lectione
1012 952 1202 992 scripserim
1229 953 1406 993 equidem:
1442 953 1548 994 Ibique

844 1001 1311 1042 hortatus-consequerentur5
1333 1003 1459 1044 primus
1484 1004 1548 1045 (cel

844 1051 1008 1090 primum)
1037 1052 1120 1092 ipse,
1143 1055 1208 1084 Sec.
1245 1054 1353 1083 Clark.
1399 1054 1548 1084 Moratur

846 1100 940 1130 Leid.
957 1110 1022 1131 sec.
1039 1106 1073 1132 et
1100 1102 1208 1132 Dorv.
1225 1102 1410 1133 hortabatur
1435 1112 1548 1142 omnes,

845 1154 878 1179 ut
893 1159 924 1180 se
938 1160 1030 1180 nares
1045 1161 1146 1181 omnes
1157 1152 1251 1182 Leid.
1266 1161 1315 1191 pr.
1360 1151 1426 1183 Sed
1442 1153 1548 1183 horta-

843 1202 896 1228 tur
913 1199 1028 1239 Cujac.
1044 1199 1165 1230 Petav.
1178 1204 1213 1230 et
1228 1200 1314 1230 Scal.
1360 1202 1460 1232 Unde
1475 1203 1547 1234 sine

844 1248 1060 1279 haesitatione
1087 1249 1201 1289 recepi
1222 1249 1373 1281 hortatus.
1419 1251 1547 1283 Celeri-

843 1298 908 1329 tati
947 1299 1090 1330 Caesaris
1128 1309 1195 1330 non
1245 1301 1406 1332 convenit
1442 1311 1548 1334 mora.

842 1349 1016 1390 Scriptum
1024 1348 1135 1380 fuerat
1147 1349 1188 1380 de
1200 1360 1293 1381 more
1309 1354 1429 1382 ortatus
1440 1362 1450 1382 .-
1467 1352 1546 1383 inde

844 1399 989 1430 Librarii
1005 1400 1155 1431 nonnulli
1171 1399 1284 1432 fecere
1301 1404 1448 1433 moratus.
1493 1402 1547 1433 Ex

843 1449 962 1480 eodem
992 1449 1088 1481 fonte
1118 1451 1270 1481 manavit
1300 1450 1390 1481 istud
1424 1455 1546 1491 postea,

843 1499 932 1540 quod
960 1499 1065 1530 etiam
1089 1499 1225 1531 obsidet
1253 1500 1379 1541 Scalig.
1396 1507 1432 1531 et
1449 1501 1545 1532 Leid.

842 1558 894 1590 pr.
922 1548 1030 1581 Codd.
1076 1549 1169 1580 Dein
1190 1550 1355 1590 parvulum
1381 1550 1546 1582 exhibent

841 1598 1026 1630 Leidenses
1052 1599 1202 1641 utrique,
1226 1600 1350 1641 Scalig.
1377 1601 1486 1632 Dorv.
1509 1606 1546 1632 et

840 1649 908 1680 alii.
926 1649 1032 1681 Bene.
1070 1650 1148 1681 Hoc
1165 1650 1253 1681 enim
1271 1651 1385 1682 Hirtio
1403 1656 1454 1682 est
1471 1661 1547 1692 pro·

842 1700 964 1740 prium.
1008 1700 1077 1731 Adi
1105 1701 1146 1731 ad
1173 1710 1254 1732 vul.
1281 1704 1332 1732 13.
1357 1702 1366 1717 ‘
1385 1701 1545 1732 secundis

842 1750 993 1789 parvulis
1017 1750 1140 1791 rebus,’
1168 1755 1204 1781 et
1226 1750 1345 1781 Davis.
1372 1751 1413 1782 ad
1442 1761 1473 1783 c.
1490 1754 1544 1783 27.

840 1799 938 1840 hujus
955 1800 1044 1830 libri.

885 1852 924 1881 10
951 1849 1133 1890 Contendit]
1155 1850 1299 1882 Codices
1320 1851 1471 1882 nonnulli
1486 1862 1544 1883 coe-

835 1898 899 1939 pit.
944 1899 1046 1932 Quod
1074 1899 1164 1930 idem
1191 1898 1276 1932 fere.
1316 1901 1424 1933 Clark.
1470 1902 1544 1933 Mei

839 1958 953 1980 omnes
970 1949 1099 1980 rectius
1115 1949 1284 1982 contendit.

883 2002 922 2030 13
950 1996 1139 2039 Triremem]
1188 1999 1284 2031 Leid.
1322 2010 1374 2041 pr.
1415 2005 1543 2034 turrem.

839 2049 966 2080 Forsan
982 2049 1120 2081 trierem.
1159 2049 1208 2080 Ut
1225 2058 1326 2090 super
1343 2051 1352 2068 ‘
1365 2051 1542 2091 penteris‚’

839 2103 874 2130 et
898 2108 929 2130 e.
953 2102 1004 2130 44.
1028 2100 1144 2130 ‘navis
1171 2099 1284 2131 trieris
1299 2100 1319 2131 :⁹
1347 2100 1405 2131 ubi
1435 2101 1542 2142 plura.

841 2149 1028 2180 Custodibus
1044 2155 1158 2181 autem
1175 2149 1313 2181 delebat
1327 2150 1470 2191 Lipsius.

882 2202 923 2231 18
947 2201 998 2230 Εα
1012 2200 1115 2240 nocte]
1151 2200 1246 2232 Leid.
1273 2210 1324 2241 pr.
1349 2203 1455 2232 eadem
1481 2202 1541 2234 die.

838 2249 963 2281 Petav.
990 2251 1094 2280 eadem
1119 2253 1216 2281 nocte.
1273 2251 1408 2290 Opinor
1438 2250 1541 2282 fuisse

838 2309 874 2329 ea
886 2300 923 2329 de
935 2302 1035 2329 nocte.
1051 2300 1092 2330 Β.
1107 2299 1152 2329 G.
1166 2308 1206 2330 11.
1222 2303 1254 2330 7.
1282 2301 1290 2315 ‘
1309 2301 1358 2330 Eo
1373 2300 1415 2330 de
1431 2301 1543 2332 media

838 2354 940 2380 nocte
957 2348 1096 2386 Caesar,’
1111 2351 1177 2380 διο.
1220 2349 1310 2379 Vide
1334 2350 1480 2391 Malasp.
1506 2355 1542 2382 et

838 2398 952 2430 Graev.
979 2399 1023 2430 ad
1053 2399 1163 2431 Cicer.
1191 2399 1256 2440 Ep.
1291 2400 1367 2431 Att.
1400 2410 1480 2433 uu.
1511 2405 1541 2434 6.

837 2451 1020 2491 ‘Epistola
1045 2461 1144 2493 quam
1178 2451 1220 2482 de
1258 2457 1361 2483 nocte
1398 2452 1540 2484 daturus

836 2501 958 2532 eram!
995 2506 1031 2533 et
1046 2503 1162 2533 Burm.
1186 2502 1230 2532 ad
1245 2503 1384 2534 Sueten.
1402 2503 1490 2544 Aug.
1507 2513 1538 2535 e.

836 2554 889 2583 97.
913 2552 923 2568 ‘
942 2551 984 2584 de
999 2557 1102 2583 nocte
1120 2556 1260 2583 evectus
1277 2553 1352 2583 est.'

879 2611 980 2634 inv.
1015 2606 1035 2634 2
1061 2603 1140 2634 Cum
1162 2602 1290 2642 reliquis
1315 2602 1488 2641 dimiserat,
1508 2607 1538 2634 ct

832 2653 955 2693 postea]
990 2654 1094 2693 Lege,
1122 2653 1315 2693 postulante
1344 2661 1540 2689 sensu,cum

835 2703 962 2743 reliquis
977 2703 1149 2733 dimiserat.
1195 2701 1263 2732 Hic
1287 2703 1402 2741 postea.
1426 2700 1539 2734 Dat-is,

836 2762 909 2786 cur.
939 2752 1177 2784 sec.Frustra.
1224 2750 1288 2785 Qui
1324 2749 1536 2782 subauditur.
