1850 3109
426 209 530 239 cAP.
557 197 758 238 76.·L11³.
794 206 856 236 DE
892 207 1047 236 nmmo
1081 208 1243 239 Arme.

101 311 161 334 san
184 311 323 344 procem
349 300 560 332 substantive
589 300 657 340 legi
681 299 799 338 debet,

100 365 175 396 quae
193 365 257 385 vox
272 354 348 385 alibi
367 361 499 393 quoque
523 351 566 383 de
583 352 704 382 itinere
718 351 802 382 mili-

98 405 164 435 tari
180 404 341 436 occurrit.
369 403 410 433 V.
439 403 478 432 B.
498 402 542 433 G.
560 410 598 433 ιι.
615 405 665 433 11.
697 402 741 433 Et
756 401 803 432 ita

100 454 187 485 Edd.
210 453 292 494 qdd.
315 453 387 484 Cle.
416 462 476 492 pro
501 453 582 492 Leg.
609 453 702 484 Man.
726 462 754 484 c.
771 456 801 484 9.

102 503 284 543 Progressus
300 508 412 533 autem
430 502 568 533 edidere
582 502 684 533 etiam
701 503 801 533 Vasc.

97 553 231 593 Gryph.
256 557 342 592 post.
359 558 394 583 ct
409 552 554 584 Sti-adm.
580 554 751 585 Prot-edere
767 559 802 584 ct

92 603 239 642 progredi
263 602 296 632 in
319 601 368 632 his
400 603 652 634 commentariis
682 604 801 643 passim

95 649 359 682 confunduntur.
402 652 489 682 Vide
516 658 641 692 praeter
667 653 733 683 alia
759 653 802 683 ad

97 709 130 732 v.
147 703 201 732 47.
225 701 388 739 Profectus
404 702 436 732 in
456 712 521 733 nno
539 703 631 734 Gall.

137 753 156 781 7
182 750 386 791 Super-sedere
398 752 528 792 pugnoe]
546 753 686 793 Repone
697 763 802 794 super-

94 802 198 832 sedere
216 812 336 842 pugna,
362 802 642 843 quemadmodum
671 803 803 844 flagitat

94 850 276 884 Latinitas.
307 852 428 884 Cicero
445 853 487 884 de
503 854 632 885 invent.
659 854 697 886 L.
711 864 734 885 1.
749 858 802 886 20.

91 901 100 918 ‘
118 902 194 933 Nou
208 902 316 933 minus
330 913 442 934 rerum
454 913 518 934 non
533 905 800 935 necessariarum

95 961 195 992 quam
228 953 408 983 verborum
438 954 636 985 multitudine
665 964 800 994 superse-

92 1003 224 1033 dendum
249 1003 321 1034 est.’
365 1005 409 1034 Et
437 1014 468 1035 c.
490 1008 543 1036 21.
573 1006 582 1021 ‘
601 1005 701 1038 Quod
725 1015 801 1036 cum

92 1052 270 1091 acciderit,
302 1055 437 1084 omnino
462 1055 641 1086 narratione
665 1065 801 1095 superse-

91 1102 223 1132 dendum
249 1103 324 1134 est.'
372 1104 426 1134 Ita
450 1109 618 1143 perpetuo
642 1105 801 1145 loquitur.

93 1151 180 1183 Vide
193 1152 238 1182 sis
256 1157 290 1183 et
307 1153 512 1192 scriptorem
528 1153 569 1183 ad
587 1153 800 1184 Herennium

94 1209 134 1233 n.
153 1204 203 1233 19.
245 1202 358 1234 Duvis.
374 1213 444 1234 cur.
462 1212 531 1234 sec.

136 1251 263 1291 8,Iter,
277 1253 330 1291 sse.
354 1253 400 1282 ire
416 1252 590 1292 contendit]
615 1251 801 1283 Leidenses

93 1306 129 1333 et
146 1302 253 1333 Dorv.
277 1312 344 1333 non
373 1306 561 1342 agnoscunt
587 1310 704 1333 vocem
728 1303 799 1333 iter.

93 1353 186 1385 Cave
219 1357 345 1392 tamen,
371 1353 412 1384 iis
439 1353 624 1384 auscultes.
671 1352 801 1384 Noster

92 1404 182 1435 enim
197 1414 226 1436 c.
243 1407 274 1435 6.
287 1404 359 1444 jam
376 1404 513 1444 scripsit
529 1404 621 1434 ‘iter
637 1404 800 1434 constitu-

91 1457 164 1484 tum
180 1454 229 1484 ire
253 1453 455 1484 contendit!
485 1454 606 1484 Statim
620 1453 682 1484 iter
698 1454 799 1494 incep-

91 1506 157 1534 tum
171 1503 217 1534 ire
232 1506 397 1543 coeperunt.
443 1502 544 1534 Adde
559 1503 604 1534 N.
620 1503 740 1534 Heius.
757 1503 800 1534 ad

92 1552 194 1585 Ovid.
220 1554 286 1594 Ep.
313 1562 378 1585 vu.
404 1557 460 1584 40.
496 1553 675 1586 Quomodo
709 1563 800 1595 saepe

92 1605 138 1635 ire
151 1604 233 1634 viam
249 1608 285 1635 et
302 1604 435 1634 similia.

134 1656 155 1684 9
182 1653 286 1694 Scipio
314 1653 522 1685 Numidarum
548 1653 697 1685 habuerat
722 1665 800 1694 prae·

91 1703 219 1744 sidium]
247 1704 313 1734 Ms.
328 1704 434 1735 Norv.
446 1708 685 1744 repraesentat,
697 1703 800 1746 Scipio

95 1753 303 1785 Numidarum
327 1754 475 1785 habebat
502 1753 696 1794 praesidium,
722 1764 799 1794 quae

91 1812 173 1834 sane
185 1803 289 1834 lectio
304 1812 369 1834 non
385 1804 498 1844 paullo
511 1809 562 1834 est
578 1804 710 1843 melior,
723 1814 800 1835 cum

94 1853 183 1884 enim
210 1854 326 1885 Caesar
353 1854 395 1885 ad
429 1854 593 1895 oppidum
625 1856 800 1885 Sal-suram

92 1902 200 1941 venit,
216 1902 263 1933 ibi
280 1903 473 1943 praesidium
495 1903 663 1944 Scipionis
686 1913 799 1944 reper-

93 1956 164 1982 tum
193 1951 380 1984 interfecit.
428 1953 517 1984 Vide
543 1963 572 1984 c.
601 1956 654 1984 76.
689 1954 798 1986 Daris.

95 2001 250 2033 Habebat.
289 2002 343 2034 Ita
359 2012 400 2034 ex
417 2003 502 2034 Mss.
518 2004 603 2044 Reg.
620 2009 655 2034 et
672 2004 800 2035 Eliensi

92 2051 339 2084 restituendum
359 2053 508 2085 videtur.
546 2054 638 2085 Editi
651 2054 800 2086 habuerat

91 2101 280 2140 praesidium.
333 2103 434 2136 Quod
467 2104 526 2145 (ex
556 2110 734 2146 sequente,
762 2110 800 2137 ut

92 2150 223 2191 opinor,
237 2153 497 2194 comportat-erat)
521 2164 541 2185 a
563 2154 727 2186 Librariis
747 2160 800 2187 est

92 2201 290 2244 repositum.
330 2203 407 2233 Non
432 2204 519 2234 enim
544 2204 579 2235 id
601 2205 649 2235 ait
667 2206 800 2237 Hirtius

93 2249 235 2281 habuisse
248 2252 365 2292 utique
390 2253 584 2292 praesidium
608 2254 641 2284 in
659 2254 801 2286 Sarsura

91 2300 298 2341 Scipionem,
323 2303 381 2333 sed
390 2303 460 2341 J‘am
475 2306 541 2333 tum
559 2303 683 2342 habere,
699 2303 800 2344 idque

93 2358 113 2380 a
133 2350 268 2382 Caesare
293 2361 356 2383 nec
380 2352 524 2392 opinans
547 2362 748 2393 oppressum
765 2357 800 2384 et

93 2399 337 2434 interfectum:
396 2406 433 2432 ut
475 2406 571 2434 recte
622 2404 800 2435 annotavit

93 2451 266 2483 Davisius.
321 2453 398 2485 Non
438 2458 553 2485 tamen
587 2454 799 2486 dissimulan-

93 2500 186 2542 dum,
214 2502 318 2534 etiam
355 2503 438 2534 illud
473 2503 623 2534 habuerat
658 2504 798 2535 retineri

94 2561 214 2592 posse3
242 2554 268 2584 si
283 2555 331 2586 ita
352 2556 552 2596 accipiatur,
570 2561 606 2588 ut
631 2556 799 2597 significet

93 2602 301 2634 collocaverat.
341 2604 519 2637 Quomodo
545 2604 635 2636 infra
660 2606 799 2638 videtur

96 2650 205 2690 accipi
233 2661 264 2682 c.
291 2655 344 2683 89.
375 2663 481 2694 prope
511 2654 652 2686 initium.
691 2656 798 2688 Clark.

97 2698 181 2739 Cap.
195 2709 267 2742 seq.
284 2702 294 2718 ‘
311 2701 423 2738 fuerat
439 2713 515 2734 cum
533 2705 690 2744 praesidio
703 2705 712 2719 ’
735 2716 798 2746 pro

96 2752 184 2780 erat.-
211 2754 250 2781 ut
276 2754 313 2782 et
333 2760 364 2783 c.
389 2755 440 2785 88.
472 2754 482 2769 ‘
502 2754 570 2787 Qui
587 2758 659 2786 tum
681 2755 713 2787 ei
735 2765 799 2797 pro

1448 200 1555 242 1331

855 305 1024 341 quaestore
1042 300 1176 331 fuerat!
1194 310 1224 331 c.
1240 303 1293 332 89.
1316 303 1324 318 ‘
1345 302 1408 334 Qui
1428 302 1472 333 ibi
1488 308 1558 335 tum

853 350 1012 382 fuerant!
1053 351 1109 382 Sic
1135 355 1171 381 et
1199 351 1239 381 B.
1270 351 1368 391 Hisp.
1394 362 1423 381 c.
1451 355 1499 383 13.
1527 354 1559 384 in

853 399 939 431 fine:
980 406 1015 431 ct
1046 410 1076 431 c.
1106 403 1158 431 14.
1195 401 1202 416 ‘
1228 411 1294 441 quo
1323 402 1394 431 lot-0
1427 402 1558 442 equites

853 452 1034 483 stationem
1051 452 1263 490 habnerant,'
1281 462 1341 491 pro
1358 452 1521 483 habebant.

898 505 935 532 15
968 502 1032 532 Sub
1063 503 1193 533 sarcinis
1227 502 1430 541 defatigatos]
1463 502 1558 533 Leid.

853 552 953 592 prim.
979 558 1014 583 et
1049 554 1157 583 Dorv.
1195 553 1325 583 sarcinis
1354 552 1556 592 defatigatos.

854 601 954 634 Quod
972 612 1037 632 non
1062 603 1183 633 malum
1204 603 1348 633 videtur.
1391 602 1458 633 Sed
1484 611 1559 643 pro-

854 652 927 692 pria
942 652 975 682 in
993 653 1042 682 his
1057 653 1150 693 qnasi
1167 652 1308 683 formula
1325 659 1377 684 cst
1392 653 1447 683 suh
1464 655 1559 684 sarci-

852 702 911 732 nis.
953 701 1021 732 Adi
1039 702 1081 732 ad
1100 702 1140 732 Β.
1166 703 1209 733 G.
1229 712 1282 733 111.
1299 706 1351 733 21.
1387 704 1395 719 ‘
1411 703 1473 734 sub
1492 713 1559 734 sar-

854 751 938 782 cinis
953 750 1130 782 inferiores
1147 752 1256 782 animo
1270 752 1417 783 adoriri.y
1442 754 1496 784 De
1510 763 1563 784 re-

853 802 1020 842 petitione
1057 803 1309 842 pr‘aepositionis
1337 803 1460 843 saepius
1492 804 1558 844 egi-

853 861 935 883 mus.
972 852 1060 882 Vide
1078 852 1197 883 eodem
1213 852 1298 883 libro
1317 862 1347 883 c.
1366 856 1394 884 1.

897 906 937 934 16
982 902 1165 942 Fefellerul]
1225 903 1367 934 Codices
1405 904 1556 934 nonnulli

853 953 958 994 (Edd.
973 954 1074 985 Vasc.
1094 955 1213 995 steph.
1231 954 1364 995 Gryph.
1383 960 1471 995 post.
1495 956 1561 986 Str.

845 1002 976 1041 fefellit.
1018 1003 1084 1034 Sed
1121 1004 1219 1044 longe
1252 1009 1394 1044 praestat
1423 1006 1558 1045 vulgata

853 1055 968 1085 lectio.
1008 1055 1098 1085 Illud
1122 1055 1223 1092 enim,
1246 1065 1313 1094 quoe
1335 1065 1384 1085 res
1405 1056 1560 1086 s‘oesnrem

852 1113 912 1133 nou
924 1102 1098 1142 fefellerat,
1116 1104 1180 1134 tale
1204 1109 1268 1142 est,
1287 1104 1387 1144 quale
1406 1104 1433 1134 si
1458 1105 1559 1135 dixis-

853 1156 916 1190 set,
946 1153 1007 1183 Cui
1034 1154 1081 1183 rei
1108 1155 1214 1183 Coesur
1243 1157 1315 1184 ante
1346 1155 1479 1193 viderat,
1507 1155 1561 1186 vel

851 1210 918 1241 quae
930 1210 979 1231 res
996 1202 1149 1232 Caesarcm
1166 1212 1223 1232 non
1232 1203 1378 1240 fugerat.
1414 1206 1523 1235 Clark.

894 1253 934 1282 23
959 1251 1083 1282 Milites
1097 1251 1304 1291 subsequinon
1321 1252 1457 1292 desistit]
1489 1255 1544 1285 Ms

852 1302 960 1332 Norv.
987 1302 1087 1332 editt.
1120 1302 1214 1334 Rom.
1244 1302 1368 1333 Venet.
1398 1304 1559 1335 Beroald.

851 1351 1013 1382 exhibent
1037 1351 1176 1391 subsequi
1204 1362 1262 1382 nou
1278 1353 1413 1391 destitit,
1437 1355 1561 1385 omissa

850 1402 960 1442 prima
977 1412 1072 1441 voce,
1088 1412 1164 1443 quae
1188 1403 1280 1432 nullo
1303 1403 1484 1434 sententiae
1501 1404 1559 1435 de-

851 1452 1014 1483 trimento
1027 1452 1144 1483 abesse
1158 1458 1285 1493 potest.
1312 1453 1427 1484 Duris.
1457 1455 1560 1495 Equi-

852 1501 927 1532 dem
941 1511 1018 1533 cnm
1036 1502 1180 1532 Davisio
1195 1511 1310 1532 vocem
1327 1503 1424 1533 istam
1439 1503 1558 1535 abesse

852 1551 978 1582 debere
1010 1551 1180 1583 existimo.
1231 1552 1280 1582 Ut
1303 1552 1400 1583 deest
1422 1553 1560 1593 quidem

849 1602 883 1632 in
900 1602 968 1633 ΜΞ.
986 1602 1070 1642 Reg.
1088 1602 1216 1633 Eliens.
1235 1607 1271 1633 et
1286 1603 1383 1633 Voss.
1400 1610 1435 1634 et
1453 1604 1561 1635 Editi-

850 1652 969 1682 onibus
991 1652 1192 1692 quibusdam
1216 1653 1413 1683 Veteribus.
1450 1654 1559 1684 Clark.

851 1700 963 1732 Abest
980 1702 1082 1733 etiam
1098 1712 1118 1733 a
1130 1702 1207 1733 Pet.
1221 1702 1310 1733 Scal.
1325 1703 1559 1742 Leidensibus,

851 1752 998 1782 Dorviu.
1026 1752 1113 1782 Item
1142 1752 1230 1783 Edd.
1256 1753 1397 1784 Vaseos.
1425 1753 1559 1794 Gryph.

851 1805 941 1840 post.
957 1801 1075 1841 Steph.
1093 1806 1129 1832 et
1145 1802 1231 1833 aliis.
1264 1803 1378 1835 Quare
1395 1803 1515 1833 dilexi.

895 1860 1022 1883 Lxxvl.
1046 1854 1066 1882 9
1090 1854 1195 1892 Atque
1217 1853 1323 1893 inopia
1343 1853 1380 1884 ab
1403 1864 1559 1894 oppugna-

855 1901 937 1932 tione
973 1901 1036 1940 ejus
1069 1902 1251 1942 deterritus]
1301 1902 1390 1934 Just.
1423 1904 1558 1943 Lipsius

852 1952 963 1983 Elect.
990 1961 1030 1983 11.
1054 1954 1109 1982 22.
1140 1952 1298 1983 rescribit
1325 1963 1410 1992 aquae
1435 1954 1562 1993 in‹›11ia;

852 2002 912 2033 sed
930 2002 970 2042 si,
987 2008 1026 2034 ut
1042 2002 1190 2041 videtur,
1213 2003 1348 2033 Hirtius
1363 2013 1477 2034 rerum
1500 2014 1559 2044 op-

853 2052 933 2093 pido
961 2053 1190 2093 expugnando
1216 2054 1485 2084 necessariarum
1511 2054 1560 2085 in·

851 2103 963 2143 opiam
989 2104 1173 2144 intelligat,
1201 2103 1289 2134 haud
1321 2113 1405 2144 opus
1432 2108 1495 2143 est,
1520 2108 1560 2135 ut

851 2154 921 2194 ejus
937 2154 1170 2197 conjecturam
1198 2154 1414 2192 recipiamus.
1444 2155 1556 2185 Datis.

850 2202 967 2244 Atque
990 2205 1103 2244 inopia.
1138 2204 1234 2235 Ferri
1259 2209 1373 2245 potest
1396 2205 1468 2235 haec
1491 2205 1558 2236 lec-

852 2253 898 2284 tio
911 2264 919 2291 3
944 2257 982 2283 ut
997 2254 1042 2283 sit
1055 2255 1257 2295 (annotante
1271 2254 1432 2293 Davisio)
1443 2254 1560 2295 inopia

851 2312 960 2333 rerum
992 2305 1035 2333 ad
1063 2304 1351 2344 oppugnationem
1376 2304 1561 2335 necessari·

849 2362 955 2383 arum.
973 2353 1123 2384 Pulchra
1137 2358 1249 2384 tamen
1264 2359 1316 2384 est
1330 2354 1434 2394 Lipsii
1445 2363 1558 2385 emen-

850 2402 955 2442 datio,
969 2403 1026 2444 qui
1042 2404 1138 2443 legit,
1155 2404 1397 2444 AQL‘AEinopicu
1413 2410 1558 2445 propter

848 2452 884 2482 id
909 2453 1000 2494 quod
1022 2453 1189 2494 sequitur,
1202 2454 1346 2493 protinus
1357 2454 1557 2494 profectus-—

848 2505 888 2536 ad
901 2513 1021 2545 aquam
1030 2505 1115 2543 facit
1131 2508 1245 2536 castra.
1286 2507 1394 2537 Clark.

892 2559 930 2587 11
955 2556 1006 2587 Aa
1021 2566 1132 2597 aquam
1141 2555 1227 2594 fat-it
1239 2557 1355 2596 castra]
1376 2557 1434 2586 Sic
1450 2555 1557 2586 edidi-

848 2614 921 2637 mus
948 2616 991 2638 ex
1019 2606 1087 2637 fide
1119 2607 1187 2637 ΜΞ.
1218 2606 1356 2637 Norvic.
1388 2610 1423 2635 et
1455 2605 1555 2635 editt.

850 2656 969 2697 steph.
989 2657 1114 2697 Vulgg.
1138 2665 1316 2696 perperam
1335 2655 1417 2693 fecit
1439 2657 1555 2685 castra.

849 2707 966 2738 Davis.
1007 2707 1100 2738 Facit
1119 2710 1231 2737 castra.
1266 2706 1321 2736 lta
1337 2709 1430 2735 recte
1457 2704 1554 2736 resti-

851 2756 917 2788 tuit
929 2756 1091 2788 Davisius
1111 2765 1154 2787 ex
1171 2756 1240 2788 Ms.
1257 2755 1384 2787 Eliensi
1403 2760 1438 2786 et
1461 2754 1554 2787 Edit.
