1850 3109
273 185 388 227 1820
702 196 738 225 J.
771 194 907 225 ensi
941 194 1290 223 commnnrxnn

276 290 406 326 Caesar
426 295 534 339 parte
553 289 742 326 exercitus
763 289 989 337 privaretur:
1012 286 1060 323 de
1082 300 1160 336 quo
1182 288 1312 324 Caesar
1331 287 1410 337 ipsc
1432 286 1550 324 multu
1571 285 1728 323 audiens

276 352 326 390 nil
347 352 543 396 credebat,
578 352 837 389 constantiam
859 349 1023 385 alienant
1058 362 1127 386 sua
1161 351 1319 386 metiens
1353 351 1586 387 constantia:
1618 349 1728 397 cujus

275 415 420 453 liic-tum
442 429 512 465 pro
535 415 716 452 varietate
738 412 979 449 ⁵seutentiam
1001 419 1037 448 et
1058 425 1240 449 excusare
1263 413 1350 449 licet
1374 421 1410 450 et
1442 412 1728 463 reprehendere.

273 479 373 516 Nam
395 480 425 516 si
459 481 590 516 Caesar
623 478 762 524 injuste
797 482 932 512 contra
965 476 1257 525 pati·i·.1ui'arina
1279 477 1588 526 vertebat,jnste
1609 476 1730 513 deseri

276 543 417 591 potuit,
440 549 475 578 et
499 541 718 591 reipublicae
748 540 915 578 charitas
947 539 1107 589 privatis
1141 539 1344 576 affectibus
1376 540 1569 589 anteponi.
1628 539 1731 576 Alio-

274 606 365 654 quin
386 605 522 654 ingrati
543 605 699 641 infamia
721 617 797 640 non
823 603 981 647 carebit,
1005 604 1071 653 qui
1091 610 1168 639 tani
1191 617 1279 640 caro
1301 602 1392 639 duci
1413 603 1528 640 alium
1550 602 1731 651 praetule-

275 668 334 713 rit,
354 669 467 718 eique
489 669 568 705 sine
589 681 705 705 cansa
739 667 947 704 acerrimus
981 668 1099 704 bostis
1120 667 1295 703 evaserit.
1355 667 1399 703 Et
1423 665 1600 715 profecto
1621 666 1651 702 si
1674 666 1729 702 iu-

273 731 468 782 gratitudo
489 731 573 776 fuit,
595 739 650 768 sat
686 730 804 780 digno
825 730 1017 779 supplicio
1048 730 1180 779 punita
1201 730 1283 773 fuit,
1318 737 1358 766 ut
1389 730 1454 779 qui
1486 730 1558 766 sub
1579 730 1730 766 Caesare

275 795 609 832 victoriosissimus
644 795 700 831 vir
732 794 876 837 fuisset,
909 794 980 829 sub
1011 793 1200 842 Ponipcjo
1232 793 1494 843 fugacissimus
1522 793 1647 830 fuctus
1668 793 1730 835 sit,

274 865 420 896 mutata
441 872 530 897 cum
552 858 667 902 duce,
688 871 761 895 non
784 857 935 894 lbrtuna
955 863 1103 893 tanturn
1126 856 1302 900 bominis,
1333 856 1400 893 scd
1435 857 1592 894 virtute:
1625 856 1729 906 quod

272 923 310 960 in
331 936 418 960 eum
439 922 649 972 aliqnando
669 923 797 959 Caesar
826 921 1055 958 mordaciter
1088 919 1360 970 exprobrando
1392 919 1534 957 dixisse
1555 919 1731 958 traditur.

274 988 371 1023 Sane
393 987 556 1035 qualiter
575 993 640 1023 aut
662 985 817 1036 qnando
850 985 1072 1022 discesserit
1104 983 1241 1034 ⁶seque
1273 984 1493 1021 vocantium
1514 983 1731 1021 hortatibus

272 1049 473 1098 nequierit,
495 1062 570 1085 non
593 1050 764 1092 iux·enio;
797 1048 865 1085 nisi
896 1049 1001 1098 quod
1035 1048 1132 1085 libro
1154 1060 1220 1086 VII
1252 1048 1511 1098 Epistolarum
1533 1047 1731 1085 Ciceronis

273 1112 322 1150 ad
344 1113 540 1157 Atticu1n;
573 1127 618 1150 eo
638 1120 823 1163 tempore,
855 1126 932 1163 quo
962 1112 1044 1149 liaec
1081 1112 1116 1148 in
1138 1111 1337 1161 republica
1358 1111 1517 1155 fiebant,
1539 1111 1590 1148 ita
1611 1111 1731 1160 scrip-

274 1184 353 1214 tum
374 1184 454 1214 est:
487 1183 496 1197 ‘
512 1177 702 1214 Labienus
723 1177 902 1214 discessit
922 1190 942 1213 a
966 1177 1149 1215 Caesarez’
1179 1182 1214 1212 et
1238 1175 1274 1212 in
1296 1176 1367 1212 alia
1389 1176 1518 1212 statim
1540 1175 1731 1224 Epistola:

273 1247 282 1262 ‘
299 1243 513 1281 Labienum
534 1243 583 1281 ab
601 1258 646 1281 eo
667 1243 886 1280 discessisse
909 1241 1192 1292 propemodum
1215 1243 1396 1278 constat.'
1435 1242 1484 1278 Et
1503 1247 1589 1290 post
1607 1253 1733 1290 pauca

272 1305 321 1343 de
350 1307 489 1343 eodem
521 1306 713 1356 simulque
748 1306 796 1342 de
826 1306 976 1343 Caesare
1007 1306 1188 1355 loquens:
1221 1303 1422 1348 ‘ihc-inus:
1456 1303 1595 1352 inquit,
1628 1310 1732 1353 ‘quo

267 1369 436 1418 jamdiu
468 1369 614 1406 nullum
648 1369 758 1407 civile
779 1368 1020 1418 praeclarius:
1053 1369 1118 1419 qui
1154 1376 1194 1406 ut
1227 1368 1329 1405 aliud
1364 1367 1473 1412 nihil,
1510 1369 1583 1404 boe
1604 1373 1731 1404 tamen

273 1433 455 1483 profecit:
486 1435 595 1472 dedit
615 1434 666 1472 illi
687 1434 882 1472 dolorem:
915 1435 980 1472 sed
1003 1435 1119 1472 ctiam
1149 1435 1196 1472 ad
1220 1448 1404 1472 summam
1427 1433 1643 1484 profectum
1663 1433 1736 1469 ali-

274 1498 365 1548 quid
387 1502 513 1549 putoz'
535 1512 603 1536 nec
626 1500 736 1549 longe
757 1507 864 1548 post:
898 1505 906 1519 ‘
922 1499 1136 1544 Labienus,’
1168 1499 1306 1549 inquit,
1338 1505 1347 1519 ⁴
1365 1499 1422 1536 vir
1443 1511 1526 1536 mea
1545 1495 1732 1535 sententia

274 1575 434 1612 magnus
453 1563 659 1600 Theanum
681 1563 800 1600 venit:
832 1564 885 1601 ibi
908 1564 1136 1613 Pompejum
1159 1564 1414 1614 consulesque
1435 1562 1634 1601 convenit:
1665 1560 1732 1610 qui

273 1639 398 1663 sermo
419 1626 544 1671 fuerit,
565 1633 603 1664 et
625 1627 715 1677 quid
745 1634 875 1665 actum
909 1627 967 1672 sit,
990 1628 1157 1665 scribam
1177 1627 1225 1665 ad
1248 1635 1286 1666 te
1307 1641 1394 1665 cum
1418 1634 1566 1665 certum
1589 1626 1733 1663 sciam?

272 1690 321 1727 Et
342 1703 510 1728 rursum:
543 1690 820 1740 ‘Aliquantum
856 1690 966 1728 nobis
998 1691 1112 1728 animi
1141 1691 1289 1729 videtur
1323 1691 1490 1728 attulisse
1521 1689 1735 1728 Labienus!

275 1754 451 1804 Denique
486 1755 533 1792 de
565 1755 753 1804 Ponipejo
786 1767 921 1803 agens:
954 1754 1218 1803 ‘Labienums
1253 1755 1388 1804 inquit,
1420 1759 1578 1791 ‘secum
1602 1752 1732 1797 habet,

272 1831 349 1855 non
369 1818 612 1856 dubitantem
631 1818 680 1856 de
702 1818 964 1856 imbecillitate
987 1819 1149 1856 Caesaris
1169 1819 1391 1868 copiarum:
1421 1818 1457 1854 iu
1477 1831 1555 1868 quo
1576 1816 1730 1867 quidem

274 1888 350 1918 tam
361 1882 659 1931 deindubitatoj
669 1883 917 1933 udiciolonge
928 1887 985 1931 (ut
997 1896 1052 1920 res
1061 1883 1212 1930 docuit)
1222 1881 1576 1931 fallebatur.’[175]
1591 1881 1734 1924 Quam-

272 1946 327 1981 vis
349 1958 437 1982 vero
457 1946 594 1983 modus
616 1947 840 1984 transeundi
862 1961 936 1984 non
960 1948 1112 1997 penitus
1134 1950 1279 1986 ⁷motus
1296 1947 1358 1991 sit,
1380 1947 1473 1982 illud
1496 1945 1608 1994 plane
1630 1957 1735 1981 coni-

272 2014 422 2057 pertum
441 2015 510 2054 est,
533 2010 671 2045 durum
692 2022 760 2058 per
789 2010 862 2046 boc
884 2024 929 2047 cx
950 2011 1076 2047 amico
1095 2011 1241 2047 bostem
1263 2009 1405 2048 Caesari
1426 2009 1640 2058 quaesitum,
1665 2009 1729 2044 sed

272 2072 488 2110 innoxium:
520 2073 592 2110 sibi
613 2081 741 2110 autem
764 2086 1005 2109 communem
1024 2073 1100 2110 fere
1117 2073 1294 2110 omnibus
1315 2072 1521 2122 transfugis
1537 2078 1735 2120 contemp-

273 2143 373 2173 tum:
404 2136 595 2185 siquidem
627 2136 764 2173 Cicero
795 2136 875 2185 ipse
908 2136 972 2185 qui
992 2149 1078 2173 euin
1101 2149 1167 2173 sua
1189 2136 1375 2173 sententia
1397 2148 1576 2185 maguum
1600 2135 1730 2171 8tinum

272 2200 432 2245 dixerat,
468 2199 671 2237 confestim
708 2199 806 2237 libro
837 2200 1036 2249 proximo:
1070 2201 1140 2237 ‘In
1174 2201 1370 2246 Labieno‚'
1401 2199 1536 2249 inquit,
1569 2204 1579 2219 ‘
1599 2211 1729 2247 parum

273 2271 331 2301 est
350 2264 577 2313 dignitatist'
611 2263 715 2301 unde
736 2278 757 2301 a
776 2263 966 2313 principio
985 2264 1159 2302 arbitrari
1189 2277 1227 2301 se
1247 2265 1311 2308 ait,
1332 2264 1437 2300 illuni
1454 2264 1538 2312 jani
1560 2269 1653 2299 tunc
1676 2262 1734 2298 sui

275 2328 473 2377 transfugii
496 2328 700 2378 poenitere;
734 2328 840 2377 quod
873 2328 1101 2377 Pompejum
1125 2327 1272 2364 scilicet
1293 2334 1330 2364 et
1351 2326 1529 2363 consules
1559 2327 1732 2375 viresque

273 2404 406 2428 omnes
440 2392 676 2440 reipublicae,
716 2393 809 2429 urbe
843 2392 1006 2437 deserta,
1046 2404 1196 2440 sparsas
1237 2403 1305 2439 per
1340 2391 1504 2434 ltaliam,
1545 2390 1732 2439 longeque

275 2457 392 2492 ¹Alium
413 2467 536 2491 rerum
558 2462 698 2491 statum
722 2468 836 2504 quain
859 2463 1073 2504 speraverat
1097 2454 1314 2491 invenisset.
1355 2456 1569 2492 Commune
1590 2455 1729 2491 malum

278 2518 528 2563 instabilium,
561 2532 606 2555 ac
638 2531 818 2565 vagarum
853 2518 1054 2554 mentium.
1112 2518 1245 2554 Sciunt
1282 2518 1468 2563 homines,
1505 2531 1591 2567 quae
1625 2518 1735 2554 relin-

280 2589 403 2632 quunt
425 2582 552 2632 qualia
575 2582 666 2618 sint:
698 2589 737 2618 at
771 2595 857 2631 qil-<u
891 2589 1028 2631 petunt
1062 2583 1251 2619 nesciunt:
1286 2584 1383 2619 unde
1418 2583 1473 2628 fit,
1496 2589 1536 2619 ut
1567 2595 1667 2632 sa‘pe
1696 2597 1732 2619 sc

334 2716 352 2741 Γ»
378 2711 480 2751 Lege,
497 2711 796 2742 sententiarum—s·
821 2712 925 2752 Lege,
942 2714 1106 2752 alque.-—7
1135 2712 1237 2752 Lege,
1254 2714 1414 2743 ttcrIIISf—‘S
1434 2711 1548 2750 ἴοι-ις,
1566 2710 1676 2740 cirum.
