1850 3109
524 211 585 240 nu
618 208 732 238 vrrA
764 206 898 237 sunu
932 207 1164 238 oomnis.
1431 179 1435 184 ’
1468 196 1580 238 18ίί5

123 311 376 363 asportandos
395 311 650 361 imponerent.
702 310 803 346 Dum
828 309 909 346 lutee
930 307 967 344 in
991 308 1249 344 Romanorum
1262 308 1495 345 exercitibus
1517 308 1581 345 sie-

123 383 217 420 rent,
245 375 378 413 Getuli
400 375 435 412 in
460 388 561 411 suam
586 374 746 424 patriam
769 374 869 410 missi
899 372 997 409 famu
1019 370 1182 409 Caesariz
1203 377 1344 407 cuncta
1365 372 1582 421 compleve-

124 446 221 483 rant,
243 439 400 489 suisque
423 444 688 489 persuaserant
711 437 905 480 rebellare,
943 448 1065 484 usque
1084 434 1181 471 adeo
1204 441 1245 471 ut
1277 434 1388 470 armis
1408 435 1581 483 arreptis,

122 509 254 540 contra
276 516 400 545 regem
421 503 619 540 absentem
642 515 754 551 agere
775 507 1051 550 praesumerent
1071 513 1078 536 :
1095 499 1209 549 [⁴2:34]
1226 498 1329 548 quod
1348 498 1409 535 ille
1426 498 1583 535 audiens

125 579 278 604 necesse
300 567 433 604 habuit
457 574 601 616 partem
625 577 778 602 suornm
799 564 1041 607 auxiliorum,
1074 575 1190 613 quam
1212 563 1248 599 in
1269 564 1461 600 Caesarem
1483 574 1586 599 com-

126 639 338 680 paraverat,
360 644 428 681 pro
450 631 553 680 regni
575 629 798 666 defensione
820 628 1026 665 remittere.

177 695 399 732 Obsidebat
421 696 551 731 Caesar
580 694 724 730 interea
754 693 843 730 ³⁸Ut
864 692 994 729 zittani
1025 691 1171 728 Affrico
1199 690 1346 734 urbem,
1374 703 1460 739 quac
1483 690 1587 740 regi«)

127 759 311 797 Getulico
343 758 523 809 prresidio
544 757 771 794 tenebatur:
807 763 846 794 et
866 762 1050 806 quantum
1075 754 1231 803 intelligi
1253 753 1379 798 datur,
1402 753 1589 804 Scipionis

127 835 172 860 ac
195 823 303 872 regiis
325 822 608 870 eiistrisjuncta
632 828 734 865 erut;
767 834 928 870 eamque
959 825 998 857 et
1027 818 1230 869 aggeribus
1262 824 1299 854 et
1333 817 1518 854 machinis
1552 823 1589 854 et

128 886 272 924 balistis
299 887 543 924 astrinxerat:
575 887 609 923 in
641 899 685 923 ea
711 885 913 922 obsidione
935 889 1136 933 coeperant
1154 881 1352 919 intrinseci
1375 888 1415 918 ut
1436 881 1478 918 tit
1499 894 1588 918 cum

127 951 349 988 extrinsecis
385 951 568 1000 colloqui,
601 950 716 1000 idque
751 949 896 987 Caesari
930 961 1006 985 non
1042 947 1242 985 molestum
1278 952 1371 991 erat,
1404 945 1592 995 cogitanti

129 1015 221 1065 qnid
246 1015 333 1052 boni
354 1015 387 1051 ei
417 1014 611 1064 colloquio
639 1013 761 1050 inesse
784 1019 933 1063 posset:
969 1025 1107 1062 nempe
1140 1011 1233 1061 regii
1264 1010 1456 1060 equitatus
1481 1009 1593 1045 nobi-

130 1079 242 1115 liores
273 1078 339 1115 filii
369 1092 516 1122 eorum,
539 1078 605 1128 qui
629 1077 819 1115 veteribus
844 1076 956 1114 Marii
992 1075 1191 1113 beneficiis
1221 1074 1398 1111 obstricti
1431 1073 1595 1116 suerunt,

128 1155 251 1192 eoque
271 1149 308 1179 et
331 1155 468 1179 nomen
491 1150 528 1179 et
555 1142 776 1179 memoriam
800 1142 866 1178 viri
887 1141 987 1178 illius
1007 1146 1191 1184 amantes,
1215 1146 1334 1176 noctu
1355 1139 1477 1187 prima
1498 1139 1598 1173 tace,

131 1207 244 1251 mille,
267 1205 325 1242 vel
351 1205 504 1243 circiter
526 1219 612 1242 cum
633 1204 742 1255 equis
765 1211 801 1242 et
824 1205 939 1241 servis
974 1204 1010 1240 in
1047 1203 1208 1240 Caesaris
1242 1210 1367 1240 castra
1397 1201 1590 1238 moenibus

133 1269 256 1307 vicina
279 1270 539 1320 transfugere:
570 1283 648 1318 quo
677 1276 754 1306 tam
788 1267 920 1317 insigni
951 1268 1110 1304 transitu
1133 1280 1201 1303 nec
1225 1265 1415 1303 immerito
1446 1270 1596 1314 pertur-

136 1333 246 1370 batus
276 1333 406 1383 Scipio
429 1339 468 1371 et
488 1333 554 1382 qui
586 1345 715 1369 secum
738 1338 857 1376 etant,
886 1338 1081 1381 coz-perant
1112 1330 1318 1367 observare
1340 1342 1385 1366 ne
1407 1327 1443 1365 id
1467 1326 1594 1364 tieret:

135 1397 274 1434 ³⁹Dum
297 1397 441 1434 interea
471 1399 526 1434 M.
551 1396 758 1446 Aquinium
781 1409 870 1433 cum
893 1397 937 1433 C.
960 1396 1119 1432 Saserna
1147 1394 1433 1443 colloquentem
1464 1390 1600 1428 adver-

135 1468 284 1498 terunt:
321 1461 500 1511 misitque
534 1461 582 1498 ad
618 1474 703 1498 eum
735 1461 880 1511 Scipio,
915 1472 991 1497 non
1021 1458 1202 1509 expedire
1224 1471 1270 1495 eo
1299 1465 1472 1506 tempore.
1510 1467 1598 1491 cum

136 1525 311 1563 hostibus
341 1525 536 1576 colloqui:
567 1525 627 1562 ille
649 1524 825 1562 nuntium
862 1523 970 1574 parvi
1003 1522 1187 1572 pendens,
1231 1519 1514 1559 contumaciter
1547 1531 1603 1555 rc-

136 1590 311 1639 spondit:
338 1595 347 1610 ‘
371 1591 418 1626 Et
447 1590 583 1633 stabo,'
605 1589 739 1639 inquit,
768 1595 777 1610 ‘
797 1589 925 1626 adhuc
947 1587 1072 1625 donec
1103 1587 1279 1637 expleam
1311 1583 1417 1636 quod
1447 1572 1604 1633 incepi.'

136 1654 238 1690 Tum
261 1667 325 1690 rev.
358 1661 498 1698 motus,
522 1654 705 1690 viatorem
729 1666 836 1690 suum
861 1652 973 1695 misit,
997 1651 1064 1700 qui
1094 1650 1277 1687 audiente
1313 1648 1550 1685 collocutore
1570 1644 1605 1682 ei

138 1717 305 1755 diceret:
338 1723 348 1738 ‘
372 1720 452 1755 Rex
483 1717 719 1767 colloquium
741 1717 841 1754 istud
863 1718 1020 1753 damnat
1051 1728 1095 1752 ac
1125 1714 1340 1764 proliibet:'
1361 1712 1434 1749 hoc
1470 1710 1603 1747 audito

137 1781 264 1830 paruit
281 1788 398 1831 atque
414 1781 610 1819 abscessit.
669 1781 836 1818 Miratur
853 1780 969 1829 hujus
991 1778 1159 1828 scriptor
1180 1776 1363 1822 historiae,
1386 1774 1490 1812 unde
1522 1774 1605 1811 haeo

140 1845 216 1882 civi
240 1846 434 1889 Romano:
458 1845 492 1882 ei
514 1844 727 1894 praesertim
749 1844 814 1893 qui
837 1844 1000 1880 honores
1019 1855 1040 1879 a
1061 1842 1207 1892 populo
1228 1839 1463 1891 percepisset
1481 1838 1607 1875 adhue

142 1916 266 1947 stante
296 1909 512 1960 republica,
545 1909 659 1948 Jubae
689 1909 766 1957 regi
789 1907 954 1944 barbaro
976 1906 1105 1957 potius
1126 1918 1242 1955 quam
1275 1901 1494 1953 imperatori
1528 1902 1606 1938 Ro-

143 1973 243 2010 mani
275 1974 463 2010 exercitus
488 1973 681 2022 paruisse:
719 1971 854 2009 mirum
891 1984 967 2008 non
1007 1969 1171 2007 inficior.
1243 1967 1319 2005 Sed
1354 1965 1458 2004 haud
1493 1964 1609 2002 dubie

145 2037 253 2075 valde
274 2037 408 2082 indies,
431 2043 618 2087 quantum
642 2036 731 2074 milii
752 2043 926 2086 apparet,
948 2034 1078 2085 Scipio
1098 2033 1212 2071 etiam
1236 2033 1334 2070 inter
1349 2044 1435 2069 suos
1455 2029 1613 2066 vilesce-

144 2101 223 2145 bat,
245 2101 350 2151 quod
372 2103 424 2138 ita
445 2115 538 2144 esse,
559 2114 722 2151 sequens
742 2114 898 2151 quoque
918 2107 1027 2137 actus
1049 2098 1193 2136 indicio
1210 2104 1280 2135 est.
1338 2096 1488 2143 Nempe
1508 2092 1610 2130 Juba

145 2177 222 2201 nou
243 2165 279 2201 in
303 2165 511 2214 Aquinium
539 2164 655 2201 modo
676 2164 857 2213 exiguum
880 2170 1093 2201 senatorem
1109 2162 1262 2211 justum
1286 2158 1485 2209 imperium
1509 2169 1611 2194 cou-

147 2227 312 2266 fidenter
329 2228 514 2273 exercuit,
537 2228 604 2264 sed
634 2227 820 2277 injustum
844 2232 960 2277 atque
991 2237 1172 2275 arrogans
1194 2224 1230 2260 in
1248 2224 1373 2272 ipsum
1393 2221 1508 2259 etiam
1530 2219 1614 2257 Sci-

147 2293 317 2344 pionem,
341 2305 415 2330 non
430 2293 557 2330 dicam
578 2292 846 2341 imperatorem
871 2305 918 2328 eo
939 2297 1127 2339 tempore,
1148 2288 1212 2326 sed
1235 2293 1376 2338 praeter
1395 2284 1612 2336 imperium,

147 2357 262 2407 [235]
282 2356 490 2394 honoribus
519 2356 635 2406 gestis
667 2361 705 2392 et
739 2354 1007 2391 vetustissimae
1033 2352 1186 2390 famili-,e
1226 2351 1426 2401 splendore
1460 2360 1614 2386 venera—

152 2420 265 2458 bilem
281 2420 380 2470 :qui
399 2434 486 2458 cum
508 2427 595 2458 ante
618 2419 714 2470 regis
735 2418 944 2456 adventum
978 2425 1082 2455 reste
1100 2428 1294 2467 purpurea
1316 2421 1497 2456 uteretur,
1520 2411 1615 2449 dixit

149 2484 183 2522 ei
201 2485 319 2528 suba,
343 2485 400 2521 vel
420 2484 498 2522 dici
518 2483 624 2529 fecit,
653 2497 729 2521 non
760 2484 898 2521 decere
919 2483 1024 2519 illum
1045 2481 1179 2519 eadem
1201 2492 1333 2517 secum
1353 2478 1447 2515 vesti
1470 2477 1541 2513 uti:
1577 2481 1615 2511 et

154 2549 281 2598 paruit
312 2548 554 2598 ignavissimo
583 2548 741 2593 homini,
763 2548 851 2585 licet
873 2548 950 2597 regi
983 2547 1095 2583 miser
1123 2545 1196 2589 ille,
1219 2551 1257 2581 et
1290 2542 1503 2590 majoribus
1538 2538 1614 2574 suis

154 2613 427 2650 dissimilibus:
458 2612 524 2661 qui
558 2612 588 2648 si
613 2612 664 2648 ibi
685 2619 822 2657 essent,
843 2611 1002 2656 Jubam,
1024 2623 1110 2647 vere
1132 2610 1205 2646 boc
1229 2607 1320 2644 mihi
1341 2604 1472 2642 videor
1494 2603 1617 2640 (lictu-

503 2755 543 2782 38
568 2752 669 2792 Lege,
689 2751 814 2784 vascam
834 2751 1051 2790 African—30
1075 2748 1177 2788 Lego,
1196 2747 1286 2777 Cum.
