1850 3109
267 161 380 204 1712
695 173 733 203 J.
766 171 904 204 anS1
939 172 1293 204 comiaNTARn

266 270 527 309 oblationem:
558 282 681 321 neque
713 272 821 309 aliter
851 285 965 322 quam
996 273 1031 309 in
1061 281 1208 323 partem
1236 272 1422 323 optimam
1454 271 1722 322 interpretatu·

267 339 337 378 est,
358 334 406 371 ad
428 341 592 372 mentem
624 348 663 371 se
695 335 881 372 saniorem
916 334 1098 379 rediisse;
1129 333 1215 385 [36]
1244 336 1397 385 suisque
1430 341 1469 372 et
1497 334 1720 385 reipublicae

267 396 464 435 beneficiis
484 399 721 441 obstrictum,
743 405 998 446 coactumque
1018 398 1212 446 petitionis
1232 399 1427 447 aequitate,
1463 406 1600 435 cuncta
1629 397 1722 436 deli-

267 460 478 504 bei-antem,
501 470 629 511 coepta
649 461 789 497 duritie
809 461 1044 497 desiturum:
1077 461 1273 510 colloquio
1293 461 1375 499 dies
1397 462 1554 512 quintus
1579 461 1721 499 consti-

268 525 401 562 tuitur.
459 524 594 560 Oravit
616 531 739 560 tamen
761 522 970 560 Ariovistus
990 535 1036 560 ne
1057 536 1154 573 quos
1177 537 1306 561 secum
1337 525 1485 574 pedites
1505 525 1635 562 Caesar
1654 524 1723 562 ad-

268 587 448 624 duceret:
494 586 663 636 alioquin
700 598 776 622 non
810 599 848 622 sc
885 585 933 623 ad
979 585 1077 623 diem
1118 587 1304 636 colloquii
1334 594 1548 631 venturum,
1588 586 1720 624 timere

267 649 366 686 enim
404 662 441 685 se
480 649 527 685 ab
559 648 833 701 illisoinsidias.
907 648 1044 686 Noluit
1101 650 1231 687 Caesar
1285 650 1355 686 liac
1395 649 1444 687 de
1480 663 1596 687 causa
1640 642 1720 688 rein

269 726 384 763 quam
424 713 585 762 putabat
621 711 750 749 utilem
788 712 987 761 impediri:
1034 713 1098 750 sed
1141 713 1332 750 decimam
1379 713 1581 763 legionem,
1627 713 1720 751 dum

267 777 316 814 ad
338 777 577 826 colloquium
605 776 687 819 iret,
724 776 927 812 Gallorum
963 776 1027 825 qui
1059 777 1095 813 in
1116 777 1247 814 castris
1268 783 1377 814 erant
1396 778 1505 825 equis
1527 777 1721 826 imposuit,

267 848 310 877 ut
328 841 499 890 equitum
521 840 643 890 specie
678 839 826 876 falleret
860 839 1010 889 pedites
1045 845 1297 876 metuentem:
1337 846 1372 876 et
1395 840 1487 890 ipse,
1511 840 1541 877 si
1561 853 1618 877 res
1637 853 1724 890 pos-

267 911 380 947 ceret,
403 903 585 940 fidissimo
606 903 772 940 omnium
794 903 975 952 praesidio
997 903 1049 940 uti
1081 909 1223 952 posset.
1283 902 1368 946 Qua
1403 903 1440 939 in
1472 917 1510 940 re
1543 904 1722 953 jocatum

266 980 384 1004 unum
416 980 462 1003 ex
501 966 695 1015 peditibus
733 979 807 1003 non
847 967 1080 1016 ineleganter
1116 965 1364 1015 accepimus:
1411 967 1548 1016 ‘plus,'
1585 966 1722 1016 inquit,

265 1035 277 1053 ‘
294 1030 420 1067 Caesar
441 1036 598 1078 praestat
620 1042 735 1078 quam
754 1029 943 1078 promisit.
1002 1028 1109 1065 Dixit
1129 1029 1230 1065 enim
1251 1042 1290 1065 se
1311 1029 1499 1066 decimam
1534 1029 1723 1079 legionem

265 1092 355 1129 loco
395 1092 563 1129 cohortis
603 1092 790 1141 praetoriae
831 1091 1064 1128 habiturum.
1123 1093 1298 1129 ¹⁵Eccue
1328 1093 1474 1142 equites
1508 1106 1576 1130 nos
1605 1093 1726 1130 facit!

266 1156 357 1193 Erat
378 1156 536 1205 exiguus
558 1156 726 1192 tumulus
748 1155 914 1204 planitiei
936 1155 1096 1205 ingentis
1117 1155 1153 1191 iu
1184 1155 1323 1199 medio,
1359 1156 1468 1192 locus
1499 1163 1722 1206 apparatus,

265 1219 316 1256 ab
338 1220 509 1268 utrisque
529 1219 662 1256 castris
683 1232 795 1268 aequo
815 1220 940 1269 spatio
968 1226 1160 1256 semotus:
1191 1218 1289 1267 legio
1322 1219 1484 1256 Caesaris
1517 1220 1623 1268 equis
1657 1220 1724 1258 im-

266 1282 392 1332 posita
410 1282 586 1319 ducentis
608 1283 793 1332 passibus,
815 1283 896 1332 pari
919 1283 1047 1320 itidem
1081 1283 1279 1320 intervallo
1314 1283 1494 1319 Ariovisti
1529 1283 1722 1333 equitatus

267 1345 452 1383 astiterat.
509 1346 704 1383 Orationis
726 1347 912 1384 Caesareae
934 1347 1055 1396 prima
1075 1358 1163 1396 pars
1184 1345 1255 1382 fuit
1287 1347 1626 1383 ‘commemoratio
1660 1347 1724 1385 be-

266 1408 491 1446 neficiorum
512 1410 674 1446 Senatus
707 1422 795 1459 erga
828 1409 946 1453 illum,
982 1408 1087 1459 quod
1122 1422 1246 1459 regem
1275 1422 1376 1454 eum,
1413 1409 1517 1459 quod
1555 1410 1721 1448 amicum

267 1471 436 1516 dixisset,
467 1472 572 1521 quod
607 1472 845 1521 amplissimis
879 1472 1098 1509 muneribus
1127 1472 1363 1516 honorasset,
1384 1486 1472 1521 quae
1493 1486 1539 1510 eo
1560 1474 1724 1523 gratiora

267 1548 350 1573 esse
371 1536 586 1579 debuerint,
614 1549 691 1585 quo
713 1536 807 1572 etin
830 1535 926 1572 alios
947 1537 1101 1579 rariora,
1131 1542 1169 1571 et
1202 1535 1238 1572 in
1274 1536 1395 1586 ipsum
1429 1536 1543 1585 gratis
1575 1537 1723 1586 absque

268 1599 386 1648 ipsius
407 1600 543 1636 collata
565 1606 688 1637 essent
709 1599 851 1635 meritis
874 1605 912 1635 et
932 1598 1081 1648 absque
1101 1598 1256 1635 notitia:
1288 1598 1405 1648 idque
1440 1598 1513 1634 sibi
1547 1612 1635 1636 cum
1660 1601 1724 1638 Se-

267 1671 379 1701 natus
426 1664 565 1700 eximia
602 1663 844 1706 liberalitate,
880 1675 968 1699 cum
1013 1660 1184 1699 ¹⁶tamcn
1217 1662 1336 1711 ipsius
1376 1662 1538 1700 Caesaris
1574 1662 1724 1701 efficaci

266 1739 386 1776 opera
406 1727 635 1775 contigisse!
691 1726 870 1763 Secunda
891 1738 978 1775 pars
1009 1730 1017 1744 ‘
1039 1724 1086 1762 de
1109 1725 1304 1762 Eduorum
1327 1739 1415 1762 cum
1448 1726 1630 1764 Romanis
1658 1740 1724 1764 an-

268 1791 375 1840 tiqua
396 1790 685 1833 necessitudine,
706 1797 863 1840 propter
884 1802 998 1839 quam
1021 1802 1098 1826 non
1118 1788 1234 1826 modo
1264 1796 1418 1839 possent
1452 1790 1555 1826 salva
1584 1790 1722 1828 hones-

267 1861 346 1891 tate
379 1853 547 1897 destitui,
577 1854 789 1904 praesertim
827 1866 911 1890 cum
952 1859 1041 1890 ante
1077 1854 1288 1890 Romanam
1324 1866 1480 1902 quoque
1513 1852 1721 1891 amicitiam

266 1917 386 1953 totius
425 1917 562 1953 Galliae
600 1917 860 1966 principatum
901 1916 980 1953 siue
1018 1916 1082 1953 lite
1120 1916 1372 1966 possederint.
1430 1917 1560 1954 Solere
1593 1924 1722 1954 autem

267 1979 462 2016 Romanos
501 1979 709 2016 amicorum
739 1979 910 2016 fortunas
943 1992 1018 2016 non
1048 1985 1196 2016 tantum
1230 1979 1435 2016 defendere
1468 1979 1534 2016 sed
1570 1992 1723 2029 augere.

266 2042 399 2081 Eduos
431 2056 522 2092 ergo
555 2041 818 2078 florentissimo
850 2043 885 2078 in
914 2048 1013 2078 statu
1036 2055 1105 2078 suo
1129 2044 1341 2078 Romanam
1361 2041 1567 2079 amicitiam
1587 2055 1723 2080 couse-

267 2113 400 2144 cutos:
431 2106 500 2143 sub
522 2105 657 2142 cadem
693 2113 839 2154 postca,
871 2105 1125 2155 principatum
1149 2105 1315 2148 servitio,
1347 2105 1638 2155 prosperitatem
1659 2118 1723 2143 ca-

266 2169 502 2207 lamitatibus
522 2175 773 2218 permutasse,
808 2182 881 2219 qua
913 2169 1038 2206 fronte
1069 2182 1194 2218 quove
1226 2168 1352 2204 animo
1374 2168 1539 2205 tollerari
1571 2169 1724 2218 posse'l'

268 2232 370 2270 Finis
391 2232 474 2276 suit,
506 2238 570 2268 ‘ut
601 2238 751 2281 peteret
779 2232 914 2268 eadem
946 2232 1042 2281 ipsa,
1074 2245 1159 2281 quae
1197 2231 1407 2281 legatorum
1438 2245 1502 2268 ore
1537 2231 1718 2281 petierat:

268 2295 368 2332 bello
387 2296 421 2332 in
445 2295 574 2333 Eduos
596 2303 712 2345 atquc
732 2295 880 2344 injuriis
901 2295 1122 2340 abstineret,
1157 2295 1310 2332 obsides
1345 2293 1535 2337 redderet,
1556 2294 1720 2332 Germa-

267 2371 337 2395 nos
358 2358 388 2395 si
408 2360 578 2395 emittere
599 2359 758 2395 forsitan
779 2372 855 2395 non
885 2365 1036 2408 posset3
1067 2364 1106 2394 at
1139 2358 1271 2394 saltem
1306 2370 1353 2393 ne
1383 2357 1474 2394 alios
1504 2357 1540 2393 in
1575 2358 1721 2395 Gallias

268 2422 572 2470 transportaret.'
627 2422 818 2458 Barbarus
837 2422 884 2458 ad
919 2422 1112 2471 ingenium
1144 2433 1327 2463 reversus,
1355 2421 1440 2470 [37]
1475 2420 1640 2470 ¹⁷pleuae
1660 2433 1721 2458 su-

267 2483 708 2534 pcrbiaejactantiaeque
745 2497 968 2533 responsum
997 2482 1178 2520 reddidit.
1239 2485 1285 2520 Et
1318 2484 1438 2532 primo
1465 2483 1622 2533 quidem
1649 2483 1721 2520 vir-

269 2553 369 2585 tutes
390 2547 468 2597 ipse
488 2553 525 2584 et
545 2560 602 2583 res
624 2560 709 2583 suas
731 2547 854 2584 multis
876 2546 1026 2584 extulit.
1085 2545 1201 2588 Quod
1224 2545 1273 2582 ad
1295 2546 1495 2583 transitum
1518 2547 1553 2582 in
1570 2545 1718 2583 Gallias

377 2698 415 2726 15
441 2695 543 2736 Lege,
559 2695 735 2727 Ecca—16
760 2692 907 2725 Videtur
922 2697 1025 2724 tamen
1051 2691 1330 2723 delcmlmn.-l?
1357 2690 1462 2732 Lege,
1478 2691 1611 2731 plenum.
