1850 3109
227 172 340 214 1752
655 184 694 214 J.
726 183 863 214 onst
897 184 1246 215 COMMENTARH

225 282 385 321 classem
406 290 444 320 et
463 283 640 320 ⁹⁴castris
669 295 736 332 per
766 282 874 319 ducis
894 283 1097 320 absentiam
1131 283 1323 321 indefensa
1354 284 1505 334 quantis
1527 285 1677 335 possint

228 346 371 384 viribus
394 347 602 389 invadant&
636 354 768 396 parent
791 346 857 390 illi,
894 359 958 382 seu
983 348 1115 396 patriae
1137 348 1288 393 caritas,
1322 363 1385 385 seu
1412 349 1544 397 jussus
1566 362 1680 398 supe-

227 410 336 448 rioris
359 417 532 459 urgeret:
565 423 733 459 euinque
761 410 808 446 ad
843 417 968 446 cas-tra
990 411 1191 455 venissent,
1226 420 1466 462 erumpentes
1500 413 1677 457 Romani,

226 474 356 511 multis
378 474 531 518 occisis,
553 481 590 510 et
613 486 688 509 uno
710 486 838 522 regum
861 480 990 522 capto,
1012 475 1074 511 cui
1090 475 1291 523 Legotorix
1313 488 1450 512 nornen
1471 483 1562 520 erat,
1579 476 1679 514 intra

225 536 363 573 vallum
388 537 548 584 sospites
572 535 714 573 rediere
732 549 740 572 :
773 549 850 585 quo
870 544 1009 574 eventu
1026 543 1063 574 et
1084 538 1291 587 praesertim
1313 538 1505 575 deditione
1527 539 1678 576 urbium

225 599 396 648 ⁹⁵niagni
437 611 481 634 ac
514 598 632 647 magis·
668 599 965 636 Casiinellannus
987 601 1113 637 animo
1139 614 1361 645 concussus,
1395 615 1438 637 ac
1472 601 1679 640 ²⁶‹tifl'usus

226 661 342 705 bello,
364 674 494 711 pacem
517 662 637 711 petiit,
670 662 904 700 deditionem
927 664 1080 708 obtulit,
1102 671 1137 701 et
1159 678 1227 714 per
1248 666 1421 702 Comium
1440 666 1678 710 Atrabaterm

227 737 339 775 quem
362 725 421 762 ille
442 725 478 762 in
497 726 641 771 amicis,
663 727 793 764 Caesar
813 727 909 764 inter
929 727 1040 772 fidos,
1068 729 1305 772 numerabat,
1330 729 1476 765 reniam
1498 729 1679 779 impetra-

225 788 295 826 vit.
351 790 448 827 Cum
472 789 569 826 enim
593 790 758 827 Ca‘saris
780 797 876 827 esset
907 791 1063 827 intentio
1084 791 1118 827 in
1141 792 1266 828 Gallia
1289 792 1503 837 hibernare,
1535 800 1571 829 et
1594 793 1679 842 jam

227 852 312 891 finis
331 866 451 903 prope
473 860 572 890 esset
594 854 750 898 testatis,
773 867 859 903 qua:
880 854 1000 891 multo
1022 854 1075 890 ibi
1097 861 1151 891 est
1175 854 1336 899 brevior,
1359 869 1472 904 quam
1496 856 1530 892 in
1552 863 1680 894 nostro

227 917 333 962 orbe,
368 917 600 955 mentionem
635 917 740 966 pacis
770 930 845 955 non
875 918 1013 955 invitus
1035 918 1195 962 audivit,
1234 931 1278 954 ne
1307 931 1376 967 per
1403 919 1561 956 hiemem
1584 919 1682 957 intra

225 980 388 1017 insulam
410 987 614 1017 teneretur.
673 982 886 1018 Contentus
915 994 1020 1031 reges
1051 982 1186 1017 vicisse
1206 994 1251 1018 ac
1274 982 1434 1030 cepisse,
1454 994 1498 1018 ac
1520 982 1682 1020 tributa-

221 1044 312 1081 riam
334 1043 468 1080 fecisse
490 1044 737 1089 Britanniam,
768 1045 952 1082 tributum
973 1058 1140 1082 annuum
1162 1045 1354 1094 imposuit,
1383 1045 1538 1082 obsides
1559 1045 1680 1096 impe-

223 1106 332 1144 ravit.
390 1107 487 1147 Nan}
512 1114 551 1144 ut
570 1107 847 1157 elegantissime
867 1109 918 1146 ait
941 1110 1097 1145 Florus:
1129 1113 1139 1128 ‘
1161 1121 1237 1145 non
1271 1109 1492 1158 provinciae,
1527 1109 1590 1146 sed
1613 1122 1681 1146 no-

225 1170 315 1207 mini
350 1169 606 1207 studebatur!
682 1172 724 1207 In
765 1172 916 1209 cunctis
956 1172 1292 1221 obtemperatum:
1331 1172 1423 1208 illud
1457 1184 1678 1221 expressum

223 1233 358 1271 dedito
378 1233 667 1283 ⁹⁷imparatum‚
699 1247 746 1272 ne
768 1248 841 1285 qua
863 1236 899 1272 in
930 1249 968 1273 re
993 1236 1309 1279 'frium-antibus,
1343 1235 1502 1284 aliisque
1523 1235 1680 1272 92³dedi-

223 1297 337 1335 tionis
369 1297 647 1342 Romanorum,
682 1304 770 1335 ante
802 1299 896 1336 alios
932 1299 1220 1336 Mandubracio
1248 1301 1282 1322 99
1297 1299 1426 1336 occiso
1470 1299 1566 1349 regis
1599 1298 1679 1336 filio

223 1366 421 1398 noceatur.
479 1360 551 1397 His
572 1360 784 1410 explicitis,
817 1362 866 1399 ad
890 1363 995 1400 littus
1016 1370 1053 1400 et
1073 1363 1120 1400 ad
1143 1363 1305 1401 classem
1331 1362 1458 1406 rediit,
1489 1375 1680 1412 navesque

223 1423 446 1473 utjusserat
467 1431 659 1474 reparatas
679 1424 887 1471 inveniens,
923 1426 1152 1464 conscendit
1171 1440 1258 1463 cum
1280 1426 1450 1463 exercitu
1479 1432 1515 1462 et
1536 1426 1679 1475 ingenti

221 1488 457 1537 captivorum
480 1487 590 1524 turba
611 1488 794 1537 proximis
815 1489 958 1539 proeliis
978 1490 1207 1539 intercepta.
1257 1489 1436 1539 Cumque
1459 1489 1681 1527 Britannico

221 1550 271 1588 de
291 1550 418 1588 littore
438 1551 608 1588 secunda
629 1551 753 1601 vigilia
774 1553 968 1598 movisset,
983 1553 1029 1590 ad
1048 1554 1243 1590 Gallicum
1264 1553 1370 1590 littus
1392 1553 1572 1590 omnibus
1590 1566 1680 1590 cum

222 1614 298 1651 suis
319 1614 521 1651 incolumis
542 1614 605 1652 die
623 1615 799 1664 proximo
821 1616 1014 1660 illucente,
1043 1618 1216 1666 pervenit
1246 1615 1485 1665 navigatione
1506 1628 1682 1666 prosper—

221 1677 327 1723 rima,
359 1678 466 1728 quasi
488 1678 547 1715 vel
570 1677 739 1716 discessu
759 1679 943 1729 gauderet
965 1680 1157 1723 Oceanus,
1187 1679 1253 1728 qui
1275 1678 1452 1716 doluerat
1471 1678 1520 1716 de
1537 1679 1680 1717 adven-

220 1746 287 1785 tu;
319 1741 377 1778 vel
399 1747 440 1778 ut
472 1741 607 1778 Florus
632 1740 734 1779 idem
755 1742 821 1787 ait,
853 1748 863 1763 ‘
882 1756 922 1780 se
942 1743 1124 1793 imparem
1147 1742 1342 1787 fateretur,
1377 1756 1445 1779 suo
1480 1742 1679 1781 blandiens

220 1804 427 1842 domitori.’

276 1868 353 1905 Hic
376 1881 463 1906 vero
495 1882 706 1919 parumper
738 1869 848 1906 haesit
879 1869 1144 1920 prosperitatis
1177 1869 1342 1919 impetus·
1364 1868 1559 1907 Caesareae.
1592 1870 1680 1920 [88]

223 1931 314 1968 Erat
333 1944 379 1968 eo
401 1931 495 1969 forte
517 1945 617 1970 anno
637 1939 796 1982 propter
814 1933 899 1970 coeli
925 1933 1142 1970 ariditatem
1164 1931 1345 1970 frumenti
1366 1939 1506 1981 praeter
1524 1933 1678 1970 solitum

222 1993 367 2044 inopia.
424 1995 476 2032 Ea
510 2008 568 2032 res
589 1997 731 2033 Caesari
764 1998 951 2045 persuasit
972 2004 1014 2034 ut
1033 1997 1199 2046 legiones
1225 2009 1292 2045 per
1311 1996 1468 2033 hiberna
1490 1995 1678 2035 distrahe-

221 2064 294 2102 ret,
327 2071 375 2095 ne
396 2058 620 2107 conjuncta}
643 2059 776 2097 urbem
808 2072 918 2096 unam
941 2068 1007 2096 aut
1039 2059 1193 2095 alteram
1227 2065 1523 2107 praegravarent.
1579 2060 1679 2102 Quae

221 2120 422 2157 distractio
444 2121 668 2170 reipublicae
699 2135 795 2172 pene
816 2122 932 2159 totius
961 2123 997 2158 in
1031 2121 1240 2171 perniciem
1261 2121 1385 2158 vertit.
1443 2121 1505 2159 Sic
1525 2121 1680 2160 fortuna

220 2183 412 2221 interdum
434 2184 800 2233 sapientissimorum
824 2187 1048 2234 ¹00qu0ru1n
1072 2185 1267 2222 hominum
1301 2184 1462 2222 consilia
1483 2191 1608 2222 versat
1632 2197 1677 2223 ac

220 2247 396 2298 dissipat.
446 2248 564 2286 Erant
584 2250 738 2299 quidem
754 2249 922 2298 legiones
942 2256 1082 2299 praeter
1101 2262 1228 2292 unam,
1253 2248 1426 2297 quamvis
1447 2248 1498 2284 ab
1519 2247 1678 2286 invicem

223 2311 424 2359 sejunctae,
456 2324 586 2349 omnes
607 2319 733 2349 tamen
755 2313 853 2350 infra
874 2319 1029 2349 centum
1051 2313 1152 2349 inilia
1175 2324 1368 2360 passuum,
1403 2317 1444 2347 ut
1463 2310 1494 2347 si
1514 2311 1682 2349 necessi-

221 2382 278 2414 tas
298 2376 486 2426 ingrueret
505 2377 622 2414 altera
641 2378 748 2415 alteri
769 2392 883 2428 opem
905 2379 1002 2416 ferre
1032 2378 1131 2415 haud
1155 2390 1244 2414 sane
1264 2376 1418 2414 difficile
1440 2377 1677 2421 viderentur;

220 2445 260 2477 et
297 2445 486 2489 praeerant
518 2439 629 2477 simul
665 2440 880 2490 legionibus
919 2441 1056 2490 singuli
1090 2441 1229 2489 legati:
1275 2453 1390 2477 unam
1421 2453 1466 2477 ex
1501 2440 1679 2478 omuibus

221 2502 542 2553 Transpadanam
564 2503 751 2553 legionem
785 2503 821 2541 in
843 2503 1040 2540 Eburones
1063 2503 1214 2540 mittens
1244 2515 1331 2540 cum
1355 2503 1522 2553 quinque
1542 2503 1679 2542 cohor·

263 2643 306 2674 94
329 2641 434 2683 Lege,
456 2644 655 2673 castra—95
682 2642 796 2682 Forte,
819 2642 968 2682 magn'sac
984 2641 1184 2681 magia—96
1209 2642 1312 2682 Lege,
1334 2622 1548 2683 diffisum—97
1571 2642 1678 2681 Lege,

222 2694 505 2737 imperaturae-98
526 2695 628 2736 Lege,
641 2695 895 2727 dedititiis.-99
920 2696 1024 2738 Lege,
1040 2695 1250 2728 occist—100
1274 2696 1386 2736 Forte,
1400 2704 1526 2736 quoque.
