1850 3109
527 194 586 222 nn
620 192 734 222 νιΤΛ
765 189 897 220 suut
932 190 1163 222 ememus.
1462 170 1573 225 1769

128 307 206 330 rum
229 293 412 340 impetum
433 289 624 334 fraenaret,
647 302 720 326 non
742 296 898 339 pontem
921 289 1032 338 fregit
1055 295 1094 325 ut
1114 289 1218 338 prius
1240 290 1310 327 nisi
1330 290 1379 327 ab
1400 304 1442 328 ea
1466 298 1572 340 purte

124 370 197 405 qua
220 354 465 392 Germaniam
487 353 747 401 contingebat.
806 352 873 389 Illa
893 352 1047 402 quidem
1069 359 1176 401 parte
1195 359 1362 390 extrema
1384 353 1421 390 in
1443 353 1574 391 dexte-

124 433 203 456 ram
237 418 358 455 Rheni
390 418 509 467 ripum
541 417 752 462 desinente,
775 417 1030 454 ducentorum
1066 416 1207 465 pedum
1242 417 1369 466 spatio
1401 416 1573 461 rescissa,

125 482 217 519 turri
239 481 360 530 lignea
380 481 690 530 superimposita,
712 488 750 518 et
771 480 1009 517 multimodis
1040 479 1329 517 circumvallata
1359 480 1575 517 munitioni-

128 546 213 588 bus,
244 545 452 582 duodecim
474 545 651 581 cohortes
671 544 719 581 ad
742 544 897 581 tutelam
924 543 1049 592 pontis
1070 543 1266 592 imposuit,
1295 551 1333 581 et
1354 544 1573 582 Vulcatium

125 607 285 646 ‘l'ullnm
310 609 365 645 liis
388 609 598 658 praeposuit
627 615 664 644 et
699 607 826 657 pontis
850 613 888 643 et
907 606 1124 644 cohortium
1158 619 1289 644 curam
1311 606 1433 645 dedit.
1488 606 1576 658 lpse

126 686 216 709 vero
254 673 438 709 adversus
477 672 740 721 Ambiorigem
775 669 1025 721 proficiscens
1063 683 1132 719 per
1167 670 1410 708 Arduennam
1446 671 1576 709 silvam

125 737 327 774 maximam
363 737 531 773 omniurn
562 736 789 780 Galliarum,
813 747 901 784 quae
935 734 1033 771 inter
1063 734 1257 778 Treviros,
1281 734 1519 785 Nerviosque
1540 742 1580 772 et

126 800 297 838 Rhemos
319 800 535 850 quingentis
556 807 593 837 et
614 813 661 837 eo
691 799 857 849 amplius
879 812 1058 849 passuum
1095 798 1245 834 milibus
1266 798 1301 834 in
1322 798 1492 847 longum,
1525 799 1578 836 ita

126 864 225 902 enim
248 864 442 914 proditum
464 878 483 900 a
505 864 758 914 scriptoribus
778 877 914 907 rerum,
949 863 984 899 in
1005 863 1123 899 lutum
1145 875 1234 899 vero
1255 862 1364 898 unius
1383 870 1447 899 ant
1467 862 1579 899 circi-

126 929 342 965 teraestivae
362 928 459 966 lucis
479 929 625 973 itinere,
656 928 759 978 quod
792 941 864 977 ego
894 927 975 976 ipse
1007 939 1090 963 sum
1121 938 1312 970 emensus,
1344 925 1577 963 extenditur.

126 992 288 1028 Lucium
311 993 529 1030 ⁸²Basilinm
551 1005 638 1029 enm
660 999 743 1029 toto
764 991 899 1042 praeire
927 991 1046 1040 jubet
1078 990 1264 1040 equitatu,
1297 997 1334 1026 et
1369 1002 1503 1027 cavere
1531 1003 1578 1028 ne

126 1055 231 1103 ignes
252 1056 287 1092 in
308 1057 443 1093 castris
465 1056 546 1093 tieri
565 1058 674 1100 sinat,
699 1056 812 1105 [109]
832 1068 878 1092 ne
900 1055 1002 1104 quod
1024 1054 1205 1090 indicium
1226 1053 1281 1090 sui
1300 1054 1412 1090 detur
1432 1053 1578 1091 adven-

126 1126 202 1163 tus,
231 1132 305 1155 neu
338 1119 520 1176 strepitus
539 1126 605 1156 aut
627 1120 813 1155 tumultus
832 1116 1092 1154 incedentium
1114 1117 1311 1161 andiatur3
1344 1117 1373 1153 si
1395 1116 1493 1154 forte
1515 1131 1577 1154 ve-

126 1181 282 1220 locitate
302 1183 358 1219 vel
382 1182 532 1219 silentio
552 1181 761 1232 proficeret
780 1181 828 1218 ad
850 1181 1127 1230 iniquissimum
1150 1181 1337 1217 hominem
1360 1181 1580 1230 opprimen-

127 1245 218 1282 dum
239 1259 247 1282 :
296 1245 402 1296 quod
441 1259 539 1296 pene
579 1245 775 1283 successit.
850 1245 951 1282 Nam
994 1244 1153 1281 Basilius
1191 1256 1352 1293 propere
1390 1256 1580 1294 supraque

128 1309 321 1358 ⁸³longnn1
344 1309 413 1346 iter
433 1309 647 1359 ⁸⁴peragat:
677 1321 844 1358 cumque
866 1307 1016 1344 indiciis
1037 1308 1296 1357 comperisset,
1319 1308 1420 1345 haud
1443 1309 1580 1358 procul

128 1372 389 1423 Ambiorigem
424 1373 521 1410 inter
553 1373 681 1417 silvas,
718 1373 944 1410 comitatum
977 1372 1220 1421 paucissimis
1240 1371 1434 1421 equitibus
1463 1386 1502 1409 se
1529 1381 1583 1409 te-

128 1449 233 1480 nere;
264 1436 491 1487 improvisus
513 1450 557 1473 ac
579 1437 706 1474 subito
726 1435 955 1486 ⁸⁵pervenit:
985 1435 1036 1472 ita
1058 1442 1099 1472 ut
1119 1448 1263 1478 currus,
1283 1448 1403 1485 equos
1424 1443 1459 1472 et
1475 1448 1580 1473 arma

126 1500 222 1548 eim,
244 1507 282 1538 et
312 1514 426 1537 omne
461 1501 639 1538 bellicum
671 1499 964 1537 instrumentum
997 1499 1158 1536 Romani
1189 1500 1351 1549 equites,
1371 1506 1579 1549 antequam

127 1565 177 1602 ab
197 1578 243 1601 eo
278 1564 507 1608 viderentur,
530 1564 750 1614 arriperent.
807 1563 866 1599 De
887 1576 965 1611 quo
985 1563 1067 1613 ipso
1094 1571 1224 1600 actum
1254 1570 1346 1610 erat,
1370 1563 1440 1600 nisi
1460 1561 1581 1614 ²⁶qui-

129 1628 215 1665 (lem
237 1641 257 1664 e
284 1627 359 1664 suis
380 1627 472 1664 locis
491 1628 685 1677 angustias
706 1625 977 1670 defendissent,
1000 1626 1079 1663 ’3⁷ut
1100 1626 1180 1676 ipse
1199 1627 1349 1664 interim
1371 1628 1481 1664 unius
1504 1640 1582 1664 ma-

129 1705 200 1729 nus
223 1691 373 1728 inermis
393 1704 494 1740 equo
525 1691 739 1740 impositus,
760 1697 797 1726 et
831 1690 982 1739 postico
1016 1702 1229 1728 nemorosae
1250 1690 1388 1728 domus
1409 1691 1581 1735 emissus,

129 1769 199 1806 per
218 1756 394 1792 silvarum
427 1755 542 1792 devia
571 1763 609 1792 et
642 1754 758 1792 calles
787 1753 940 1791 abditos
969 1754 1172 1804 erupisset.
1229 1754 1291 1792 Sic
1314 1762 1516 1804 utramque
1545 1754 1583 1791 in

129 1827 277 1870 partem
298 1833 386 1870 erga
409 1833 525 1856 unum
547 1819 739 1856 hominem
761 1831 835 1856 una
855 1819 948 1856 liora
978 1819 1051 1855 vim
1087 1831 1192 1855 suam
1227 1819 1398 1857 exercuit
1418 1818 1581 1862 fortuna,

132 1890 172 1921 ut
191 1885 368 1921 incautus
390 1884 683 1933 opprimeretur,
705 1895 913 1932 oppressus
940 1882 1138 1919 evaderet:
1169 1895 1237 1920 nec
1268 1882 1358 1919 satis
1387 1882 1466 1919 scio
1500 1882 1585 1933 quis

129 1948 346 1986 nocentium
388 1960 558 1997 unquam
598 1953 672 1984 tam
712 1946 890 1997 indignus
929 1946 1113 1984 evaserit:
1153 1946 1222 1983 nisi
1261 1946 1367 1995 quod
1408 1945 1585 1996 supplicii

130 2025 249 2063 genus
283 2012 354 2050 suit
386 2013 521 2049 vicinae
553 2011 685 2048 mortis
708 2017 843 2055 metus,
865 2010 928 2059 qui
963 2017 1003 2047 ut
1038 2009 1132 2046 mihi
1152 2010 1307 2059 quidem
1329 2009 1480 2047 videtur
1508 2010 1585 2059 ipsa

132 2077 244 2126 pejor
262 2083 320 2113 est
341 2084 477 2113 morte.
538 2076 586 2113 Et
619 2074 709 2124 quid
744 2073 898 2119 scimus,
921 2087 969 2110 an
1002 2073 1072 2110 sibi
1102 2073 1232 2110 suisset
1264 2073 1392 2110 utilius
1421 2072 1469 2110 ad
1500 2073 1585 2110 irati

131 2140 220 2178 licet
242 2139 402 2177 Caesaris
423 2145 652 2189 potestatem
682 2137 906 2187 pervenire!
934 2150 1020 2173 nan]
1059 2143 1100 2173 nt
1132 2144 1211 2173 erat
1244 2136 1479 2174 inexhaustae
1512 2138 1587 2175 cle-

134 2205 297 2249 rneutiae,
320 2203 529 2241 ⁸³coutiteri
550 2202 692 2239 crimen
725 2208 762 2239 et
797 2201 921 2238 oranti
955 2201 1112 2238 forsitan
1135 2201 1280 2238 veniam
1303 2214 1377 2239 non
1397 2209 1586 2252 negasset.

132 2270 244 2307 Nunc
266 2281 333 2318 per
351 2268 462 2305 silvas
477 2266 792 2304 Transrhenanas
813 2278 929 2315 vagus
952 2277 1105 2314 semper
1123 2277 1168 2301 ae
1189 2264 1374 2315 profugus
1389 2266 1585 2316 perpetuis

134 2333 247 2370 vitani
269 2332 345 2382 egit
366 2333 402 2369 in
421 2331 575 2368 latebris
610 2329 917 2366 8⁹conscientiam
950 2328 1070 2373 illurn,
1092 2327 1203 2378 siqua
1223 2336 1316 2373 erat,
1347 2336 1385 2366 et
1412 2329 1499 2379 jugi
1521 2343 1588 2379 pa-

135 2410 223 2435 vore
255 2396 531 2446 plectentibus.
590 2393 691 2432 lllud
726 2393 839 2444 plane
872 2392 1065 2438 odiosum,
1101 2392 1207 2443 quod
1242 2392 1290 2430 de
1322 2406 1411 2443 rege
1444 2393 1588 2431 nefario

176 2561 216 2590 82
242 2559 347 2600 Lege,
373 2559 529 2598 Basilum,
554 2562 589 2589 et
614 2558 660 2589 sic
678 2563 757 2598 post
782 2558 1006 2589 Basilus.—s3
1031 2555 1179 2586 Videtur
1195 2564 1236 2584 ex
1262 2554 1398 2585 Caesare
1422 2562 1585 2592 reponen-

136 2613 232 2644 dum:
255 2623 405 2653 supraque
420 2613 556 2643 onmium
571 2612 839 2652 opinionem—54
862 2612 965 2651 Lege,
984 2609 1208 2651 1›er‹rgz't.—-85
1235 2606 1589 2646 Foi·te‚snperreuit.—

136 2670 177 2698 nti
200 2667 315 2705 Forte,
329 2667 452 2707 quidam
467 2676 484 2697 e
498 2665 561 2697 suis
575 2665 729 2697 luch—87
747 2666 862 2705 Forte,
878 2668 912 2696 ut
937 2665 1004 2705 ipsa
1031 2663 1157 2695 interim
1182 2661 1272 2692 unius
1297 2669 1387 2690 ηῑαηιι
1405 2658 1589 2689 inermis.—

133 2722 173 2751 38
191 2721 293 2761 Lege,
311 2720 568 2761 cwfitenti.—SO
591 2720 697 2760 Lege,
714 2719 914 2751 conscientia.
