1893 3109
277 184 388 227 1412

273 299 384 332 eaque
432 288 563 321 laminis
602 287 771 330 clavisque
811 288 984 328 reiigant.'

273 342 365 374 Nam
381 340 572 371 necessario
591 343 716 370 tectum
743 340 806 370 lior
831 344 983 369 constra-

274 396 346 423 tum
363 391 482 422 axibus
497 390 575 429 fuit,
603 390 727 430 alioqui
750 390 875 419 nullius
891 394 983 420 esset

275 451 370 479 usus,
396 451 506 481 neque
535 439 822 471 contabulationis
849 439 982 469 nomine

273 491 330 534 (ut
345 492 383 523 fit
400 491 501 524 iufra)
514 501 532 520 a
549 492 682 521 Caesare
701 489 888 529 nuncupari
906 498 983 528 pos-

273 548 338 574 set.
378 543 536 581 Dcniqne
565 549 627 570 nec
654 541 778 570 lateres
803 539 915 569 eidem
936 539 984 569 in—

275 592 381 624 sterni
414 595 566 631 posmnt,
604 590 693 630 qnod
732 589 858 620 factum
897 589 984 620 int'ra

276 643 390 673 Caesar
414 642 472 671 ait.
523 641 655 671 Vossius.
701 639 824 670 Axibus
852 638 984 670 liabent

275 700 409 733 quoque
446 691 527 721 Mzs.
563 691 682 720 Brant.
721 689 894 720 Leidensis
932 698 982 728 pr.

274 741 397 780 Scalig.
416 746 449 771 ct
474 741 552 778 alii;
576 739 692 770 assibus
710 739 855 770 Dorvill.
895 738 983 769 vide

278 791 322 822 ad
339 792 463 822 Lucan.
489 794 633 822 liniam.
664 790 672 805 ‘
688 789 839 820 Stellatis
865 787 984 819 axibus

275 849 380 880 agger
400 840 572 880 Erigitur.'
610 840 702 870 Male
723 848 781 869 ass‹
791 839 875 868 ribus
892 848 985 869 revo-

274 891 366 922 cavit
391 891 565 922 Cellarius.
606 890 674 920 Pro
704 900 813 929 easque
839 889 871 919 in
900 888 983 919 Mss.

275 940 371 971 Carr.
384 940 504 970 Petav.
518 940 612 970 Leid.
626 949 673 980 pr.
684 949 751 970 sec.
766 938 859 969 Voss.
874 938 984 969 Palat.

273 989 385 1030 Bong.
419 991 526 1020 Dorv.
563 989 725 1019 scribitur
759 997 862 1027 eaque.
911 987 985 1017 Nec

272 1041 372 1071 male.
405 1040 491 1070 Tam
513 1040 599 1070 enini
618 1041 724 1079 tigna,
742 1048 842 1080 quam
860 1037 987 1078 trabes,

275 1090 394 1121 axibus
411 1091 555 1131 religata
572 1089 690 1128 fuisse,
709 1088 873 1121 credibile
891 1094 955 1120 est.

318 1144 359 1172 19
386 1140 515 1172 Stoi-eas
537 1140 656 1180 nutem]
695 1139 749 1170 Sic
784 1140 885 1180 vulgo
909 1139 988 1170 scri-

276 1189 376 1230 bunt,
393 1196 426 1222 at
444 1192 476 1221 in
501 1200 536 1221 lv
555 1200 721 1221 manuscr.
739 1195 936 1221 constanter
952 1196 987 1221 et

273 1241 328 1273 liic
346 1246 380 1273 ct
394 1241 484 1272 infra
495 1248 547 1272 est
559 1241 692 1271 storias:
717 1241 774 1271 sed
790 1241 837 1271 sie
853 1251 986 1281 quoque

278 1291 313 1322 in
331 1296 398 1323 vet.
418 1292 494 1323 cod.
513 1296 628 1322 nostro
654 1291 788 1332 reperio
805 1291 926 1330 nausia,
948 1296 987 1322 ut

274 1346 354 1372 sunt
371 1341 526 1372 obnoxiae
543 1340 725 1371 mutationi
742 1341 752 1370 i
779 1344 813 1370 et
829 1350 857 1370 e.
876 1340 987 1370 Sem-ea

277 1396 374 1431 teges
390 1395 442 1422 est
463 1391 563 1421 vilior
580 1391 650 1421 texi
667 1390 812 1430 ejuncis
829 1395 889 1420 aut
911 1390 986 1421 tali-

274 1440 338 1472 bus
356 1441 496 1479 solitus3
526 1441 700 1481 habetque
716 1450 838 1471 nomen
854 1440 915 1470 ἀπὸ
930 1441 987 1471 τοῦ

277 1492 408 1530 στορεῖν.
458 1491 524 1521 Hic
543 1495 657 1522 tamen
679 1490 792 1521 Caesar
806 1500 824 1521 e
848 1489 985 1521 funibus

278 1541 485 1573 ancliorariis
503 1542 590 1572 texit
614 1546 758 1572 storeas·
798 1541 838 1571 In
854 1541 985 1572 Glossis

277 1591 396 1632 Cyrilli
421 1592 555 1632 reperio
584 1591 702 1631 ψίαθος,
734 1592 840 1630 Teges,
876 1593 984 1623 Terra-

273 1641 367 1682 toria,
393 1643 516 1678 Macen„
557 1643 648 1674 Quid
672 1642 754 1673 illud
782 1641 982 1673 Terratoria?

275 1691 330 1723 An
346 1691 453 1732 ψίαθος
469 1698 565 1723 notat
581 1693 712 1724 thorun]
726 1698 826 1724 terrae
841 1693 984 1724 insterni

273 1742 420 1781 solitum,
437 1743 617 1783 quomodo,
638 1743 806 1784 hodieque
831 1743 984 1774 stramini

273 1791 370 1823 miles
399 1792 561 1824 incubat?
605 1795 840 1834 Depravatum
874 1795 983 1825 locum

273 1842 385 1873 nullus
403 1843 547 1882 ambigo.
576 1845 692 1876 Quare
709 1845 859 1875 rescribo
868 1844 984 1883 ψίαθος,

278 1892 374 1931 Teges
387 1896 492 1931 teme,
504 1893 614 1931 storin,
630 1896 739 1924 matta.
765 1894 851 1925 Nam
866 1894 982 1933 ψίαθος,

278 1948 318 1974 ut
341 1945 482 1984 exponit
500 1945 702 1985 Hesychius,
723 1949 775 1976 est
790 1945 979 1984 ἣχαμεύνηε

277 1995 349 2026 sive
361 1996 568 2027 lectusluinii
586 2001 721 2027 stratus.
747 1998 809 2028 Cui
823 2003 983 2029 accurate

271 2046 456 2086 respondet
470 2047 551 2077 illud
567 2051 653 2086 teges
666 2048 933 2087 terroe,etsloriu,
948 2052 983 2078 et

273 2098 387 2134 matta,
404 2106 478 2137 quae
494 2106 558 2127 vox
577 2097 671 2127 nobis
686 2096 855 2137 hodieque
874 2098 983 2137 patrio

275 2155 430 2177 sermone
468 2147 588 2177 storias
633 2147 782 2178 denotat.
850 2148 983 2179 lf‘ossius.

274 2195 383 2227 Storia
408 2206 469 2237 per
494 2197 505 2226 ι’
527 2197 578 2228 liic
604 2202 638 2227 et
662 2196 750 2227 infra
774 2198 876 2228 etiam
900 2198 982 2229 Mss.

273 2247 381 2277 nostri
395 2257 522 2286 omnes,
535 2253 570 2278 et
586 2247 671 2277 Edd.
687 2257 743 2288 pp.
764 2247 797 2278 in
812 2248 933 2289 quibus
948 2254 983 2280 et

274 2297 362 2328 male
377 2298 504 2329 scorias.
539 2300 602 2328 l'er
619 2298 713 2338 ijam
731 2303 808 2329 ante
828 2299 982 2329 Vossium

278 2346 459 2377 ediderant
477 2348 616 2378 Yascos.
633 2348 895 2388 Step11.G=·yph.
913 2349 982 2379 alii-

281 2406 358 2437 que,
375 2398 462 2437 quod
482 2404 607 2428 temere
627 2408 671 2429 ex
695 2399 900 2429 Hotomanni
915 2400 983 2439 pla-

275 2448 344 2478 cito
362 2447 394 2477 in
410 2454 527 2478 storeas
542 2454 704 2480 unitatum
722 2455 785 2480 est.
805 2451 859 2480 De
879 2450 983 2480 storia

274 2497 353 2528 vide
367 2499 523 2528 etiamad
543 2500 692 2530 Frontin.
709 2510 757 2531 iv.
773 2504 803 2531 3.
818 2504 848 2532 6.
875 2502 883 2518 ‘
898 2511 982 2542 prae-

274 2552 327 2578 ter
347 2557 472 2578 aercuin
491 2556 526 2579 et
545 2551 707 2581 minutum
728 2552 840 2590 veru3’
867 2558 904 2583 ut
933 2553 978 2584 ibi

276 2597 456 2638 legendum
473 2599 572 2629 docui
592 2610 622 2639 p.
641 2604 715 2631 506.

317 2650 359 2678 20
386 2648 484 2679 Βαίας
494 2651 585 2689 pedes
608 2649 660 2690 iv]
699 2650 737 2681 Id
761 2656 983 2694 est‚crassas‚

278 2697 391 2738 inquit
428 2697 663 2730 Hotomannus
679 2710 686 2730 ε
747 2701 757 2716 ‘
785 2702 884 2740 nain‚’
922 2702 982 2742 ait,

277 2746 447 2780 ‘latitudo
463 2749 627 2792 cujusque
650 2754 723 2782 erat
739 2750 865 2792 pedum
891 2760 983 2795 xxx,

743 193 884 225 No'rAE
917 192 1142 224 VARIORU
1152 193 1183 224 M
1219 192 1270 224 IN

1035 293 1196 329 quantum
1220 292 1294 318 erat
1319 286 1420 318 turris
1443 285 1587 327 spatium
1603 294 1736 328 quoquo

1035 338 1176 369 versus.'
1219 338 1285 369 Sed
1317 337 1405 368 t'oede
1437 336 1573 367 labitur.
1611 335 1739 368 Quales

1035 389 1123 419 enini
1150 389 1260 421 storiae
1286 389 1365 427 illar,
1390 398 1465 428 quae
1490 396 1612 417 crassa:
1634 385 1740 426 pedes

1036 448 1072 469 lv
1087 440 1097 469 ?
1121 440 1194 480 quis
1210 449 1354 479 unquam
1370 438 1476 468 simile
1493 438 1572 478 quid
1591 432 1741 467 audivit?

1036 488 1197 519 Latitudo
1210 489 1388 518 storiarum
1404 493 1477 518 crat
1491 487 1612 527 pedum
1629 495 1676 516 iv.
1692 484 1742 516 ni-

1035 539 1168 576 mirum,
1194 544 1231 569 ut
1257 539 1404 578 paullum
1429 538 1525 568 niodo
1543 538 1740 568 inclinatum

1037 594 1218 628 protegere
1246 589 1352 619 virum
1392 592 1528 628 posset:
1568 586 1741 627 longitudo

1036 638 1159 678 pedum
1193 647 1284 669 xxx.
1324 643 1485 678 quantuni
1528 642 1604 668 erat
1639 636 1742 667 turris

1037 689 1193 729 spatium.
1231 689 1363 720 Vossius.
1394 688 1520 718 Eodem
1535 686 1634 719 modo
1648 691 1740 718 recte

1031 739 1102 779 jani
1143 748 1258 769 vocem
1294 739 1374 768 tutas
1407 736 1573 778 explicuit
1608 736 1742 776 Lipsius

1038 790 1183 821 Poliorc.
1202 799 1241 820 11.
1255 792 1286 820 4.

1079 843 1119 870 27
1150 837 1421 878 Prehcnsionibus]
1451 839 1493 869 Υ.
1523 847 1551 869 c.
1576 836 1741 877 pressioni-

1037 890 1101 921 bus.
1143 891 1265 922 I'etav.
1288 896 1323 922 et
1344 891 1452 931 Bong.
1477 889 1684 930 presionibus:
1707 892 1744 920 et

1038 941 1085 971 sic
1111 940 1200 971 int'ra
1221 951 1354 981 quoque
1373 941 1481 979 Bong.
1501 940 1558 970 sed
1576 940 1655 971 Pet.
1673 939 1743 970 illic

1038 992 1139 1022 babet
1161 994 1332 1032 pren-sione.
1359 991 1548 1028 Palatinus,
1564 995 1599 1020 ut
1624 990 1658 1020 in
1674 989 1745 1020 vul-

1039 1042 1125 1083 gatis
1139 1047 1202 1073 est.
1240 1041 1306 1072 Sed
1322 1041 1431 1072 altera
1456 1040 1557 1071 lectio
1574 1049 1654 1070 vera
1669 1043 1743 1078 est;

1039 1092 1188 1132 quamvis
1216 1097 1251 1122 et
1287 1091 1439 1131 Scaliger
1474 1095 1509 1121 et
1547 1089 1743 1127 Martinius,

1038 1141 1285 1182 doctorumque
1311 1141 1366 1171 alii
1392 1139 1606 1181 prehensiones
1630 1139 1746 1179 genui-

1038 1201 1117 1221 num
1128 1200 1200 1222 esse
1213 1190 1413 1221 vocabulum
1427 1190 1633 1230 putaverint.
1653 1190 1744 1220 Pres-

1037 1241 1135 1271 sioues
1153 1246 1232 1271 sunt
1255 1239 1443 1279 ὑπομόχλια,
1466 1240 1535 1270 sive
1559 1239 1650 1280 ligna
1673 1239 1741 1278 illa,

1038 1300 1112 1331 quae
1136 1290 1292 1322 vectibus
1315 1291 1551 1331 subjiciuntur,
1567 1299 1609 1320 ne
1625 1294 1742 1321 vectes

1037 1341 1233 1381 deprimant
1249 1346 1384 1372 terram.
1406 1340 1505 1370 Unde
1519 1341 1697 1372 Vitruv.x.
1709 1343 1742 1371 8.

1036 1391 1236 1431 ‘Supposita
1264 1391 1311 1422 uti
1337 1394 1468 1430 centro,
1493 1389 1564 1420 cito
1585 1394 1743 1429 porrecta

1037 1441 1224 1480 pressione,
1240 1440 1328 1480 quod
1347 1439 1458 1471 Graeci
1479 1437 1670 1477 ὑπομόχλιον
1686 1448 1745 1479 ap-

1036 1490 1188 1530 pellant!
1239 1490 1284 1520 Et
1320 1489 1472 1519 videmus
1505 1488 1671 1529 hodieque
1707 1488 1742 1519 iu

1036 1539 1251 1571 sublevandis
1290 1538 1441 1569 aedificiis
1467 1538 1590 1569 talibus
1622 1538 1672 1569 uti
1696 1536 1744 1568 sa-

1036 1590 1126 1621 bros.
1146 1590 1269 1622 Forma
1283 1587 1472 1629 huJusmodi
1490 1593 1555 1619 est.

1318 1771 1354 1799 A.
1367 1765 1586 1807 Ὕπομόχλιον,

1401 1829 1464 1849 szre
1482 1828 1621 1858 pressw.

1318 1870 1358 1900 B.
1374 1869 1505 1900 Vectis.

1036 2048 1090 2080 Ab
1102 2058 1142 2079 ea
1155 2048 1286 2089 origine
1296 2048 1466 2088 exprimere
1478 2051 1529 2078 est
1541 2045 1739 2079 sublevare:

1035 2099 1125 2130 unde
1138 2109 1243 2139 supra
1253 2099 1294 2130 de
1312 2099 1461 2130 turribus
1474 2099 1599 2138 Caesar,
1615 2099 1624 2115 ‘
1637 2108 1741 2140 quan-

1035 2153 1106 2179 tum
1124 2149 1182 2179 has
1205 2149 1420 2190 quotidianus
1442 2158 1545 2189 agger
1565 2158 1741 2189 expresse·

1036 2198 1114 2229 rat?
1156 2198 1244 2229 Hinc
1255 2199 1287 2228 in
1298 2199 1428 2230 Glossis
1440 2208 1574 2239 quoque
1589 2199 1741 2230 Pressori-

1035 2258 1085 2278 nm
1100 2247 1287 2288 πιεστήριον,
1296 2249 1366 2279 sive
1380 2249 1537 2287 torcular,
1546 2249 1740 2289 exponitur.

1037 2299 1081 2329 Et
1094 2301 1283 2339 pressorium
1299 2310 1352 2331 tas
1369 2299 1455 2330 dixit
1471 2301 1662 2333 Columella
1674 2308 1741 2331 xit.

1038 2353 1088 2381 lb·-
1149 2350 1240 2381 Hinc
1271 2351 1373 2381 etiam
1406 2360 1561 2391 pressura,
1594 2350 1656 2381 lioc
1688 2356 1740 2382 est

1035 2400 1170 2439 πιεσμόε.
1217 2401 1264 2432 At
1292 2402 1429 2441 Digest.
1459 2401 1500 2431 de
1525 2411 1613 2432 serv.
1632 2402 1740 2442 praed.

1037 2452 1111 2482 urb.
1135 2452 1156 2482 l.
1184 2460 1257 2482 ΧΠ.
1285 2452 1383 2483 aliter
1409 2461 1449 2482 ea
1466 2461 1528 2481 vox
1545 2457 1740 2491 usurpatur.

1036 2506 1043 2519 ‘
1063 2502 1237 2533 Interdum
1267 2502 1333 2532 dici
1365 2507 1479 2542 potest
1497 2512 1572 2532 enin
1589 2511 1738 2542 quoque,

1035 2553 1091 2593 qui
1109 2553 1197 2583 tollit
1214 2552 1391 2583 a·dificiiim
1419 2553 1470 2582 vel
1496 2552 1669 2591 deprimit,
1693 2553 1740 2582 lu-

1035 2602 1177 2633 minibus
1195 2601 1353 2641 officere;
1389 2603 1415 2633 si
1441 2602 1528 2633 forte
1545 2602 1626 2632 κατὰ
1649 2603 1739 2633 ἀντα-

1035 2651 1201 2683 νόκλασιν’
1227 2653 1400 2693 (Alciatus
1429 2651 1600 2683 ἀνάκλασιν
1626 2662 1739 2684 cinen-

1035 2703 1110 2741 dat)
1132 2705 1141 2720 ‘
1159 2704 1211 2734 vel
1229 2713 1386 2744 pressura
1402 2703 1547 2744 quadam
1572 2703 1684 2733 lumen
1702 2703 1738 2733 in

1035 2762 1090 2785 eas
1107 2752 1198 2785 aedes
1215 2753 1439 2786 devolvatur:
1483 2752 1551 2785 Ubi
1567 2762 1630 2794 per
1645 2761 1736 2794 pres-
