1850 3109
536 196 598 226 nn
632 195 747 226 vira
780 194 911 225 sumi
947 196 1178 227 effismus.
1468 188 1577 230 1857

120 294 351 340 confecerat,
382 295 569 332 80consilii
599 295 728 331 calcar
755 294 926 344 atljecit;
958 301 996 332 et
1026 307 1236 345 properans
1268 308 1356 345 quae
1384 297 1422 334 in
1452 298 1577 336 Ponto

117 358 265 406 agenda
285 366 409 396 essent
430 359 620 408 expedire,
644 372 722 408 qno
748 360 934 396 maturius
960 358 1009 396 ad
1033 358 1180 396 ltaliam
1210 359 1417 409 navigaret.
1464 363 1573 399 Venit

116 423 228 472 igitur
246 422 475 471 improvisus
497 430 614 472 atquc
634 423 902 473 inexpectatus
924 423 1098 460 ⁸¹Telam
1120 423 1231 461 Ponti
1252 424 1435 474 opidum:
1469 426 1568 461 venit

115 491 243 530 autem
266 487 375 536 quasi
397 487 540 524 fulmen
564 487 718 524 veniens
741 487 961 536 feriensque
987 488 1100 525 simul
1121 495 1237 538 atque
1270 489 1427 534 abiens;
1459 490 1514 528 sic
1535 499 1571 527 nt

117 562 235 588 unum
259 551 309 588 ab
330 552 403 588 alio
422 552 628 590 internosci
651 559 830 601 nequeat.
888 553 971 589 Rex
992 553 1117 590 subita
1139 566 1176 590 re
1197 554 1407 604 perculsus,
1429 567 1517 592 cum
1537 555 1573 590 in

119 614 237 652 aciem
271 616 447 661 venisset,
478 630 615 666 magno
646 616 777 666 proelio
808 616 932 653 victus
954 623 1025 654 est.
1081 617 1184 655 Tum
1212 618 1436 667 compositis
1464 618 1575 656 Ponti

120 679 246 723 rebus,
270 686 308 716 et
330 693 415 729 rege
435 680 483 717 ad
505 694 549 717 ea
571 693 657 730 quae
680 694 718 718 se
741 680 930 718 facturum
953 687 1092 730 sponte
1112 682 1339 731 promiserat
1359 682 1391 718 vi
1414 688 1572 727 coacto;

116 755 138 778 e
156 742 282 781 Ponto
314 751 473 793 totaque
500 745 590 781 Asia
610 745 799 783 discessit.
859 746 906 782 Et
937 745 1019 783 haee
1040 747 1166 783 omnia
1187 746 1326 796 raptim
1353 745 1451 783 adeo
1471 754 1576 795 gesta

117 813 219 851 sunt,
248 815 287 845 nt
308 808 358 846 de
377 809 450 846 hoc
474 809 573 846 bello
595 809 726 846 Caesar
751 810 828 859 ipse
849 810 994 848 diceret
1021 811 1090 848 tria
1125 810 1206 847 brec
1228 811 1343 847 verba
1364 811 1572 848 duntaxat:

119 875 129 891 ‘
151 871 258 916 Veni,
300 872 389 917 vidi,
428 873 500 910 vici
517 876 538 910 ε’
568 873 676 922 quasi
706 874 903 912 victoriam
943 874 1113 911 indicans
1151 886 1228 911 non
1261 875 1444 912 laborem.
1501 875 1577 912 Alii

118 934 255 974 dicunt
275 936 416 974 dixisse
435 950 522 974 eum
540 953 548 975 :
583 944 592 958 ⁸
608 938 700 975 Veni
716 946 753 976 et
773 946 862 976 ante
879 939 1025 976 hostem
1043 951 1159 988 qnam
1180 938 1348 976 viderem
1371 939 1472 977 vici.'
1527 939 1576 976 Et

120 998 204 1038 haec
236 1001 393 1050 quidem
425 1002 504 1039 duo
536 1001 647 1046 bella,
686 1003 907 1053 AEgyptium
939 1009 978 1040 et
1003 1002 1220 1048 Ponticum,
1251 1016 1471 1053 quanquam
1501 1015 1576 1040 non

121 1076 206 1101 cnm
228 1065 374 1102 civibus
403 1073 524 1114 gesta,
554 1065 732 1103 civilibus
765 1074 889 1103 tamen
913 1065 1019 1103 bellis
1045 1066 1186 1103 inserta
1220 1073 1321 1103 sunt.
1381 1067 1496 1104 Nunc
1527 1068 1575 1104 ad

121 1140 220 1172 vere,
240 1135 356 1178 atque
378 1128 548 1178 undique
568 1129 678 1167 civile
700 1130 840 1167 bellum
864 1130 995 1168 redeat
1014 1131 1148 1182 stylus.

174 1191 380 1241 Digressus
399 1194 530 1230 Caesar
548 1206 594 1230 ex
615 1193 717 1237 Asia,
738 1193 994 1230 ardentissimi
1022 1194 1175 1243 spiritns
1198 1194 1414 1244 imperator,
1441 1194 1577 1244 hyeme

123 1254 247 1292 media
269 1263 306 1293 et
326 1256 492 1293 adversis
514 1256 806 1306 tempestatibus
827 1257 975 1307 absque
991 1257 1066 1294 nlla
1085 1256 1365 1295 intermissione
1383 1258 1577 1308 navigans,

125 1317 172 1355 ad
193 1328 323 1356 x1111.
346 1319 544 1357 Kalendas
573 1320 741 1357 Januarii
769 1320 970 1357 ⁸²Lilillum
992 1321 1140 1371 attigit:
1170 1328 1209 1358 et
1229 1322 1404 1371 quamvis
1434 1329 1476 1359 ut
1502 1322 1581 1360 dixi

123 1382 285 1420 Romam
305 1390 502 1427 evocatus,
523 1390 562 1420 et
584 1384 718 1420 Romae
739 1383 989 1429 necessarius,
1012 1384 1139 1421 omnia
1165 1390 1291 1422 tamen
1313 1386 1580 1435 posthabenda

120 1446 336 1485 imminenti
356 1448 456 1485 bello
473 1447 644 1485 censuit:
675 1447 858 1496 quoniam
884 1446 985 1485 fama
1005 1454 1087 1485 erat
1117 1448 1371 1498 Pompejanas
1390 1458 1519 1499 partes
1541 1451 1577 1486 in

121 1509 254 1549 Africa
285 1512 458 1549 maximis
483 1512 724 1550 incrementis
755 1524 976 1560 assurgere:
1014 1513 1124 1549 unius
1144 1513 1253 1550 ducis
1282 1514 1319 1551 in
1347 1514 1474 1551 locum
1497 1514 1578 1551 <luo

123 1583 399 1620 successerant,
422 1577 521 1614 Cato
540 1584 578 1614 et
607 1576 753 1626 Scipio,
788 1583 827 1614 et
859 1576 959 1614 civili
991 1578 1176 1627 potentiae
1201 1577 1237 1614 in
1261 1577 1388 1615 Africa
1415 1586 1577 1623 coactae,

122 1647 287 1677 externae
306 1653 462 1689 quoque
483 1641 580 1678 vires
599 1640 713 1678 Jubae
741 1641 840 1691 regis
866 1641 1177 1686 ⁸³successerant,
1199 1649 1235 1679 et
1257 1641 1447 1691 ingentem
1472 1642 1581 1680 undi-

125 1717 214 1754 que,
237 1706 346 1754 quasi
366 1703 415 1742 de
435 1704 633 1749 industria,
655 1704 767 1755 [224]
786 1718 909 1742 rerum
931 1706 1071 1743 molem
1092 1705 1243 1743 fortuna
1262 1707 1484 1755 eollegerat,
1501 1719 1580 1756 quo

125 1768 325 1805 victoriam
348 1769 509 1806 Caesaris
529 1769 695 1807 efficeret
710 1769 924 1815 clariorem,
942 1777 980 1807 et
994 1783 1100 1820 reges
1115 1783 1202 1807 cum
1216 1770 1364 1807 civibus
1382 1770 1579 1807 misceren-

126 1840 199 1869 tur.
229 1833 285 1870 Eo
306 1846 396 1882 ergo
416 1847 504 1870 eum
520 1834 696 1877 venisset,
718 1833 881 1870 tentoria
903 1833 982 1870 fixit
1006 1834 1040 1869 in
1061 1833 1202 1878 littore,
1219 1833 1271 1870 ita
1287 1839 1326 1870 nt
1348 1845 1445 1882 pene
1467 1833 1580 1870 undis

122 1895 382 1941 abluerentur,
415 1910 461 1934 ne
494 1898 580 1947 quis
613 1898 819 1941 dubitaret,
849 1910 934 1935 enm
970 1898 1060 1935 nihil
1091 1897 1194 1935 aliud
1227 1910 1342 1947 qnam
1377 1897 1580 1934 transitum

124 1961 306 2010 cogitare,
341 1968 547 2011 essentque
564 1961 630 2011 ¹sni
661 1974 791 1998 omnes
825 1961 924 1998 horis
956 1962 1134 1998 omnibns
1162 1961 1307 2011 parati:
1342 1967 1381 1997 et
1406 1960 1581 2010 quamvis

123 2024 414 2062 adversantibus
436 2024 547 2061 undis
567 2037 612 2062 ac
634 2024 829 2070 fluctibus,
848 2026 1006 2075 remiges
1027 2032 1153 2062 tamen
1167 2025 1205 2061 in
1222 2024 1420 2075 puppibus
1435 2024 1582 2061 detine-

126 2088 205 2132 bat,
228 2101 275 2125 ne
295 2101 400 2126 more
429 2102 499 2126 suo
518 2102 586 2138 per
610 2089 801 2127 licentiam
824 2098 1064 2139 vagarentur,
1087 2090 1153 2127 sed
1175 2089 1282 2126 dicto
1311 2087 1580 2132 obaudientes,

125 2164 196 2188 nec
215 2151 411 2200 quaerendi
427 2165 589 2201 nsquam
611 2159 747 2190 essent.
788 2153 998 2190 Crescebat
1015 2166 1106 2202 ergo
1124 2152 1246 2190 indies
1266 2152 1368 2189 fama
1389 2152 1582 2189 hostilium

126 2215 347 2264 copiarum:
385 2215 580 2264 equitatus
602 2214 772 2252 infinitus
790 2229 872 2253 esse
892 2215 1108 2260 dicebatur,
1123 2216 1197 2253 ⁸⁴et
1217 2216 1381 2265 regionis
1403 2222 1581 2265 quatuor,

127 2278 317 2329 Scipionis
337 2287 480 2323 autem,
511 2279 563 2315 illi
583 2280 682 2316 enim
714 2280 813 2318 Cato
833 2287 1013 2323 cesserat,
1043 2291 1088 2316 x.
1118 2280 1298 2329 legiones,
1328 2278 1465 2316 adhaec
1490 2279 1582 2316 levis

126 2349 328 2380 armaturae
347 2343 403 2379 vis
423 2343 606 2380 immensa
626 2354 634 2380 ε
663 2344 796 2381 classis
826 2357 902 2381 non
926 2357 1011 2387 nna,
1039 2344 1103 2381 sed
1124 2344 1298 2394 plurimae
1326 2357 1371 2381 ac
1393 2343 1582 2380 diversae:

128 2406 270 2456 quibus
290 2407 432 2443 nuntiis
448 2407 540 2444 nihil
555 2409 683 2445 Caesar
698 2408 938 2453 movebatur,
956 2409 1021 2446 sed
1041 2409 1088 2446 ad
1105 2408 1388 2446 occurrendum
1407 2406 1582 2444 hostibus

126 2470 271 2520 ingenti
291 2469 433 2507 fidncia
457 2471 676 2520 aspirabat:
707 2472 812 2521 quod
834 2485 921 2509 cum
940 2473 1073 2521 paucis
1095 2479 1243 2509 tantum
1266 2472 1485 2516 advenerat,
1506 2482 1582 2506 non

127 2533 205 2571 sine
224 2534 339 2570 animi
355 2534 486 2571 labore
501 2542 749 2584 augmentum
772 2535 829 2572 sni
847 2537 1039 2573 exercitus
1058 2536 1294 2586 expectabat
1311 2550 1319 2575 ι
1353 2534 1418 2584 qui
1437 2532 1583 2570 diffusis

170 2681 212 2710 80
237 2680 578 2719 Lege,c<·nsilio.ss-Sl
608 2681 715 2722 Lege,
730 2682 935 2714 letum-52
959 2685 1073 2723 Forte,
1087 2683 1346 2715 maumam—83
1373 2682 1474 2720 Lege,
1489 2689 1585 2710 ncces-

128 2735 327 2763 sermm—84
352 2733 468 2771 Forte,
482 2734 590 2772 regioe.

214 2813 330 2854 Delph.
347 2817 377 2844 et
399 2814 472 2845 Var.
491 2813 576 2844 clas.
881 2817 961 2848 Coes.
1424 2820 1445 2848 (5
1469 2819 1496 2848 B
