1850 3109
281 160 396 203 1424

283 263 442 307 provenit
464 273 507 295 ex
536 262 674 295 labore)
719 263 810 304 Ergo
833 263 888 294 illa
913 263 983 303 dig-

281 317 371 348 nitas
382 315 548 353 beneficii,
563 317 635 346 haec
647 315 782 345 virtutis
795 314 982 354 praemium.

283 367 359 399 Nec
374 367 461 397 male
476 366 664 396 Tribunum
685 365 799 396 Graeci
815 363 985 402 χιλιάρχην

283 422 419 455 vocant,
435 417 460 447 si
484 417 652 455 posterius
676 424 784 444 mrum
802 413 981 453 respicias:

283 466 399 508 prima:
425 466 572 496 colun-tis
597 464 751 495 tribunus
778 463 900 494 milites
928 462 985 492 ali-

285 521 411 556 quanto
428 516 540 554 plures
570 513 713 544 millenis
733 513 870 543 babuit:
896 511 984 542 unde

283 570 371 596 teste
403 564 523 594 eodem
552 563 697 602 Vt‘fgctio
732 563 839 603 prima
867 562 984 593 cohors

285 614 422 644 miliaria
458 619 590 644 vocata.
652 612 772 654 Itaque
813 622 892 644 vere
928 613 985 643 ille

284 662 463 704 χιλιάρχης.
507 663 642 693 Vossius.
687 662 774 694 Vide
811 662 903 703 Lips.
942 661 985 692 de

285 714 390 745 Mitit.
410 714 504 743 Rom.
530 713 608 744 l.11.
625 712 701 743 (1.9.

330 767 367 795 ll
392 763 461 794 Sibi
478 773 559 794 cons.
575 762 673 803 capt.]
698 762 816 794 Fa'crn.
840 768 875 794 et
891 762 986 795 Ciac-

285 824 360 846 con.
404 815 520 844 xolunt
553 813 631 843 addi
668 823 711 842 se.
758 812 885 844 Verum
921 822 986 842 nou

286 874 370 904 opus
387 873 460 894 esse
481 863 622 893 vidimus
639 862 680 892 ad
707 863 747 893 B.
767 862 858 893 Gall.
875 871 917 893 ιι.
934 865 985 893 31.

284 914 329 945 ibi
346 914 429 945 Leiu
443 924 494 954 pr.

330 968 368 995 15
395 963 571 1004 Hispalim]
602 964 667 994 Ms.
699 965 783 1003 Reg.
806 964 839 994 in
870 963 987 1002 Hispa-

286 1016 350 1045 lim.
397 1014 575 1047 Quomodo
600 1018 634 1043 et
650 1014 728 1043 alibi
746 1022 986 1052 nonnunquam

284 1065 419 1096 locutus
436 1069 486 1095 est
500 1066 624 1095 Caesar.
659 1063 767 1094 Clarlc.
813 1063 852 1093 In
869 1062 987 1101 Hispa-

286 1116 340 1146 lim
357 1115 459 1147 etiam
476 1114 572 1146 Leid.
596 1123 664 1145 sce.
690 1114 788 1144 Voss.
815 1117 850 1143 et
878 1113 987 1152 Bong.

286 1172 321 1198 at
335 1167 430 1198 Leid.
443 1177 492 1207 pr.
504 1176 578 1197 eum
594 1166 711 1196 Ursin.
724 1165 835 1196 Palat.
849 1164 987 1204 aliisque

287 1222 322 1248 et
340 1216 426 1248 Edd.
443 1217 529 1247 x'en.
559 1215 637 1246 Am.
665 1216 796 1255 Grypli.
843 1214 988 1254 Hispali:

286 1273 324 1300 ut
343 1278 444 1308 supra
459 1268 467 1283 ί
483 1266 651 1298 cordubae
666 1265 826 1296 mittere)
860 1266 897 1295 ln
913 1266 989 1296 Ilis-

284 1319 350 1358 pali
378 1317 472 1348 Voss.
504 1317 577 1355 Ego
607 1316 653 1347 nil
684 1315 881 1346 mutandum
911 1324 989 1346 cen-

288 1378 358 1400 seo.

333 1421 374 1449 19
411 1417 666 1457 Pronuncz'asset]
712 1417 768 1448 lta
809 1416 990 1457 legendum

288 1468 420 1499 censuit
463 1467 625 1498 Fam-nus.
675 1465 729 1498 At.
780 1466 988 1497 promisisset.

291 1519 398 1549 Clark.
424 1517 550 1548 Verum
565 1518 646 1548 Mss.
660 1526 775 1547 omnes
789 1517 990 1548 constantin

287 1571 331 1608 τῷ
350 1569 550 1609 promisisset.
596 1569 704 1607 Bene,
719 1568 848 1599 scilicet
865 1573 903 1598 ut
919 1568 991 1598 illos

288 1620 399 1652 animo
416 1618 644 1650 confirmaret.
689 1619 752 1649 Est
767 1618 829 1648 Vir
847 1619 991 1657 Doctus,

289 1670 346 1711 qui
369 1669 446 1701 libri
468 1670 518 1700 sui
549 1669 692 1709 margini
719 1668 846 1699 atllevit
868 1670 992 1709 praemi-

290 1720 389 1751 sisset.

334 1778 412 1801 xxr.
437 1772 454 1800 3
480 1769 645 1810 Hispanis,
672 1772 750 1811 quod
770 1770 920 1812 proesidia
941 1780 994 1800 ex-

286 1821 452 1862 pulissent]
475 1820 664 1861 l'erperam
686 1821 719 1851 in
744 1826 811 1852 vet.
829 1821 904 1852 cod.
920 1831 994 1851 nos-

291 1876 346 1903 tro
362 1871 486 1912 legitur
504 1871 659 1911 Hispalis.
683 1872 761 1912 (uec
776 1881 841 1902 non
859 1871 892 1901 in
909 1871 990 1902 Mss.

291 1923 405 1954 Ciacc.
434 1923 516 1952 Lov.
547 1922 636 1952 Scal.
667 1923 776 1953 Dorv.
803 1921 898 1952 Leid.
923 1931 991 1952 sec.

291 1971 380 2005 Edd.
395 1972 492 2003 Rom.
509 1972 596 2002 Ven.
615 1976 648 2002 et
665 1972 805 2003 Mcdiol.
826 1972 994 2012 Hispaniis

291 2021 389 2053 Leid.
427 2022 494 2061 pr.)
555 2022 641 2052 Nam
675 2022 789 2052 Caesar
824 2021 992 2052 Cordubae

292 2071 488 2102 concionem
516 2071 675 2109 habebat,
711 2081 776 2112 qno
803 2072 991 2103 civitatium

291 2121 550 2161 omniumtvgati
567 2126 809 2153 convenerant.
855 2123 900 2153 Et
921 2122 994 2152 His-

291 2171 449 2212 palenses
470 2172 662 2210 praesidium
686 2181 751 2202 non
779 2172 995 2212 expulerant,

293 2221 352 2253 sed
378 2222 631 2253 Carmonenses.
678 2222 800 2262 Itaque
828 2231 889 2261 per
916 2221 994 2252 flis-

293 2280 400 2312 panos
446 2271 499 2301 hit·
543 2270 700 2311 intelligit
738 2272 992 2302 Carmonenses.

298 2322 431 2352 Vossius.

337 2373 355 2400 7
382 2371 468 2405 Quas
498 2375 587 2401 erunt
620 2371 652 2401 iu
677 2371 833 2412 publicum
866 2373 994 2403 Varroni

293 2421 374 2451 cites
390 2421 519 2451 Romani
534 2421 683 2460 polliciti]
704 2422 808 2462 Lipsii
822 2422 937 2453 Codex
951 2423 994 2453 B.

294 2471 454 2503 Beroald.
465 2477 497 2502 et
510 2472 660 2503 Florent.
670 2478 917 2512 repraesentant
926 2484 994 2513 quae

292 2520 478 2560 (pecunias)
493 2525 580 2551 crant
597 2522 628 2551 in
651 2522 805 2561 publi-:mn
828 2524 955 2554 Varroni
974 2533 994 2553 α

293 2569 410 2601 civibus
438 2570 585 2601 Romanis
608 2573 764 2610 pollicum.
815 2574 887 2603 Nec
915 2584 994 2605 sanc

291 2619 450 2660 pollicitus
465 2620 745 2660 significationem
764 2623 926 2661 passivam
945 2633 993 2654 re-

295 2668 398 2708 spuit.
445 2668 588 2700 Ovidius
605 2670 638 2700 in
657 2671 799 2711 Epistol.
819 2673 993 2713 Cydippes

296 2727 331 2749 v.
365 2720 437 2750 140.
463 2719 592 2761 ‘Exige
617 2721 750 2760 polliciti
778 2721 894 2753 debita
917 2722 995 2763 jura

754 166 897 200 No'rAE
929 164 1195 198 VARIORUM
1228 164 1279 196 IN

1035 261 1100 292 tori
1117 259 1137 291 :’
1161 264 1196 290 et
1223 260 1311 290 Fast.
1340 266 1399 290 ιιι.
1426 259 1500 288 366.
1524 256 1533 274 ‘
1553 255 1733 289 pollicitam

1035 311 1147 347 uicus,
1163 310 1337 350 Juppiter,
1359 309 1446 340 adde
1463 307 1581 348 fldem!
1626 307 1735 348 Igitur

1036 362 1088 390 vel
1103 361 1189 391 lianc
1207 361 1259 390 vel
1282 360 1372 390 illam
1390 359 1568 389 lectionem
1584 355 1737 387 admittit

1035 412 1203 442 Latinitas
1218 421 1226 447 ;
1252 420 1326 450 quae
1340 418 1420 439 vero
1437 408 1540 439 fuerit
1558 418 1576 437 a
1591 406 1736 438 Caesaris

1035 471 1148 499 manu,
1171 470 1234 490 non
1261 460 1322 490 nisi
1349 459 1650 490 vetustissimorum
1679 465 1738 487 ex-

1036 510 1233 549 emplarium
1258 509 1324 539 fide
1352 510 1546 540 resciamus.
1593 506 1738 538 Librarii

1038 564 1150 590 tamen
1191 559 1299 589 minus
1340 560 1540 599 proletarios
1576 556 1739 599 loquendi

1038 609 1153 640 modos
1177 609 1209 639 in
1234 609 1339 648 magis
1367 610 1507 641 usitatos
1534 610 1645 641 solent
1670 618 1740 640 mu-

1039 664 1131 698 tare;
1158 659 1247 700 quod
1275 658 1369 696 facit,
1386 664 1425 690 ut
1439 659 1482 690 ab
1499 669 1551 699 ea,
1570 660 1668 699 cujus
1680 667 1738 689 ex-

1038 710 1150 750 empla
1173 709 1281 750 posui,
1297 710 1467 749 scriptura
1491 718 1557 740 non
1583 709 1741 739 abhorre-

1039 769 1102 790 am.
1135 759 1247 790 Datis.
1264 768 1334 789 cnr.
1351 768 1417 789 sec.
1465 758 1533 789 Adi
1548 757 1603 789 tn.
1621 757 1740 789 Heius.

1039 811 1080 841 ad
1098 810 1200 842 Ovid.
1218 811 1282 850 Ep.
1295 819 1343 841 vi.
1363 813 1435 841 110.
1459 811 1467 826 ‘
1487 811 1556 840 Cur
1572 813 1630 840 tua
1647 809 1742 850 polli-

1039 863 1108 893 cito
1135 863 1285 902 pondere
1311 863 1416 893 verba
1440 861 1577 893 earent.¹
1624 860 1741 902 Atque

1038 913 1096 951 ita,
1112 918 1150 944 ut
1167 912 1299 953 profert
1316 913 1490 951 Davisius,
1517 911 1678 942 scribitur
1704 911 1740 941 in

1039 963 1134 994 Leid.
1149 972 1215 993 sec.
1231 968 1266 994 et
1288 963 1376 993 Edd.
1391 962 1531 994 Mediol.
1548 962 1683 992 Veneta
1699 968 1741 991 ac

1039 1013 1202 1053 Romana,
1220 1023 1292 1054 qum
1311 1012 1508 1053 designatur
1533 1021 1552 1042 a
1576 1011 1648 1041 viro
1665 1010 1743 1042 doc-

1041 1069 1087 1103 to,
1115 1074 1177 1104 per
1204 1068 1318 1094 notam
1348 1063 1400 1094 Lb.
1429 1063 1462 1093 in
1480 1061 1654 1101 Editione‚
1675 1069 1742 1102 qua

1040 1124 1081 1145 ex
1123 1114 1239 1145 Celeb.
1278 1113 1423 1144 Fabricii
1454 1113 1666 1144 humanitate
1697 1112 1740 1143 ad

1040 1174 1136 1195 curas
1180 1164 1345 1195 secundas
1377 1174 1456 1194 usus
1487 1168 1538 1194 cst
1567 1162 1744 1194 Davisius.

1040 1216 1082 1247 In
1096 1217 1193 1247 Voss.
1210 1217 1337 1254 legitur
1358 1227 1426 1257 ‹111oe
1439 1226 1481 1246 er.
1507 1216 1539 1246 in
1563 1226 1595 1255 p.
1616 1215 1652 1246 V.
1669 1215 1744 1246 citi-

1039 1276 1091 1296 um
1119 1266 1159 1297 R.
1187 1267 1335 1306 pollicita.
1380 1266 1420 1297 In
1447 1266 1573 1296 Lovau.
1597 1275 1678 1296 vero
1707 1268 1745 1296 et

1043 1316 1189 1346 Dorvill.
1205 1326 1272 1356 ‹111oe
1286 1326 1328 1346 er.
1348 1316 1379 1345 in
1403 1326 1434 1356 p.
1467 1317 1501 1347 V.
1525 1326 1543 1345 α
1567 1315 1684 1346 cit-ibus
1700 1315 1742 1346 R.

1038 1364 1204 1405 pollicitus.
1250 1366 1314 1396 Sed
1341 1365 1563 1397 vetustissimi
1586 1365 1670 1396 Mss.
1693 1373 1744 1396 re·

1043 1416 1154 1447 tinent
1179 1417 1367 1456 vulgatum.
1413 1416 1504 1448 Quid
1533 1415 1559 1446 si
1575 1415 1745 1456 conjicias,

1042 1472 1118 1508 post
1148 1468 1292 1507 pecunias
1323 1467 1534 1507 subjunxisse
1575 1467 1744 1498 Caesarem

1042 1517 1074 1547 in
1093 1516 1297 1548 Accusativo
1321 1527 1387 1556 (μαῖ’
1411 1517 1560 1547 neutrius
1589 1516 1745 1557 generis?

1043 1567 1145 1598 Certe
1175 1571 1252 1607 post
1282 1576 1330 1597 rcs
1355 1567 1532 1607 aliquoties
1557 1566 1591 1597 id
1614 1566 1677 1605 fit3
1706 1569 1744 1598 ut

1042 1618 1184 1648 vidimus
1210 1618 1251 1648 ad
1283 1618 1324 1648 B.
1353 1617 1425 1649 Civ.
1458 1627 1482 1648 ι.
1509 1621 1538 1649 7.
1584 1617 1633 1648 At
1663 1617 1746 1648 talia

1044 1669 1114 1699 sine
1132 1669 1301 1700 Mstorum
1319 1677 1482 1699 consensu
1499 1668 1580 1699 mihi
1604 1676 1671 1699 non
1697 1666 1746 1698 fa-

1044 1718 1109 1748 cile
1126 1718 1322 1758 probantur.

1086 1771 1107 1799 9
1131 1768 1224 1799 Hanc
1247 1768 1385 1809 poenam]
1415 1769 1546 1802 Quam?
1570 1768 1660 1811 quod
1685 1777 1743 1810 pe-

1044 1816 1182 1849 enniam‘
1215 1824 1328 1850 essent
1377 1820 1545 1860 polliciti?
1605 1820 1743 1861 Nequa-

1045 1879 1163 1910 quam:
1189 1870 1247 1900 sed
1261 1870 1349 1910 quod
1367 1880 1480 1901 eorum
1497 1870 1584 1901 bona
1607 1870 1640 1901 in
1661 1870 1745 1911 pub·

1043 1920 1143 1950 licum
1159 1925 1270 1950 essent
1294 1920 1444 1959 addicta,
1466 1925 1503 1951 ut
1530 1924 1627 1961 patet
1644 1930 1673 1951 c.
1691 1922 1744 1951 18.

1045 1969 1093 2000 At
1123 1971 1184 2001 hoc
1214 1970 1349 2001 videtur
1375 1971 1453 2001 addi
1491 1972 1545 2002 bic
1579 1970 1744 2003 debuisse.

1045 2020 1157 2052 Quare
1185 2030 1250 2050 non
1277 2029 1399 2061 sperno
1427 2020 1605 2052 lectionem
1634 2019 1743 2051 Codd.

1045 2070 1171 2100 Lovau.
1198 2071 1306 2101 Dorv.
1336 2075 1372 2100 et
1405 2070 1501 2102 Leid.
1527 2080 1596 2101 sec.
1621 2080 1657 2101 ac
1683 2079 1745 2111 poe-

1044 2132 1127 2153 nam.

1089 2175 1128 2202 10
1161 2173 1373 2211 Cogunt-erat:
1404 2172 1542 2203 Tributis
1567 2171 1745 2213 quibusdmn

1041 2222 1173 2263 publicis
1187 2223 1378 2263 privatisque
1390 2223 1537 2263 proemiiS,
1557 2223 1689 2263 reliquos
1712 2222 1746 2253 t'n

1040 2277 1197 2314 posterum
1213 2274 1287 2304 bona
1303 2284 1356 2314 spe
1364 2273 1507 2314 complet]
1531 2273 1584 2304 Ita
1598 2272 1745 2314 restitui,

1044 2333 1144 2355 sensu
1161 2325 1232 2364 ipso
1244 2325 1448 2364 postulante.
1487 2323 1581 2354 Editi
1593 2322 1742 2353 habent:

1043 2376 1237 2412 cognoverat,
1264 2373 1390 2403 tributis
1411 2372 1591 2413 quibusdam
1610 2371 1746 2413 publicis

1042 2424 1397 2464 privatisqneprcsmiis:
1421 2424 1637 2464 Reliq110s‚8,·c.
1667 2423 1745 2455 Qua

1043 2475 1318 2514 interpunctione
1336 2485 1410 2505 eum
1430 2475 1570 2515 pessime
1588 2473 1746 2504 turbetur

1043 2525 1225 2563 sententia,
1263 2530 1408 2555 mentem
1448 2523 1605 2555 Auctoris
1635 2523 1744 2554 minus

1046 2581 1140 2605 recte
1171 2575 1328 2606 videntur
1359 2574 1532 2614 accepisse
1576 2573 1743 2604 Editores.

1047 2626 1152 2655 Clark.
1200 2625 1292 2655 Bene
1317 2623 1569 2655 distinctionem
1599 2622 1745 2654 mutavit

1045 2674 1214 2705 Clarkius.
1259 2675 1368 2706 Quam
1405 2673 1566 2712 restituit,
1596 2671 1747 2713 jamin·

1044 2723 1142 2755 venio
1166 2723 1201 2754 in
1224 2722 1312 2755 Edd.
1338 2723 1438 2755 Vasc.
1463 2723 1595 2765 Gryph.
1620 2722 1742 2765 Steph-
