1850 3109
540 209 601 237 un
635 207 750 236 vim
783 205 916 236 ,iuml
952 206 1186 238 erasmus.
1474 200 1585 241 1817

135 305 171 342 in
194 306 339 343 ltaliam
361 306 474 351 venit,
496 312 536 343 ut
564 318 695 343 omnes
717 305 830 342 urbes
859 311 899 342 et
924 304 1069 343 famosa
1089 305 1207 355 opida
1236 305 1426 354 cisalpinae
1448 308 1586 346 Galliae

135 368 425 413 circumeundo,
455 368 685 419 populorum
707 368 866 419 gratiam
888 367 959 405 sibi
988 368 1236 405 conciliaret:
1268 380 1289 404 a
1308 368 1447 418 quibus
1470 373 1590 407 omni-

138 432 207 468 bus
246 433 331 481 plus
366 446 480 482 quam
511 433 680 470 humano
712 433 820 469 cultu
854 446 900 469 ac
935 432 1174 470 veneratione
1210 439 1426 482 susceptuS,
1461 446 1589 470 rursus

135 497 404 546 transalpinam
437 498 472 534 iu
504 497 667 534 Galliam
699 497 878 534 remeavit
905 496 954 533 ad
983 497 1206 540 exercitum,
1227 509 1434 547 suspensus
1463 497 1591 533 auimo

135 565 251 609 atque
271 568 478 610 expectans
498 561 590 610 quid
621 561 668 598 de
693 574 731 597 se
751 561 913 597 Senatus
933 567 971 597 et
1000 560 1218 609 respublica
1237 560 1479 598 decrevisset.
1539 561 1590 597 Hi

137 630 226 660 sunt
246 624 402 672 quidem
425 625 628 662 multorum
650 637 836 661 annorum
859 623 1023 661 Caesaris
1044 623 1193 661 labores
1221 624 1256 660 in
1279 624 1420 669 Gallia,
1443 625 1501 662 11ae
1522 624 1595 661 dif-

138 689 342 735 ficultates·‚
388 691 472 728 liaec
511 691 705 740 pe1·icula;
756 690 819 728 uui
858 703 998 739 magno
1039 691 1202 740 imperio
1235 690 1378 728 nedum
1417 691 1481 728 uni
1514 690 1594 728 viro

137 753 253 790 inulta
275 754 366 790 satis
393 760 430 791 et
459 754 614 803 gravia:
658 767 820 804 quorum
844 766 1031 791 summam
1060 754 1286 804 complexus
1311 762 1366 792 est
1388 754 1592 792 Suetonius

135 817 384 868 Tranquillus
407 818 465 855 liis
488 819 621 863 verbis,
644 831 730 868 quae
750 817 1041 866 insererejuvat
1061 825 1216 866 propter
1235 817 1408 854 eximiam
1433 818 1594 855 brevita-

138 888 229 919 tem.
285 882 429 928 Gessit,
450 882 655 931 ⁸³inquam‚
683 895 817 919 novem
839 881 960 925 annis,
982 882 1123 930 quibus
1156 881 1192 918 in
1223 881 1381 928 imperio
1405 881 1488 925 fuit,
1511 881 1593 919 haec

138 944 237 982 fere:
269 958 420 982 onmem
453 945 622 982 Galliam
645 958 729 995 quae
758 957 780 982 a
813 945 912 982 saltu
950 944 1088 981 Pireno
1122 944 1367 994 Alpibusque
1396 951 1434 981 et
1468 951 1595 982 monte

138 1008 339 1052 Gebenna,
363 1008 582 1045 fluminibus
602 1009 739 1045 Rheno
773 1021 818 1044 ac
853 1008 1016 1045 Rodano
1050 1008 1283 1052 continetur,
1314 1015 1497 1058 patetque
1527 1007 1598 1044 cir-

138 1071 243 1108 cuitu
272 1071 318 1109 atl
356 1072 413 1109 bis
446 1079 483 1109 et
513 1073 647 1110 trecies
682 1079 834 1109 centum
863 1073 966 1109 milia
996 1085 1190 1122 passuum,
1227 1079 1366 1122 praeter
1397 1071 1520 1108 socias
1549 1084 1595 1108 ac

140 1135 389 1172 benemeritus
409 1136 460 1172 cix
473 1135 595 1180 itates‚
617 1136 653 1173 in
670 1136 876 1186 provincia*
893 1136 1054 1172 formam
1073 1136 1229 1184 redegit,
1245 1135 1357 1184 eique
1373 1135 1407 1171 iu
1428 1135 1596 1184 singulos

137 1210 256 1235 annos
277 1198 493 1248 ³⁹stipendii
526 1212 664 1236 nomen
700 1199 896 1249 imposuit.
953 1200 1168 1236 Germanos
1190 1199 1255 1248 qui
1285 1205 1388 1235 trans
1419 1199 1595 1235 Rhenum

140 1261 314 1300 incolunt
352 1263 494 1312 primus
530 1263 744 1300 ⁹0Roman0
783 1270 901 1312 ponte
939 1262 1128 1300 fabricato
1169 1274 1386 1312 aggressus,
1426 1261 1598 1299 maximis

138 1323 267 1362 affecit
284 1325 471 1363 cladibus.
533 1331 744 1375 Aggressus
769 1333 807 1362 et
828 1325 1051 1363 Brittannos
1071 1326 1222 1375 ignotos
1247 1333 1372 1368 antea,
1393 1326 1599 1375 superatis-

141 1401 215 1437 que
237 1389 417 1438 pecunias
436 1395 474 1426 et
504 1388 659 1426 obsides
679 1389 892 1439 imperavit.
950 1389 999 1425 Et
1021 1390 1101 1426 haec
1123 1389 1198 1435 ille,
1221 1402 1307 1439 quae
1337 1402 1406 1426 nos
1426 1389 1540 1426 latius
1560 1389 1599 1426 in

139 1452 307 1489 historiae
327 1451 489 1489 formam
510 1460 641 1489 nostro
662 1465 767 1489 more
787 1452 1029 1502 digessimus.

193 1517 365 1553 Etanna
386 1515 540 1566 quidem
562 1516 654 1554 Julii
681 1517 841 1554 Caesaris
875 1518 980 1554 clara
1012 1518 1212 1561 hactenus,
1245 1517 1423 1568 gloriosa,
1454 1518 1598 1568 magni-

145 1578 236 1617 lica:
267 1580 337 1617 etsi
370 1580 470 1617 enim
502 1580 539 1617 in
572 1581 762 1618 nonnullis
796 1575 954 1619 actibus'
980 1580 1118 1618 modus
1149 1581 1317 1619 fortassis
1337 1582 1598 1628 excederetur,

143 1643 254 1692 [171]
287 1657 402 1693 quem
437 1645 474 1680 iu
510 1644 754 1682 multitudine
784 1651 955 1690 actuum,
988 1645 1181 1695 praecipue
1203 1645 1443 1690 bellicorum,
1466 1646 1513 1683 ad
1536 1659 1604 1682 un-

144 1720 255 1756 guem
278 1720 426 1745 servare
448 1707 622 1746 difficile:
655 1708 735 1745 Etsi
756 1709 943 1756 Suetonii,
977 1722 1093 1759 quem
1124 1710 1299 1758 proximo
1329 1710 1534 1754 nominavi,
1553 1709 1601 1746 de

143 1772 228 1820 ipso
261 1772 455 1820 loquentis
489 1772 602 1821 plane
634 1771 706 1808 ista
729 1772 914 1809 sententia
934 1771 997 1808 sit:
1031 1771 1254 1821 ‘Siquidem
1289 1785 1359 1809 nec
1393 1772 1602 1816 9¹dictum‚’

144 1835 209 1879 ait,
242 1839 251 1855 ⁸
270 1835 359 1872 belli
381 1835 458 1873 ulla
490 1835 677 1872 ⁹²actione
707 1835 839 1884 injusti
860 1847 906 1873 ac
927 1835 1134 1885 periculosi
1167 1835 1362 1880 abstinuit,
1386 1842 1462 1873 tam
1485 1835 1605 1873 foede-

144 1899 233 1936 ratis
255 1911 371 1948 quam
394 1898 540 1936 infestis
559 1912 604 1937 ac
639 1899 727 1936 seris
760 1899 941 1949 gentibus
962 1899 1064 1936 ultro
1085 1899 1299 1936 lacessitis!
1356 1901 1416 1936 Ac
1449 1906 1606 1936 constat

147 1962 281 2012 utique
314 1963 520 2013 gloriosum
556 1962 650 1999 nibil
682 1976 764 2000 esse
799 1962 904 2012 quod
936 1962 1137 1999 ⁹³multum
1171 1962 1231 1999 sit.
1299 1962 1487 2005 Quamvis
1520 1962 1603 1999 haec

147 2027 302 2076 inquam
323 2027 376 2064 ita
394 2027 479 2071 siut,
502 2034 538 2064 et
562 2026 688 2077 possit
707 2025 836 2064 forsan
856 2039 952 2064 uuus
971 2026 1147 2076 alterque
1167 2032 1276 2063 actus
1296 2026 1425 2075 argui:
1456 2038 1604 2063 summa

148 2097 271 2127 tamen
291 2090 631 2141 irreprehensibilis
651 2089 772 2127 videri
793 2095 933 2138 potest.
972 2089 992 2108 '⁷‘
1008 2089 1197 2138 Pugnare,
1221 2088 1413 2138 propriam
1434 2095 1472 2126 et
1493 2101 1603 2126 suum

147 2161 183 2192 et
204 2153 351 2204 imperii
373 2153 429 2190 sui
449 2167 586 2190 nomen
607 2153 748 2191 crebris
768 2166 813 2190 ac
836 2152 1009 2190 maximis
1025 2165 1160 2189 ornare
1178 2152 1358 2198 victoriis,
1375 2158 1415 2189 et
1430 2152 1606 2189 Romana

148 2218 286 2255 virtute
306 2216 473 2254 furorem
494 2218 773 2266 compescuisse
807 2217 1070 2254 barbaricum:
1103 2216 1232 2266 itaque
1266 2216 1456 2265 generosis
1489 2228 1605 2255 cona-

148 2281 248 2319 tibus
268 2281 377 2318 affuit
397 2281 563 2325 fortuna,
585 2287 623 2318 et
652 2281 765 2318 rebus
799 2294 918 2331 supra
943 2293 1051 2330 spem
1072 2292 1264 2329 supraque
1285 2278 1402 2316 fidem
1424 2292 1605 2329 prospere

151 2344 460 2388 succedentibus,
483 2344 583 2381 idem
605 2344 666 2382 ille
687 2352 838 2382 senatus
863 2345 928 2394 qui
959 2344 1104 2394 legatos
1134 2343 1181 2380 ad
1218 2343 1500 2393 explorandum
1530 2349 1606 2380 sta-

150 2416 230 2445 tum
270 2408 484 2445 Galliarum
519 2408 726 2445 mittendos
760 2407 969 2458 aliquando
1005 2407 1237 2452 decreverat,
1272 2414 1309 2444 et
1344 2407 1398 2443 illi
1435 2407 1506 2457 ipsi
1539 2407 1604 2457 qui

152 2471 369 2509 dedendum
399 2471 576 2509 hostibus
608 2479 836 2510 censuerant
869 2473 989 2522 (gravi
1019 2484 1175 2521 prorsus
1194 2478 1233 2508 et
1253 2470 1388 2508 odiosa
1406 2470 1607 2513 sententia)

151 2535 398 2572 admiratione
420 2548 558 2579 rerum,
591 2535 721 2585 gloriae
753 2536 909 2573 tandem
939 2548 1018 2573 suae
1050 2535 1242 2580 faverunt,
1274 2535 1385 2583 eique
1419 2534 1548 2583 plures
1570 2540 1608 2568 ct

194 2632 236 2661 88
259 2631 363 2671 Lege,
388 2631 590 2671 inmun—50
606 2632 710 2672 Lege,
730 2632 878 2672 stipendii
899 2632 1022 2662 nomine
1037 2630 1386 2671 quadringenties.—9O
1415 2629 1526 2664 Forte,
1546 2627 1607 2656 Ro-

154 2687 403 2716 marimum—91
421 2686 539 2724 Forte,
561 2686 765 2716 deindo—92
783 2686 886 2726 Lege,
901 2685 1064 2725 occasione,
1080 2693 1116 2714 ne
1139 2681 1246 2721 injusti
1260 2680 1477 2720 quidem—93
1498 2680 1608 2714 Forte,

155 2738 313 2776 injustum.
