1850 3109
382 191 475 221 ΜΒ.
509 188 581 218 111.
612 174 806 216 c.u>.33.
842 183 903 213 DE
937 181 1094 211 13111.ιο
1127 181 1298 211 cuim.

114 287 185 319 bus.
215 286 348 319 Vossius.
379 284 459 317 Huc
483 282 652 323 pertinere
675 280 812 311 videtur

113 338 230 369 Valer.
256 337 351 370 Max.
379 342 427 364 vt.
443 336 474 364 6.
491 335 522 363 4.
568 333 576 349 ‘
593 331 641 362 Ut
669 329 812 361 Romani

113 386 247 427 imperii
284 384 394 426 potius
424 381 570 422 decepta
602 379 712 411 fides!
755 380 811 411 Sic

113 438 202 468 enim
235 436 316 467 Mss.
347 432 466 473 optimi
509 441 570 472 pro
608 430 812 471 imperatoris.

113 487 200 519 Vide
216 491 252 518 et
266 494 299 516 v.
315 487 345 516 4.
362 487 511 515 2.et1x.
529 485 580 514 12.
601 482 680 513 Ext.
699 485 728 513 1.
745 482 753 498 ‘
769 482 808 512 In

113 539 298 577 conspectu
313 534 430 565 summi
448 531 602 573 imperii.’

155 590 192 619 11
218 585 360 626 Differ-la
385 583 557 625 pra-sectis]
580 584 729 614 Primam
756 592 810 614 vo-

112 648 185 671 cem
210 638 327 678 optimi
355 638 437 668 Mss.
464 640 652 677 praestant;
682 636 740 667 sed
769 636 813 666 al-

110 693 184 720 tera
198 698 374 729 nusquam,
391 687 480 728 quod
496 687 579 726 scio,
600 687 633 717 in
651 686 814 718 membra-

111 738 163 770 nis
180 743 366 778 comparet.
404 737 470 776 Illi,
486 742 554 768 tam
570 737 698 777 Ursini,
714 747 813 777 quam

111 785 196 827 mei.
218 798 280 819 nec
306 797 372 819 non
396 787 484 819 Edd.
503 787 738 818 vetustissimas
756 798 813 819 ex-

109 837 228 870 hibent
241 838 415 878 pra’ceptis,
430 838 450 868 i.
465 847 496 869 e.
513 837 650 876 edictis,
675 838 813 869 manda-

112 888 166 920 tis.
210 889 265 920 De
293 887 452 928 praefectis
469 889 541 929 jam
572 894 812 929 praecesserat.

111 939 286 980 Quidquid
314 938 369 977 sit,
398 939 479 970 Mss.
510 938 691 970 lectionem
715 938 813 970 redu-

111 989 254 1020 cendam
271 989 397 1019 censui.

157 1042 196 1070 12
221 1039 350 1070 Privato
365 1038 555 1079 compendio]
573 1038 718 1070 Codices
735 1048 814 1069 non-

113 1089 208 1129 nulli,
235 1090 362 1129 imperio
393 1090 577 1129 compendio.
620 1088 813 1130 Al.i1nperio

111 1140 354 1180 compendioque.
401 1139 468 1169 Sed
499 1143 643 1179 praestat
675 1140 813 1179 vulgata

112 1190 245 1221 Lectio.
294 1190 402 1220 Clark.
448 1189 489 1219 In
517 1189 626 1229 Bong.
652 1194 688 1220 et
714 1189 811 1221 Leid.

111 1248 181 1270 sec.
198 1243 300 1281 atque
316 1239 404 1271 Edd.
420 1240 536 1280 primis
549 1240 812 1272 ad-Beroaldum

112 1298 220 1331 usque
236 1290 361 1330 legitur
380 1300 411 1330 p.
426 1290 554 1330 imperio
571 1291 814 1331 compendioque,

111 1339 301 1380 probatque
317 1340 574 1378 Hotomannus3
599 1345 635 1371 at
651 1341 759 1372 Dorv.
778 1346 813 1372 et

113 1389 202 1421 Edd.
220 1391 300 1421 Bas.
326 1390 419 1429 Aldi,
442 1392 507 1421 &c.
534 1391 661 1431 imperio
675 1402 812 1431 compen-

110 1441 173 1472 dio.
218 1441 259 1472 In
286 1440 385 1472 Voss.
417 1444 471 1471 est
496 1441 620 1471 consilio
646 1442 810 1482 impendio.

109 1490 153 1521 -ln
171 1491 328 1522 Ciaccon.
343 1490 432 1522 notis
448 1490 577 1531 imperio
593 1493 811 1532 compendiose.

111 1541 153 1572 In
178 1542 290 1573 Palat.
318 1546 451 1573 tantum
476 1551 526 1582 pr.
553 1543 681 1582 imperio
703 1543 814 1574 servie-

112 1591 196 1623 bant.
241 1592 342 1624 Unde
380 1592 516 1632 egregie
557 1591 694 1623 videtur
731 1592 811 1623 mihi

114 1643 203 1673 hunc
220 1643 331 1674 locum
347 1651 484 1672 sanasse
500 1641 684 1681 Gruterus,
714 1642 815 1683 conji-

118 1693 210 1724 ciens
240 1692 276 1722 in
302 1690 474 1722 ἀνεκδότοις
509 1692 634 1731 privato
663 1692 815 1732 impendio

109 1751 193 1774 serv.
218 1742 240 1773 i.
266 1752 296 1774 e.
333 1752 443 1773 usurae
472 1742 543 1773 sive
575 1742 815 1782 superpondio.

119 1792 241 1824 Cicero
266 1793 308 1824 ad
336 1792 406 1823 Att.
426 1793 489 1832 Ep.
508 1795 537 1822 1.
554 1792 576 1823 l.
594 1801 641 1823 νι-
666 1793 675 1808 ⁴
693 1793 815 1824 Foenus

115 1846 152 1882 et
168 1842 375 1883 impendium
393 1841 582 1880 1·ecnsare;'
613 1842 671 1873 ubi
696 1842 815 1874 itidem

114 1892 148 1923 in
163 1893 331 1924 nonnullis
350 1893 435 1924 Mss.
452 1896 505 1923 est
520 1893 692 1933 imperinm.
726 1893 815 1924 Vide

115 1943 250 1975 omnino
265 1954 429 1975 summum
445 1944 479 1976 J.
497 1945 535 1976 F.
552 1944 658 1976 Gron.
682 1944 724 1975 de
739 1954 813 1986 pec.

115 1993 197 2025 vet.
214 1994 370 2025 Mantiss.
383 2004 417 2034 p.
434 1996 509 2025 416.

157 2046 199 2075 22
223 2044 299 2075 Illas
311 2054 351 2075 ex
366 2044 400 2074 S.
420 2044 472 2085 C.]
487 2044 571 2081 Mss.
586 2044 671 2085 Reg.
689 2045 814 2076 Eliens.

109 2097 153 2124 -et
175 2093 272 2125 Voss.
298 2099 334 2124 et
358 2093 444 2125 Edd.
466 2094 562 2125 Vett.
589 2094 754 2125 exhibent
777 2105 816 2126 ex

107 2142 169 2173 -iuo
186 2142 219 2174 S.
238 2144 274 2174 C.
314 2144 423 2174 Clark.
469 2144 577 2175 Immo
592 2145 717 2176 habent
731 2147 815 2178 Mss.

108 2196 154 2224 >et
167 2192 253 2224 Edd.
276 2203 332 2234 pp.
349 2190 390 2224 ex
412 2194 466 2224 illo
485 2203 518 2224 se
537 2196 683 2226 consulto.
706 2197 813 2236 Bong.

110 2251 156 2273 -ex
170 2242 223 2273 illo
238 2253 257 2273 a
279 2253 310 2274 se
333 2253 413 2274 cons.
429 2249 467 2275 ut
483 2244 604 2275 millies
620 2244 654 2275 S.
673 2247 709 2276 C.
730 2246 762 2276 in
784 2257 815 2277 se

115 2294 286 2334 corrumpi
312 2295 412 2334 solet,
450 2300 486 2325 et
509 2295 582 2335 jam
612 2295 709 2327 initio
737 2297 814 2328 Lib.

109 2342 208 2374 Gali.
225 2343 382 2375 vidimus.

160 2395 200 2424 23
223 2393 280 2424 Uti
290 2393 321 2424 z'n
333 2396 414 2424 sorte
423 2393 582 2435 fecerant]
595 2394 701 2426 Gabr.
714 2395 815 2426 Faer-

110 2451 178 2473 nus
197 2448 234 2474 et
256 2444 334 2475 Pet.
352 2444 550 2476 ciacconius
575 2450 746 2486 reponunt
769 2447 817 2477 uti

116 2492 152 2523 in
174 2492 270 2533 Syria
287 2492 454 2531 fecerant3
474 2504 513 2526 ac
531 2495 580 2526 ita
595 2506 675 2527 sane
691 2496 818 2537 legitur

117 2540 152 2571 in
180 2542 265 2573 edit.
290 2543 376 2574 Rob.
400 2544 565 2584 Stephani
588 2544 633 2577 A.
648 2547 694 2577 D.
721 2549 817 2578 1544.

120 2590 179 2626 sed
195 2597 315 2624 contra
330 2593 493 2625 Codicum
514 2596 818 2628 manuariorunffi-

112 2639 210 2680 dem,
241 2643 299 2682 qui
333 2644 502 2684 vulgatam
531 2646 711 2678 lectionem
741 2657 819 2679 con-

121 2694 252 2722 stanter
273 2692 435 2725 retinent.
479 2696 609 2726 Forsan
627 2697 743 2728 Caesar
758 2697 819 2737 Sy-

117 2739 206 2772 riam
232 2741 318 2774 dixit
337 2747 463 2786 sortem,
484 2746 562 2787 quia
576 2746 731 2788 Scipioni
749 2757 821 2779 sor·

1449 169 1562 209 1477

862 278 926 309 tito
943 277 1139 308 obvenerat.
1174 275 1286 305 Dat-is.
1323 274 1360 304 In
1377 273 1472 314 Syrio
1487 285 1564 305 eon·

855 328 942 368 jecit
965 327 1067 357 etiam
1095 324 1324 364 Glandorpius
1351 329 1387 354 et
1418 325 1565 364 Lipsius,

862 382 897 409 et
922 377 961 408 iis
987 376 1176 407 adsentitur
1206 374 1373 406 Cellarius
1400 383 1442 403 ex
1463 384 1491 404 c.
1509 377 1563 404 31.

862 431 870 446 ‘
890 428 919 460 Α
944 427 1129 469 publicanis
1158 426 1334 467 pecuniam
1359 425 1565 466 insequentis

862 479 939 511 anni
962 484 1112 509 mutuam
1128 477 1271 508 sumsit.’
1318 476 1497 507 Davisium
1515 486 1565 506 se-

863 530 977 570 quitur
994 528 1162 560 Clarkius.
1207 527 1274 558 Sed
1300 527 1388 566 vide,
1415 536 1456 557 ne
1479 527 1564 557 alius

862 580 916 610 hic
934 580 1026 610 sortis
1040 589 1157 609 sensus
1175 580 1294 616 lateat,
1316 578 1347 607 in
1372 578 1459 608 notis
1478 578 1563 609 DD.

862 630 937 662 VV.
954 629 996 660 ad
1015 629 1090 660 Liv.
1105 637 1154 659 w.
1170 631 1220 659 36.
1246 631 1254 645 ‘
1276 628 1320 658 Ni
1338 629 1449 668 potius
1463 638 1564 669 quam

863 684 988 710 sortem
1003 678 1172 709 creditum
1189 678 1320 709 solvat.'

906 729 1124 769 Promutuum]
1158 728 1198 759 In
1215 728 1280 759 Ms.
1300 728 1383 768 Reg.
1410 733 1445 760 et
1471 728 1563 759 Edit.

864 780 960 810 Rom.
990 783 1043 810 est
1069 778 1210 817 Vectigal
1235 787 1291 818 pro
1318 781 1433 816 mutuo,
1461 778 1563 811 Quod

863 829 988 870 probat
1013 828 1194 867 Cellarius,
1216 832 1254 858 ut
1284 828 1389 867 magis
1415 828 1566 859 Caesare-

864 890 937 911 anae
965 880 1086 911 artatis,
1133 879 1242 910 Clark.
1286 878 1328 908 In
1356 878 1565 919 Antiquiori-

865 930 926 962 bus
955 929 1040 961 Edd.
1072 930 1121 960 uti
1147 933 1182 960 et
1210 929 1348 960 Vascos.
1385 929 1500 969 Steph.
1528 932 1565 959 et

864 981 950 1017 aliis,
974 990 1036 1012 nec
1063 989 1129 1010 non
1159 979 1252 1010 Leid.
1269 988 1335 1010 sec.
1354 984 1407 1010 est
1428 978 1565 1020 quidem

861 1035 1035 1071 promutuo.
1089 1030 1158 1061 Sed
1186 1030 1304 1070 optimi
1345 1029 1454 1069 quivis
1486 1029 1565 1060 libri

860 1085 1060 1122 promutzmm
1075 1082 1096 1113 i.
1113 1090 1142 1112 e.
1157 1081 1190 1111 in
1208 1085 1419 1111 antecessum
1437 1089 1564 1120 reprae-

864 1138 1047 1169 sentatum‚
1068 1136 1226 1170 sei-vanu
1250 1131 1313 1161 nisi
1329 1131 1418 1172 quod
1438 1131 1565 1162 Lovan.

863 1182 938 1213 Pal.
967 1187 1003 1213 et
1034 1181 1181 1212 Dorvill.
1209 1182 1357 1212 habeant
1380 1184 1564 1220 promotum.

864 1231 932 1262 Adi
960 1232 1079 1272 Cujac.
1109 1231 1255 1262 Observ.
1279 1240 1361 1262 vm.
1379 1234 1432 1262 34.
1478 1231 1565 1262 Mihi

859 1287 1024 1323 promutuo
1040 1284 1149 1314 minus
1165 1283 1325 1314 Latinum
1337 1282 1484 1314 videtur.
1514 1282 1565 1313 Ut

863 1334 990 1366 dicitur
1015 1337 1101 1375 dare,
1138 1335 1275 1375 accipere
1298 1334 1461 1374 pecuniam
1498 1343 1564 1363 mu-

862 1388 959 1425 tuam,
984 1385 1031 1416 sic
1048 1385 1151 1416 etiam
1164 1388 1371 1425 promutnam.
1394 1384 1461 1415 Adi
1477 1384 1565 1416 Gro-

863 1444 941 1466 nov.
972 1435 1016 1466 de
1041 1435 1126 1467 Pee.
1154 1436 1233 1466 Yet.
1266 1445 1299 1475 p.
1329 1438 1402 1466 115.
1430 1437 1503 1466 116.
1529 1438 1565 1465 et

863 1485 955 1517 alios.

907 1546 1042 1569 xxxm.
1066 1540 1086 1568 2
1112 1538 1306 1578 Coeterasque
1319 1537 1384 1576 ejus
1401 1537 1482 1567 Deoe
1502 1540 1566 1567 sta-

862 1588 948 1628 tuas]
973 1588 1013 1619 111
1031 1589 1098 1619 Ms.
1114 1588 1243 1630 Cujacii
1260 1593 1295 1619 et
1311 1589 1388 1619 Pet.
1406 1587 1540 1618 invenio
1557 1598 1564 1617 :

863 1642 1033 1680 cceteraque
1061 1639 1125 1678 ejus
1148 1640 1212 1670 diei
1241 1640 1420 1670 constituta.
1465 1638 1566 1670 Unde

865 1690 1006 1720 Ursinus
1023 1695 1144 1730 argute
1160 1694 1302 1730 certaque
1322 1690 1350 1721 ei
1372 1690 1417 1721 rei
1433 1690 1483 1720 die
1499 1699 1566 1720 con-

865 1741 988 1772 stituta.
1032 1742 1101 1772 Sed
1124 1752 1190 1772 non
1217 1743 1347 1783 probo3
1375 1742 1454 1783 quia
1481 1751 1565 1781 opus

865 1800 934 1821 non
957 1791 1029 1822 e'st:
1054 1801 1132 1823 nam
1164 1793 1286 1823 Dianae
1303 1793 1465 1832 templum
1494 1792 1566 1831 ple-

867 1850 946 1871 num
963 1840 1109 1873 donariis
1132 1842 1306 1882 pretiosis:
1332 1842 1409 1872 vide
1427 1841 1564 1871 Strabo-

867 1901 943 1922 nem
966 1891 988 1922 1.
1013 1901 1088 1924 xlv.
1138 1893 1267 1923 Vossius.
1313 1892 1458 1923 Codices
1483 1901 1566 1922 non·

866 1943 963 1982 nulli,
986 1947 1156 1984 caeteraque
1193 1943 1256 1981 ejus
1295 1943 1357 1974 diei
1387 1943 1566 1973 constituta.

865 1992 966 2023 Unde
983 1992 1127 2024 Ursinus
1139 1993 1318 2034 legendum
1333 1993 1491 2033 conjecit,
1505 2002 1569 2023 cer-

865 2045 954 2082 taque
981 2043 1009 2074 ei
1034 2044 1081 2074 rei
1107 2043 1157 2075 die
1180 2044 1361 2074 constituta.
1408 2043 1473 2074 Sed
1491 2053 1567 2073 acu-

867 2097 938 2123 tum
961 2093 995 2124 id
1028 2094 1134 2134 magis
1158 2103 1256 2135 quam
1283 2103 1412 2124 verum.
1460 2093 1567 2124 Hoto-

865 2155 1006 2177 mannus
1024 2146 1195 2185 emendat,
1219 2149 1374 2186 certasque
1400 2145 1465 2184 ejus
1488 2145 1568 2176 Deoe

863 2198 995 2226 statuas.
1038 2195 1106 2226 Sed
1130 2206 1240 2237 neque
1267 2196 1300 2227 id
1325 2206 1421 2237 opus.
1469 2196 1568 2226 Crete-

864 2255 910 2276 roe
924 2246 1023 2277 'enim
1038 2249 1152 2277 statua?
1179 2247 1325 2287 intelligi
1349 2250 1490 2287 possunt
1510 2256 1568 2277 cce-

866 2299 933 2325 tera
949 2296 1078 2326 donaria
1100 2296 1248 2336 pretiosa,
1270 2296 1360 2326 inter
1380 2306 1455 2336 quae
1471 2301 1570 2327 erant

864 2348 987 2385 statute,
1008 2346 1060 2385 “5⁰-
1106 2346 1300 2377 Retinenda
1328 2346 1445 2387 itaque
1477 2345 1568 2377 vide-

867 2401 923 2427 tur
938 2397 1077 2437 vulgata
1107 2397 1224 2428 lectio.
1274 2397 1380 2428 Clark.
1428 2397 1568 2428 Norvie.

868 2447 988 2488 Cujac.
1007 2448 1129 2478 Petav.
1147 2453 1183 2479 et
1205 2447 1319 2478 Ursin.
1344 2447 1428 2478 dant
1453 2450 1569 2477 cetera·

867 2507 924 2537 que
939 2498 1002 2536 effus
1026 2497 1090 2528 diei
1112 2498 1302 2533 constitnta;
1325 2496 1415 2527 unde
1439 2496 1491 2525 vir
1513 2496 1569 2525 ille

868 2547 988 2578 doctus
1020 2547 1277 2578 rescribendum
1302 2547 1449 2586 putavit.
1472 2548 1569 2575 certa-

868 2609 926 2638 que
956 2599 1018 2637 ‹y'us
1044 2598 1091 2629 rei
1120 2599 1171 2629 (lie
1200 2599 1380 2629 constituta.
1439 2595 1569 2626 Eodem

868 2659 966 2680 sensu
980 2649 1130 2681 Achilles
1147 2650 1274 2680 Statius
1292 2647 1450 2683 malebat,
1472 2648 1570 2676 certa-

868 2709 926 2740 que
951 2699 979 2730 ei
1006 2699 1051 2730 rei
1077 2700 1128 2730 die
1149 2699 1333 2729 constituta:
1368 2695 1569 2727 ciacconius

869 2753 982 2780 autem
1011 2752 1152 2788 certaque
1192 2748 1259 2785 ejus
1296 2746 1346 2776 die
1387 2745 1567 2776 constituta.
