1850 3109
355 218 447 247 mu.
481 216 553 246 111.
585 217 690 246 cm).
720 204 761 244 9.
797 215 856 243 nn
892 215 1046 244 nuum
1078 215 1248 246 oivim.

75 312 112 343 Si
127 312 179 343 cui
195 311 312 342 methas
328 309 404 351 quid
424 310 455 339 in
472 313 618 339 mentem
633 308 772 345 venerit,

78 362 185 392 libens
213 361 406 399 amplectar.
458 358 547 389 Illud
578 358 674 394 addo,
706 367 770 386 non

77 411 229 441 dubitare
256 418 319 448 nie,
349 409 426 448 quin
459 413 628 448 postrema
655 407 770 444 verba,

78 461 179 491 tenire
201 463 311 499 posset.
356 457 418 488 Sed
440 461 505 497 post
532 459 693 488 discessum
717 458 771 488 Li-

77 511 279 547 burnicarum,
295 510 342 539 ita
362 508 542 538 scribenda
565 508 643 547 sint,
668 509 772 538 renirc

75 563 184 600 posset.
230 559 373 590 Discessu
400 558 646 589 Liburnicarum.
692 559 772 589 Cer-

76 618 144 642 tum
161 617 212 641 est
239 611 295 641 illa
320 610 381 640 Sed
403 614 482 650 post,
499 610 591 641 facta
607 621 649 641 ex
666 615 770 640 trans-

77 661 241 700 positione
273 661 362 691 vocis
394 665 516 700 posset:
554 671 627 691 uam
658 670 772 691 omncs

74 711 222 749 codices,
244 712 276 742 in
301 712 421 751 quibus
449 716 502 742 est
525 711 586 741 Sed
609 714 690 751 post,
706 720 771 740 non

74 761 198 791 liabent
216 771 330 792 vocem
355 765 467 799 posset.
514 762 638 792 Contra
654 762 684 790 iu
702 761 772 801 qui-

74 810 135 841 bus
150 815 202 841 est
225 814 337 850 posset,
361 811 392 840 in
410 811 450 840 iis
464 811 700 842 desiderantur
716 811 773 840 illa

75 862 136 892 Sed
164 865 242 901 post.
302 860 417 902 Atque
447 861 492 891 ita
530 866 565 891 ut
602 860 772 900 rescripsi,

75 911 177 941 ctiam
205 911 237 941 iu
269 911 454 951 anaciano
486 911 604 941 codice
636 915 671 940 et
705 911 772 940 Ms.

77 961 216 992 Norvrc.
234 961 368 1001 legitur.
411 961 546 992 Vossius.
603 959 773 991 Cod‹l.ni-

75 1011 119 1040 hil
152 1017 294 1048 inritant,
324 1011 386 1041 nisi
420 1011 510 1052 quod
541 1012 574 1041 iu
605 1011 773 1041 nonnullis

76 1060 208 1100 legatur
225 1062 255 1090 in
275 1061 408 1091 Caesaris
433 1065 619 1101 conspectum
647 1061 773 1091 reniret.

76 1109 179 1140 Ulcus
208 1115 259 1140 cst
290 1111 322 1139 in
352 1111 472 1148 verbis,
488 1111 542 1141 cui
571 1111 775 1141 medicinam

76 1159 224 1190 invenire
243 1169 383 1200 nequeo,
399 1161 459 1190 nisi
488 1160 577 1191 forte
607 1161 651 1191 sit
680 1170 774 1200 repo-

76 1210 222 1240 nendum
239 1220 275 1241 ne
297 1220 355 1250 qua
375 1210 545 1241 subsidium
567 1215 776 1251 exspectatum

76 1259 109 1290 in
142 1259 276 1290 Coesuris
312 1261 500 1300 complexum
527 1262 629 1292 venire
663 1265 774 1302 posset.

78 1309 216 1340 Bibulus
231 1320 272 1340 ex
290 1311 342 1349 iis,
359 1321 434 1352 quae
459 1316 610 1351 ceperat,
635 1312 776 1351 navigiis

78 1360 249 1391 intellexit
280 1361 448 1391 Caesarem
474 1361 564 1392 aliud
593 1361 776 1392 subsidium

78 1417 288 1452 exspectare,
304 1413 376 1452 ejus
403 1413 643 1453 intercipiendi
660 1423 777 1444 caussa

78 1466 150 1496 dies
166 1472 348 1506 noctesque
365 1466 398 1496 in
414 1466 556 1497 navibus
571 1466 776 1498 excubabat.

79 1517 207 1547 Eodem
238 1527 337 1548 sensu
367 1517 501 1557 reponit
532 1518 608 1548 Pet.
639 1518 778 1548 ciacco-

79 1568 165 1605 nius,
197 1578 234 1598 ne
271 1569 349 1607 quod
384 1568 553 1598 subsidium
583 1568 778 1608 exspectabat

81 1619 198 1656 Caesur,
213 1618 440 1658 inconspectum
450 1618 528 1659 (hoc
544 1623 606 1657 est,
619 1628 684 1648 non
701 1628 779 1649 con-

78 1668 247 1708 spectum)
290 1668 394 1698 venire
423 1671 535 1707 posset.
601 1667 667 1698 Sed
705 1668 777 1698 haec

79 1716 270 1748 emendatio
287 1717 422 1747 nimium
446 1722 608 1757 quantum
635 1728 654 1748 a
679 1717 779 1748 Codi-

80 1777 156 1799 cum
181 1768 326 1798 lectione
355 1768 495 1799 recedit.
541 1769 669 1800 Eodem
696 1770 779 1800 vitio

80 1818 214 1849 laborat
245 1818 399 1859 Dionysii
428 1819 538 1850 Vossii
572 1820 780 1860 conjectura,

80 1879 173 1909 neque
185 1869 327 1910 praelium
350 1870 523 1900 detrectans
543 1870 571 1900 si
595 1871 626 1900 in
646 1872 780 1902 Caesoris

80 1923 280 1959 conspectum,
323 1921 374 1959 &a
423 1925 651 1962 praeterquam
689 1922 779 1962 quod

81 1979 197 2001 sensus
219 1970 402 2001 communis
419 1980 540 2010 expers
556 1969 660 2001 fucrit
677 1971 780 2002 Bibu-

80 2021 141 2059 lus,
156 2025 304 2061 oportet,
319 2020 358 2061 si,
380 2030 456 2052 cum
473 2021 606 2052 Casare
625 2022 779 2061 proelium

81 2071 166 2101 inire
190 2071 342 2112 cupiens,
359 2071 392 2101 in
419 2071 560 2102 navibus
583 2072 780 2111 excubaret,

83 2130 158 2152 cum
175 2122 280 2161 probe
296 2126 422 2160 nosset,
439 2123 564 2153 nullam
583 2123 660 2153 huic
676 2122 780 2154 fuisse

85 2173 218 2202 navium
246 2172 454 2204 facultatem.
511 2175 638 2205 Locum
667 2174 781 2204 mendi

83 2226 277 2261 suspectum
303 2231 368 2252 non
392 2222 494 2253 babet
518 2224 572 2253 Fr.
598 2224 782 2254 Hotoman-

84 2280 166 2308 nus;
205 2271 451 2310 interpretatur
481 2276 593 2302 autem
622 2272 781 2303 Bibulum

84 2321 206 2352 nullam
222 2321 487 2352 misericordiam
508 2328 738 2363 exspectasse,
755 2323 782 2353 si

83 2372 117 2402 iu
130 2372 271 2403 Cat-saris
288 2382 403 2403 manus
419 2374 548 2405 veniret
564 2385 570 2404 :
596 2374 655 2405 sed
673 2384 784 2405 exem-

84 2423 175 2462 plum
187 2423 304 2453 similis
315 2423 494 2454 locutionis
508 2425 675 2464 prolatum
687 2434 784 2465 opor·

86 2473 162 2512 tuit,
194 2473 282 2514 quod
315 2474 357 2504 ab
390 2474 607 2505 Hotomauno
637 2484 702 2505 non
735 2479 783 2505 est

86 2523 223 2563 factum,
239 2534 300 2555 nec
317 2524 362 2564 id,
384 2530 422 2556 ut
449 2525 580 2566 opinor,
609 2526 784 2566 praestabit

88 2574 168 2605 alius
180 2575 355 2615 quispiam.
378 2576 489 2606 Duvis.
524 2576 783 2616 Neque-posset.

89 2623 172 2654 Haee
197 2626 313 2664 verba,
337 2635 411 2666 quae
438 2625 532 2656 uncis
558 2626 689 2665 inclusi,
712 2635 784 2657 cor-

89 2679 188 2713 rupta
201 2675 458 2706 existimantur:
494 2680 530 2706 et
555 2677 614 2706 vix
637 2676 709 2706 siue
731 2686 784 2707 co·

91 2722 200 2754 dicum
245 2725 420 2755 meliorum
458 2734 523 2765 ope
561 2726 783 2758 restituenda.

92 2772 286 2805 Notandum
320 2779 463 2815 tantum,
493 2775 638 2816 optimos
673 2777 783 2809 Mstos

1412 205 1523 247 1449

825 316 884 347 pro
910 308 943 337 in
972 308 1106 337 (metiris
1127 310 1315 348 complexum
1340 309 1463 340 habere
1490 311 1524 341 in

826 359 959 387 caesuris
982 362 1182 398 conspectum.
1231 359 1374 399 Hocque
1392 360 1459 390 dici
1480 361 1525 390 vi·

824 406 934 443 detur,
955 408 1110 437 Bibulum
1129 418 1236 448 neque
1254 409 1356 438 ullum
1375 409 1525 439 laborem

823 458 1095 489 conditiouvmvc
1139 468 1282 499 unquam
1321 460 1526 500 detrectare,

825 518 934 549 neque
961 510 1062 539 ullum
1090 509 1271 542 subsidium
1299 510 1442 550 plurium
1468 520 1525 540 na-

826 559 913 588 xium
932 566 1114 599 expectare
1131 561 1183 596 (ut
1202 566 1319 600 postea
1339 560 1421 591 Libo
1443 570 1477 591 se
1495 560 1526 591 ei

825 609 1037 648 conjunxisse
1075 616 1231 641 narratur
1261 621 1290 641 c.
1324 614 1392 646 15.)
1427 610 1526 641 modo

826 669 900 688 cum
939 660 1071 690 Cwsarc
1107 661 1173 690 ulla
1204 661 1331 691 ratione.
1364 660 1527 701 congredi

826 715 951 749 posset.
979 712 1085 741 Clark.
1131 713 1169 742 In
1187 713 1277 742 nullo
1297 713 1379 742 Cod.
1398 717 1527 752 praeter

828 761 935 799 Βοῦς.
962 766 996 791 et
1022 762 1134 792 I’alat.
1160 761 1304 802 adparet
1326 762 1362 792 τὸ
1389 772 1526 802 conspec-

825 814 902 848 tum,
920 812 968 841 uti
985 821 1046 842 nec
1071 812 1103 842 in
1129 812 1216 843 Edd.
1233 813 1259 843 si
1276 813 1427 853 excipias
1448 813 1525 844 Ald.

825 862 909 892 Vcn.
939 867 974 892 et
1003 863 1135 892 Manut.
1166 873 1241 893 cum
1271 864 1385 894 l’lant.
1438 866 1527 894 Com·

820 913 949 951 plerum
967 916 1077 942 tamen
1103 923 1163 953 pro
1188 923 1383 953 congressu,
1408 914 1528 954 proelio

826 962 945 1001 accipi,
961 972 1026 992 nun
1047 963 1170 1002 placet.
1216 963 1268 993 An
1286 964 1421 1003 scripsit
1437 963 1527 994 Auc-

826 1017 879 1041 tor
895 1021 932 1042 ne
947 1014 1022 1051 quod
1037 1024 1063 1042 s.
1080 1014 1287 1052 exspectantis
1301 1013 1333 1043 in
1353 1015 1432 1043 Cass.
1448 1023 1527 1044 com-

823 1062 946 1101 plexum
964 1064 1065 1094 venire
1078 1063 1205 1103 posset!

873 1115 909 1143 17
936 1113 1054 1143 Posset.
1074 1115 1149 1144 I’ost
1162 1114 1213 1153 n.]
1261 1116 1382 1155 Vulgg.
1413 1120 1526 1155 posset.

827 1160 888 1191 Sed
902 1166 981 1201 post,
998 1163 1040 1193 dc
1055 1174 1120 1203 qua
1138 1165 1284 1195 lectione
1302 1165 1527 1205 ingeniosissi-

827 1221 880 1242 me
918 1212 1075 1242 observat
1110 1214 1155 1243 D.
1191 1214 1350 1251 Vossius3
1397 1221 1528 1246 certum

828 1271 901 1292 esse
918 1263 998 1293 illud
1010 1263 1072 1293 Sed
1086 1267 1166 1303 post,
1183 1269 1299 1294 natum
1316 1275 1359 1295 cx
1375 1270 1526 1305 transpo-

829 1313 950 1344 sitione
998 1314 1091 1344 vocis
1127 1315 1366 1354 praecedentis,
1416 1318 1526 1355 posset.

829 1363 965 1403 Quippe
979 1373 1091 1394 omues
1109 1364 1264 1404 Codices,
1290 1365 1323 1395 in
1341 1365 1462 1405 quibus
1476 1371 1528 1396 est

828 1414 910 1443 illud
928 1415 987 1444 Sed
1010 1417 1091 1453 post,
1107 1424 1222 1446 carere
1251 1416 1358 1447 altere.
1376 1417 1434 1446 illa
1456 1426 1527 1456 pos-

827 1468 895 1494 set:
922 1465 1090 1506 inquibus
1119 1471 1232 1496 autem
1260 1472 1378 1497 contra
1402 1467 1530 1507 reperi-

829 1519 885 1544 tur
913 1519 1025 1555 posset,
1051 1516 1140 1546 iniis
1157 1517 1311 1547 omnibus
1342 1517 1530 1548 desiderari

828 1564 910 1595 illud
939 1565 1000 1596 Sed
1023 1569 1102 1605 post.
1148 1567 1320 1597 Rescribit
1343 1566 1459 1606 igitur,
1488 1577 1530 1598 ex

829 1616 898 1645 Ms.
916 1624 1001 1653 uno;
1021 1619 1134 1655 posset.
1172 1617 1394 1657 Di.s‘cessu,ts·t·.
1418 1618 1530 1650 Quam

830 1667 1025 1697 Lectionem
1050 1668 1203 1707 repperit
1220 1678 1355 1709 quoque
1371 1668 1531 1699 Davisius

830 1718 864 1747 in
880 1718 948 1747 Ms.
966 1717 1114 1755 Eliensi,
1140 1723 1174 1748 et
1196 1718 1268 1758 ipse
1293 1718 1454 1759 deinceps
1482 1719 1532 1749 in-

830 1767 906 1796 veni
923 1767 955 1796 iu
968 1767 1053 1796 Mss.
1066 1767 1150 1807 ch.
1164 1772 1199 1797 et
1213 1767 1258 1797 Is.
1272 1768 1394 1798 Vossii.
1421 1769 1530 1799 Clark.

836 1817 970 1855 Veniret,
985 1818 1039 1847 sed
1060 1821 1131 1857 post
1145 1818 1175 1847 cl.
1193 1822 1244 1847 est
1260 1817 1293 1848 in
1304 1818 1413 1856 Bong.
1432 1818 1532 1849 Leid.

831 1875 899 1896 sec.
918 1867 1024 1896 Dorv.
1055 1870 1090 1896 et
1119 1866 1207 1897 Edd.
1238 1867 1352 1906 primis
1378 1868 1531 1908 aliisque.

830 1916 872 1946 In
889 1915 978 1946 Edd.
995 1916 1094 1946 x‘asc.
1112 1916 1231 1956 Steph.
1247 1920 1311 1947 &tu
1339 1922 1393 1948 est
1414 1919 1532 1948 reniret

829 1966 1015 1996 —discessu.
1061 1965 1109 1996 At
1139 1966 1224 1996 Mss.
1255 1967 1375 2007 optimi
1411 1967 1532 1999 Petav.

831 2015 905 2055 Cuj.
931 2015 1047 2046 Ursiu.
1076 2015 1172 2046 Leid.
1196 2026 1247 2056 pr.
1275 2017 1403 2047 Lovan.
1432 2018 1530 2048 Voss.

831 2070 866 2096 et
897 2065 1039 2096 aliorum
1070 2067 1174 2097 venire
1202 2070 1315 2107 posset.
1367 2067 1533 2098 Discessu.-

831 2125 970 2157 quorum
992 2117 1195 2147 auctoritate
1226 2117 1259 2147 id
1286 2117 1432 2148 restitui.
1476 2117 1534 2150 Sic

830 2167 943 2198 statim
975 2167 1107 2198 discessu
1135 2177 1251 2207 eorum,
1267 2172 1303 2199 et
1334 2177 1437 2208 saepe.
1491 2167 1533 2198 In

829 2216 953 2256 Scalig.
971 2221 1083 2247 tamen
1101 2216 1235 2247 videtur
1250 2227 1325 2248 esse
1343 2218 1445 2249 venire
1462 2228 1531 2258 pos-

830 2269 888 2296 set.
934 2266 1011 2296 Post
1040 2266 1193 2297 discessu.-
1218 2267 1306 2297 unde
1333 2268 1433 2307 plane
1465 2277 1531 2298 nou

832 2316 953 2347 damno
987 2320 1058 2357 post
1095 2317 1269 2354 discessum,
1308 2317 1427 2348 omisso
1468 2319 1533 2358 sed,

833 2367 922 2408 quod
938 2371 973 2396 et
987 2366 1170 2398 Ciacconio
1185 2367 1353 2407 placebat.

875 2424 926 2447 xx.
951 2419 970 2447 4
996 2416 1188 2447 Contentum
1203 2416 1333 2448 Salonas
1345 2428 1415 2449 cum
1439 2429 1533 2459 neque

829 2467 1117 2508 pollicitationibus]
1142 2468 1229 2499 Haec
1241 2468 1406 2510 Scaligeri
1421 2479 1534 2500 einen·

833 2517 927 2548 datio
952 2522 1005 2548 est
1033 2522 1152 2548 contra
1177 2518 1324 2548 omnium
1351 2529 1406 2549 vv.
1424 2529 1474 2550 cc.
1498 2518 1534 2549 fi-

834 2568 923 2608 dem,
937 2569 971 2601 iu
997 2568 1116 2609 quibus
1134 2568 1260 2608 legitur
1274 2572 1453 2599 concentum
1475 2569 1533 2599 Su-

833 2619 931 2649 Ionis:
949 2624 1063 2655 recte;
1088 2627 1164 2648 nam
1174 2623 1364 2649 conventus
1380 2619 1444 2649 etsi
1455 2619 1532 2649 sub-

834 2668 912 2699 inde
929 2671 1076 2709 proipso
1092 2670 1219 2709 oppido
1239 2674 1397 2709 ponatur,
1424 2669 1533 2699 diver-

834 2728 890 2749 sus
919 2724 1031 2750 tamen
1060 2724 1122 2750 est.
1166 2720 1222 2750 Sic
1249 2728 1350 2758 supra
1375 2719 1396 2749 l.
1410 2727 1451 2749 11.
1475 2719 1532 2750 ubi

834 2778 877 2810 de
893 2767 1113 2802 Uticensibus
1140 2770 1255 2802 Caesar
1281 2768 1443 2810 loquitur,
1463 2778 1531 2801 ma.
