1850 3109
510 194 571 223 na
603 192 720 221 νιτΛ
752 192 884 222 sumi
921 193 1152 224 CAESAMS.
1444 186 1556 229 1723

106 291 178 329 sub
204 287 372 327 maximo
401 286 614 323 militasset.
671 286 818 322 Horum
839 293 876 324 ct
896 286 1040 324 ‹lucurn
1071 288 1187 324 virtus
1208 295 1246 325 et
1269 289 1429 327 militurn
1450 306 1555 339 egre-

104 354 164 404 gie
183 352 343 403 primum
367 350 526 386 bostium
548 350 731 399 impeturn
754 350 932 388 sustinuit
952 351 1185 400 repulitque.
1243 353 1372 389 Caesar
1399 340 1555 405 quodue

104 430 173 468 pro
192 422 364 464 tempore
384 414 476 451 nulli
496 415 547 452 rei
570 414 716 459 deerat,
746 421 780 451 et
806 416 943 452 milites
965 416 1189 452 hortabatur
1216 417 1424 465 praesertim
1455 431 1555 467 prae-

101 481 254 519 dilectae
275 479 346 516 sibi
364 480 518 528 legionis
533 478 696 516 (lecimae
714 492 722 516 :
759 478 823 516 scd
846 479 1062 516 exhortatio
1085 479 1294 516 necessario
1319 480 1439 516 brevis
1458 488 1553 527 erat,

102 544 253 582 virtutis
273 549 316 580 ut
344 542 513 592 pristinae
544 542 812 587 meminissent,
846 555 941 579 neve
961 543 1110 579 insolita
1133 556 1255 579 reruni
1278 544 1404 592 specie
1426 544 1555 582 turba-

100 614 254 647 rentur:
304 614 341 644 et
384 607 564 656 quoniam
603 606 746 643 differri
786 620 844 643 res
881 606 1046 656 amplius
1086 620 1158 643 uon
1201 607 1362 651 valebat,
1402 607 1551 657 signum

100 685 240 724 puguae
263 672 356 709 tuba
376 671 478 707 (ledit
498 684 506 708 :
542 676 579 707 et
599 677 677 707 tam
700 669 793 706 nibil
813 668 923 718 spatii
944 669 1040 713 fuit;
1074 677 1113 706 ut
1134 683 1180 706 nc
1201 669 1328 707 (licam
1358 678 1552 708 cousuetae

99 737 358 774 solemnitates
381 735 595 785 praeliorum
617 733 895 777 omitterentur,
928 732 1015 782 [50]
1047 732 1112 769 scil
1137 733 1196 769 vix
1224 733 1348 781 galeas
1371 733 1552 772 induendi

99 801 251 838 licentia
290 806 518 848 superesset.
595 798 732 835 Nullus
763 796 835 834 suit
872 796 1040 833 acierum
1078 797 1187 841 ordo,
1221 796 1323 832 nulla
1356 810 1415 833 ars
1455 798 1551 834 mili-

98 865 174 910 tiae,
210 863 376 907 fortuna,
407 876 495 912 (111ae
528 862 667 912 primas
701 862 811 906 solet,
847 874 979 898 omnes
1015 861 1086 897 sibi
1119 873 1260 910 pugna:
1296 862 1550 898 tumultuariae

97 934 226 977 partes
263 934 536 976 usurpaverat:
586 926 650 976 qui
689 927 737 963 ab
776 939 890 975 opere
928 925 976 962 ad
1024 925 1198 975 proeliuni
1237 924 1426 969 redibant,
1462 939 1550 975 quae

97 1005 188 1029 casu
227 992 388 1042 quisquc
428 991 533 1039 signa
571 997 836 1040 conspexerat,
884 990 956 1027 illis
996 1003 1035 1027 se
1074 988 1274 1027 confestim
1314 988 1550 1039 applicabat,

95 1062 212 1105 atque
245 1057 306 1092 illa
340 1056 598 1104 sequebatur;
641 1067 685 1091 ne
724 1068 834 1091 suuni
876 1053 1073 1103 proprium
1115 1052 1345 1101 inquirendo
1383 1052 1552 1090 confusis

95 1119 272 1156 omnibus
294 1125 446 1167 teinpus
468 1117 671 1161 amitteret,
693 1130 804 1153 omne
836 1117 940 1165 quod
974 1117 1008 1153 in
1031 1117 1159 1153 hostes
1180 1116 1249 1153 iret
1269 1129 1378 1152 suurn
1399 1117 1549 1165 signum

94 1181 324 1220 extimabat:
355 1180 511 1230 ancipiti
543 1187 579 1218 et
613 1180 771 1217 terribili
808 1181 932 1217 Marte
966 1185 1198 1229 pugnatum:
1231 1179 1295 1216 sed
1318 1192 1386 1228 per
1406 1180 1548 1218 medias

94 1245 340 1283 difficultates
373 1251 488 1295 atque
523 1245 692 1294 pericula
726 1245 901 1282 Romana
936 1245 1053 1281 virtus
1077 1243 1214 1292 erupit.
1274 1244 1322 1279 Et
1344 1255 1462 1292 quum
1484 1256 1550 1293 per

93 1318 224 1359 gentes
245 1309 388 1347 divisus
410 1317 489 1347 erat
510 1309 676 1346 bostium
696 1309 896 1353 exercitus,
929 1320 1027 1345 nona
1058 1307 1171 1345 simul
1205 1320 1248 1343 ac
1279 1306 1427 1344 decima
1449 1307 1550 1356 legio

92 1373 213 1411 sessos
243 1374 373 1411 labore
395 1373 597 1422 victosque
619 1371 837 1409 vulneribus
867 1371 980 1421 fregit
1011 1370 1228 1409 Atrebates.
1286 1370 1439 1407 Octava
1458 1384 1548 1409 vero

91 1444 131 1475 et
164 1436 366 1474 undecima
387 1436 669 1473 Viromanduos
698 1449 784 1473 cum
815 1436 917 1473 duce
939 1449 1007 1473 suo
1040 1434 1340 1484 ⁷4Buduognace
1363 1434 1548 1484 quodam,

91 1501 158 1550 qui
179 1501 316 1538 sumini
338 1499 440 1550 apud
462 1513 527 1537 eos
556 1499 632 1538 loci
652 1506 745 1537 erat.
803 1500 900 1537 Cum
924 1499 1072 1537 Nerviis
1092 1498 1330 1536 obstinacius
1353 1505 1547 1536 certamen

91 1565 163 1602 fuit
184 1578 303 1614 usque
321 1564 418 1601 adeo
439 1570 480 1601 ut
500 1577 598 1614 pene
619 1565 655 1601 in
676 1563 795 1602 dubio
816 1563 928 1602 fuerit
950 1565 1125 1601 Romana
1144 1562 1315 1600 fortuna:
1345 1570 1383 1599 et
1401 1563 1549 1600 Treviri

91 1629 240 1679 equites
261 1628 531 1678 opinatissimae
553 1628 700 1665 virtutis
721 1627 818 1665 inter
838 1641 968 1665 omnes
989 1627 1141 1671 Gallos,
1163 1626 1230 1675 qui
1250 1626 1390 1663 auxilio
1410 1627 1549 1664 Roma-

89 1692 147 1729 nis
166 1692 411 1736 advenerant,
434 1690 622 1741 dispersas
655 1691 835 1741 legiones,
858 1698 896 1729 et
929 1691 1067 1728 referta
1090 1690 1268 1728 hostibus
1289 1697 1410 1727 castra
1430 1697 1546 1741 atque

91 1756 218 1793 omnia
240 1755 384 1792 circum
404 1755 558 1792 turbata
584 1761 798 1801 cernentes,
827 1762 957 1793 actum
977 1754 1025 1792 de
1048 1754 1229 1791 Romanis
1249 1754 1333 1798 rati,
1355 1753 1544 1804 fugerent,

90 1819 293 1871 victosque
326 1820 408 1856 illos
442 1831 488 1856 ac
522 1818 669 1856 deletos
701 1832 778 1856 suae
812 1820 946 1869 patriae
982 1819 1210 1856 nuntiarent.
1268 1818 1399 1856 Caesar
1419 1825 1545 1855 tamen

90 1883 234 1934 ubique
255 1897 405 1934 semper
425 1896 598 1933 magnus,
619 1890 699 1921 tum
733 1883 880 1934 magnis
914 1883 1027 1921 ctiam
1062 1882 1244 1932 periculis
1274 1882 1545 1931 permaximus,

89 1947 156 1984 ubi
189 1947 382 1998 signiferos
416 1946 652 1991 interfectos,
688 1947 930 1985 centuriones
968 1953 1097 1984 autem
1130 1959 1253 1983 caesos
1281 1951 1348 1983 aut
1380 1945 1543 1990 saucios,

88 2010 263 2061 interque
296 2010 389 2048 alios
424 2010 525 2048 Pub.
558 2010 730 2048 Sextium
762 2011 950 2048 Baculum
982 2010 1232 2048 fortissimum
1257 2009 1381 2047 virum
1415 2009 1545 2047 multis

88 2074 329 2112 debilitatum
349 2074 581 2118 vulneribus,
604 2080 643 2112 et
667 2073 752 2123 jam
774 2074 938 2124 pedibus
959 2075 1034 2112 suis
1063 2074 1234 2112 insistere
1254 2087 1331 2111 non
1355 2074 1544 2111 valentem

89 2136 197 2183 vidit,
218 2138 377 2174 aliorum
401 2137 591 2186 quosdam
626 2138 792 2187 segniter
825 2144 1051 2188 pugnantes,
1086 2139 1164 2175 tela
1192 2144 1341 2176 tantum
1373 2136 1543 2175 hostiurn

89 2200 228 2244 vitare3
263 2200 450 2250 quosdam
475 2200 613 2237 sensim
634 2200 795 2245 cedere3
827 2201 1016 2251 quosdam
1037 2202 1171 2251 proelio
1191 2202 1389 2246 excedere,
1412 2205 1543 2238 hostes

85 2264 227 2302 instare
245 2277 290 2301 ac
312 2276 500 2313 premere;
532 2269 570 2301 et
600 2264 694 2301 nihil
725 2265 883 2301 omnino
904 2265 1171 2315 respiramenti
1190 2266 1267 2302 suis
1287 2264 1397 2309 dare;
1435 2264 1543 2302 deni-

87 2341 163 2378 que
181 2327 218 2365 in
238 2333 408 2365 extremo
428 2340 507 2364 rem
528 2327 691 2376 positam
711 2327 922 2375 intellexit3
952 2329 1083 2379 nilque
1106 2328 1189 2377 jam
1222 2328 1390 2379 praesidii
1410 2341 1545 2379 super·

87 2403 169 2428 esse
203 2403 281 2440 quo
302 2391 361 2428 vel
395 2390 548 2440 perdita
579 2397 813 2429 restauraret
843 2393 902 2430 vel
935 2393 1055 2430 ruinae
1090 2399 1328 2431 occurreret:
1359 2394 1541 2431 auxilium

87 2453 188 2505 quod
210 2454 364 2492 aliunde
386 2467 459 2492 nou
480 2460 630 2504 poterat
648 2467 671 2492 a
699 2455 823 2506 seipso
843 2457 1015 2506 cogitans
1045 2456 1298 2507 exigendum;
1330 2457 1436 2507 quod
1457 2458 1539 2507 ipse

88 2524 168 2556 tum
188 2517 285 2555 forte
305 2518 380 2555 sine
400 2518 523 2568 clipeo
544 2525 643 2556 esset
664 2520 770 2558 militi
801 2521 939 2559 lentius
966 2521 1166 2559 dimicanti
1186 2529 1338 2559 scutum
1359 2521 1538 2559 abstulit:

86 2587 124 2617 et
145 2581 181 2618 in
202 2581 363 2631 primam
382 2582 501 2619 aciem
534 2590 742 2632 provectus
776 2597 914 2635 magna
935 2598 1032 2623 voce
1066 2586 1308 2623 centuriones
1328 2584 1537 2635 proximos,

86 2656 154 2682 suo
175 2657 367 2696 quemque
399 2646 553 2684 nomine
584 2645 784 2697 increpans
812 2655 929 2698 atque
960 2649 1170 2699 appellans,
1190 2649 1278 2701 [51]
1298 2653 1458 2687 caeteros
1477 2658 1539 2696 ge-

596 2738 638 2770 74
660 2736 865 2778 Boduognato
887 2738 1026 2773 Caesari.
