1893 3109
453 194 547 224 Lm.
582 192 633 221 ιι.
666 188 772 220 cst.
793 179 836 219 9.
873 187 934 219 nn
969 187 1125 217 nmmo
1157 189 1327 218 cmm.

158 294 192 324 at
208 292 296 324 solet
312 289 427 323 Caesar
448 288 573 329 ubique
589 285 746 328 copiosus
768 293 856 324 esse,

157 347 196 376 ut
207 342 345 383 singulis
361 340 465 381 liquet
483 338 627 380 paginis.

202 397 242 426 12
265 390 516 432 Nihilosequius]
539 389 646 420 Editt.
662 387 854 418 Rom.Ven.

157 442 316 476 Beroald.
342 442 470 472 habent
493 440 589 471 nihilo
612 438 747 478 segnius,
766 437 857 479 quod

156 494 260 526 etlam*
271 492 412 534 probum
421 495 484 523 est.
503 490 683 522 Sallustius
696 488 856 529 Jugurth.

156 553 187 576 c.
198 546 251 575 75.
277 542 286 558 ‘
302 542 416 574 Nihilo
429 541 564 582 segnius
577 540 703 571 bellum
715 538 857 579 parare.'

154 593 255 626 Corn.
279 593 396 634 Nepos
416 593 556 624 Datam.
580 601 610 622 c.
629 593 680 621 ll.
695 595 697 597 ’
714 589 724 606 ‘
742 588 857 620 Nihilo

152 644 288 686 segnius
322 641 582 684 perseveravit3'
611 646 652 672 nt
679 639 782 671 falsus
812 639 857 671 sit

152 693 233 727 Nic.
251 694 424 734 Heinsius,
439 692 496 734 qui
516 692 560 723 ad
579 690 696 723 Ovidii
713 691 856 721 Metam.

151 752 193 776 11.
223 747 298 776 809.
337 744 422 775 lianc
456 742 617 784 loquendi
648 741 814 772 rationem
839 749 857 770 e

153 794 250 826 bonis
283 794 479 825 auctoribus
509 792 748 824 eliminandam
779 800 856 822 cen—

153 845 234 877 suit.
264 845 378 876 Dacis.
408 845 492 876 Cum
508 842 651 875 Davisio
668 840 752 873 facit
769 842 858 872 Doc-

151 894 226 927 tiss.
250 895 293 926 V.
317 890 478 927 Stave'ren
502 893 545 925 ad
566 892 712 934 Nepotis
733 893 857 931 locum,

153 945 316 978 Amtzen.
345 946 387 977 ad
412 945 641 976 AureL‘Vict.
663 943 704 974 dc
720 943 857 974 Caesare

153 1006 183 1028 c.
200 1000 253 1029 40.
277 997 286 1014 ‘
299 996 415 1028 Nihilo
428 995 564 1035 segnius
577 995 676 1025 solita
693 986 858 1031 cnraret3’

153 1047 211 1078 ubi
225 1048 331 1078 multa
347 1048 444 1088 hujus
459 1045 637 1077 locutionis
649 1044 788 1075 adducit
801 1053 857 1074 ex-

152 1097 264 1138 empla
278 1107 354 1127 cuin
371 1095 544 1127 Gebhard.
567 1094 608 1125 ad
628 1095 755 1133 Nepot.
772 1094 857 1124 Dat.

152 1150 222 1179 c.l.
247 1146 420 1187 Putatquc
433 1145 535 1176 etiam
551 1143 858 1183 Brantius‚seg·nius

150 1197 214 1228 hoc
229 1197 305 1227 loco
317 1205 389 1227 esse
403 1195 644 1236 congruentius
659 1206 666 1225 :
684 1199 719 1225 at
735 1198 857 1224 contra

144 1247 282 1288 ⁵judicat
295 1247 480 1285 Gruterus,
493 1245 549 1287 qui
566 1245 719 1276 centenis
727 1244 856 1284 aliquot

151 1297 235 1328 locis
260 1297 309 1328 ait
337 1296 462 1335 segnius
488 1295 651 1335 migrasse
675 1294 708 1326 in
739 1294 856 1325 sedem

152 1347 305 1388 genuinae
323 1347 414 1378 vocis
429 1346 551 1387 sequius
567 1355 626 1376 sen
642 1345 752 1376 secius.
789 1344 856 1375 Sed

151 1398 276 1437 segnius
307 1397 361 1428 hic
390 1397 492 1427 etiam
527 1397 567 1428 R.
603 1394 794 1435 Stephanus
821 1397 857 1424 et

152 1447 324 1488 Gryphius
355 1446 480 1478 dedere
515 1451 635 1477 contra
673 1445 756 1476 Mss.
784 1449 855 1476 tum

150 1498 306 1537 aliorum,
330 1501 401 1528 tum
428 1507 520 1528 ineos
537 1497 731 1538 plerosque.
766 1496 857 1527 Nam

150 1548 265 1579 Ursin.
296 1549 418 1579 Petav.
455 1547 572 1588 anac.
602 1546 714 1578 Palat.
745 1546 856 1586 Bong.

152 1598 278 1630 Lovan.
299 1599 408 1630 Dorv.
424 1598 524 1629 Voss.
539 1597 667 1628 habent
689 1597 787 1627 secius
801 1596 855 1627 vel

151 1649 258 1680 setius.
311 1650 438 1680 Verum
470 1650 548 1690 quia
584 1653 699 1679 tamen
731 1649 856 1689 Scalig.

153 1701 250 1733 Leid.
267 1711 318 1742 pr.
337 1706 372 1732 et
389 1701 555 1732 secundus
571 1706 708 1733 servant
722 1702 857 1740 seg-nius,

152 1751 185 1783 id
203 1752 264 1782 hoc
286 1752 362 1782 loco
377 1759 587 1792 nequaquam
610 1751 780 1791 damnem,
805 1761 858 1782 cc-

154 1801 304 1842 terisque
330 1801 424 1840 locis,
457 1801 514 1832 ubi
545 1801 587 1831 de
616 1801 795 1831 alacritate
821 1804 858 1831 et

153 1851 267 1884 studio
283 1861 337 1883 res
353 1855 417 1883 est.
453 1851 542 1882 N‘am
554 1851 686 1891 judicio
701 1851 777 1882 haec
793 1851 859 1882 dis—

152 1901 335 1941 cernenda,
364 1911 427 1933 nec
451 1911 471 1933 a
497 1902 580 1933 Mss.
608 1901 781 1941 standum,
801 1901 858 1942 qui

151 1952 285 1983 variant
302 1951 440 1993 ubique.
466 1952 590 1983 Lucan.
606 1961 656 1983 VI.
672 1953 746 1982 286.
769 1951 857 1984 ‘Qui

153 2003 294 2035 Caesaris
308 2012 399 2035 arma
413 2003 556 2045 Segnius
568 2004 657 2035 haud
670 2003 778 2043 vidit,’
791 2006 856 2034 &a

151 2052 219 2086 Sed
236 2053 322 2085 male
333 2053 457 2093 segnius
468 2054 503 2085 in
515 2055 683 2085 nonnullis
692 2060 745 2086 est
755 2054 796 2085 B.
810 2053 856 2085 G.

150 2111 177 2134 1.
191 2105 244 2135 49.
268 2104 278 2120 ⁴
296 2103 410 2135 Nihilo
434 2105 544 2135 secius
568 2104 705 2143 Caesar,'
730 2106 796 2135 δῖε.
820 2107 857 2135 et

152 2152 194 2183 B.
212 2152 286 2184 Civ.
303 2161 361 2184 111.
377 2155 429 2184 27.
454 2154 464 2171 ⁴
479 2153 596 2186 Nihilo
611 2155 720 2186 secius
737 2163 856 2195 seque-

153 2202 300 2234 bantur:

194 2262 248 2285 lx.
282 2258 298 2286 1
323 2254 466 2286 Altitudo
479 2256 628 2296 perducta
643 2258 689 2286 est
698 2256 738 2286 ad
753 2259 856 2287 conta-

151 2305 350 2346 bulationem,
367 2316 433 2338 eom
449 2307 663 2340 insemxerzmt
676 2307 736 2348 ita]
765 2307 857 2340 Quid

151 2355 237 2386 velit
257 2356 308 2387 his
325 2356 437 2387 verbis
452 2357 579 2396 Caesar,
595 2356 677 2388 satis
691 2356 857 2398 liquidum

152 2409 206 2436 est
242 2415 285 2436 ex
324 2407 562 2447 sequentibus:
611 2417 712 2448 quare
741 2408 856 2447 miror,

153 2454 371 2486 ciacconium
398 2466 417 2487 e
440 2466 532 2487 mera
554 2457 752 2497 conjectura
775 2457 857 2488 scri-

153 2503 236 2536 bere
252 2507 398 2538 voluisse
422 2517 549 2548 eamque
572 2508 638 2549 (sic
662 2508 749 2539 enim
767 2519 857 2550 quac-

155 2554 231 2586 dam
255 2556 343 2589 Edd.
369 2562 406 2589 et
437 2558 527 2599 Lips.
560 2558 708 2590 Poliorc.
736 2568 777 2589 11.
807 2557 856 2599 4.)

154 2604 239 2636 intra
275 2609 410 2647 parietes
440 2609 641 2640 incluserunt.
700 2609 858 2640 Instruere

155 2655 428 2689 contabulationem
458 2659 491 2689 in.
516 2660 651 2699 parietes
678 2658 858 2701 signifieat,

156 2703 230 2744 ejus
258 2706 351 2747 tigna
380 2709 565 2749 parietibus
593 2711 796 2751 subponere,
820 2715 858 2741 nt

155 2753 245 2785 infra
259 2755 269 2772 ‘
285 2756 380 2797 tigna
393 2758 488 2799 item,
502 2763 541 2790 ut
556 2760 679 2802 primo,
695 2765 788 2792 tecta
801 2770 858 2792 ex-

1502 181 1615 222 1411

909 283 1026 316 tremis
1039 282 1205 314 lateribus
1229 282 1464 314 instruebant.'
1492 283 1618 317 Rarior

909 338 1024 365 tamen
1047 338 1100 364 cst
1126 333 1253 364 locutio
1277 335 1309 363 in
1330 334 1483 374 parietes:
1507 339 1555 373 et,
1579 340 1618 367 ut

908 394 1023 416 verum
1055 383 1178 423 fatear,
1211 385 1294 415 Mss.
1329 389 1363 415 ‹·t
1401 384 1488 415 Edd.
1521 385 1619 418 Vett.

908 433 1057 474 vulgata:
1071 433 1210 465 lectioni
1227 443 1292 464 non
1309 432 1552 474 suffragantur.
1576 435 1618 466 In

908 483 1125 515 Editionibus
1153 484 1242 515 enim
1269 484 1401 525 priscis,
1427 484 1531 515 etiam
1554 486 1620 516 Be-

909 534 1074 573 roaldina,
1102 534 1193 574 legas
1220 538 1277 574 est,
1299 535 1620 567 &contabulationis

907 595 1013 616 caussa
1025 586 1058 616 in
1064 595 1133 626 par.
1145 586 1218 616 inst.
1232 586 1500 617 Contabulationis
1510 596 1618 619 caussa

907 636 1035 668 habent
1059 646 1193 678 quoqne
1217 637 1302 668 Mss.
1328 647 1464 675 omnes;
1497 643 1533 669 et
1556 648 1619 681 pro

907 689 959 727 ml,
983 688 1016 718 in
1043 688 1166 719 Petav.
1185 688 1313 719 Lovan.
1331 694 1367 720 et
1383 689 1479 720 Voss.
1497 694 1548 720 est
1570 693 1619 730 ut,

909 738 943 768 in
957 738 1052 769 Leid.
1068 748 1120 779 pr.
1137 742 1178 769 ct.
1207 739 1247 769 In
1266 739 1404 780 reliquis
1419 740 1470 770 αιΙ.
1497 739 1535 769 1η
1551 749 1619 770 non

909 789 1060 828 agnoscit
1085 788 1184 819 Leid.
1209 799 1259 829 pr.
1291 789 1406 822 Quare
1430 789 1521 819 aliud
1538 789 1622 830 quid

908 839 1015 869 latere
1032 838 1181 870 videtur.
1212 840 1340 870 Forsan
1352 840 1554 880 simpliciter
1567 850 1619 871 re-

907 889 1055 929 liquerat
1072 893 1190 920 auctor
1211 891 1299 929 [ιω-(Ι.
1323 894 1369 921 est
1391 892 1431 921 ad
1445 890 1621 922 contabula-

908 940 1034 979 tionem,
1051 940 1117 977 ejas
1127 950 1231 971 caussa
1246 941 1382 980 parietes
1391 942 1620 983 instruxerunt,

910 992 963 1030 25⁶.
994 991 1049 1021 De
1065 991 1169 1022 verbo
1186 992 1336 1023 instruere
1359 991 1415 1022 adi
1439 996 1557 1023 notata
1574 992 1620 1023 ad

910 1050 990 1072 vui.
1008 1045 1058 1073 41.
1087 1041 1096 1058 ‘
1113 1042 1269 1081 Aggeres
1294 1042 1462 1073 instruere
1486 1042 1620 1083 coepit.'

910 1093 1070 1123 Ceterum
1086 1102 1147 1132 pro
1161 1094 1385 1132 inlioeresceret,
1400 1094 1490 1134 quod
1504 1094 1619 1125 nescio

909 1142 1010 1182 unde,
1025 1142 1059 1172 in
1071 1142 1237 1182 Scaligeri
1250 1143 1444 1173 Editionem
1460 1144 1618 1184 inrepsit,

908 1200 943 1223 et
960 1192 993 1222 in
1016 1201 1111 1233 seqq.
1135 1196 1305 1223 retentum
1328 1197 1392 1232 est,
1416 1194 1550 1234 reposui
1565 1195 1619 1224 acl-

907 1243 1099 1281 lum-esceret,
1123 1242 1324 1282 jubentibus
1353 1243 1437 1274 Mss.
1462 1243 1619 1275 omnibus

909 1298 946 1323 et
964 1292 1049 1324 Edd.
1068 1292 1248 1332 prioribus.

951 1346 970 1373 9
999 1344 1128 1374 Dirccto
1147 1347 1341 1374 transversus
1356 1344 1473 1385 trabes]
1489 1344 1620 1376 Distin-

908 1394 980 1434 gnit
997 1394 1086 1424 inter
1102 1397 1298 1424 transversa
1312 1393 1417 1425 ἁπλῶς
1431 1400 1466 1426 et
1487 1395 1619 1427 directo

909 1448 1124 1475 transversa:
1170 1453 1248 1474 nam
1293 1447 1478 1476 transversae
1514 1445 1620 1477 trabes

907 1495 1019 1526 crucis
1034 1493 1177 1525 formam
1190 1495 1328 1532 habent,
1346 1506 1444 1537 quam
1460 1497 1619 1537 Burgun-

907 1546 1019 1576 dicam
1039 1544 1140 1576 hodie
1161 1545 1385 1585 appellamus,
1413 1546 1484 1576 sive
1507 1546 1617 1577 literae

907 1597 952 1637 X,
966 1601 1002 1628 at
1017 1596 1134 1626 directo
1148 1599 1325 1627 transversa
1338 1601 1415 1627 sunt
1430 1597 1488 1627 tali
1502 1597 1619 1637 specie

909 1651 980 1709 ψ.
1017 1656 1117 1690 Quod
1134 1656 1325 1701 notandum>
1341 1657 1382 1688 ad
1403 1657 1620 1689 intellectum

908 1714 1023 1754 turris,
1050 1715 1085 1745 in
1112 1724 1177 1755 qna
1206 1715 1313 1754 primo
1337 1715 1405 1746 duo
1429 1717 1525 1757 tigna
1547 1715 1620 1747 fue-

908 1768 987 1794 runt
1017 1769 1222 1803 transversa,
1261 1764 1338 1795 dein
1377 1766 1427 1796 his
1462 1767 1618 1798 instrata:

909 1815 1025 1845 trabes
1042 1815 1174 1846 directo
1190 1819 1404 1856 transversae,
1415 1817 1479 1848 hoc
1494 1821 1595 1857 pacto
1609 1827 1617 1847 ε

913 2159 1049 2191 Vossius.

951 2213 991 2242 10
1022 2211 1143 2252 Easque
1156 2211 1268 2242 ‹za-ibus
1291 2210 1516 2251 religaverunt]
1554 2210 1611 2242 Ita

908 2261 974 2292 Ms.
993 2261 1109 2301 anac.
1127 2266 1163 2292 et
1180 2262 1301 2293 Petav.
1323 2272 1362 2293 ac
1386 2272 1418 2292 v.
1441 2272 1470 2292 c.
1488 2268 1618 2302 noster,

908 2311 956 2343 sic
983 2316 1020 2342 et
1049 2312 1200 2352 Scaliger
1226 2311 1358 2343 edidit:
1396 2312 1430 2342 in
1457 2311 1617 2343 Palatino

908 2361 1011 2392 etiam
1035 2366 1085 2392 est
1105 2371 1196 2392 asses.
1236 2362 1346 2392 Recte
1370 2370 1472 2392 sane:
1499 2362 1563 2392 etsi
1582 2356 1616 2392 in

908 2412 1008 2444 editt.
1032 2412 1201 2452 prioribus
1230 2415 1266 2442 et
1289 2411 1457 2442 nonnullis
1483 2422 1536 2443 vv.
1562 2420 1614 2443 ce.

907 2467 961 2494 est
973 2463 1136 2494 asseribus.
1173 2462 1263 2493 Nam
1277 2467 1315 2492 nt
1331 2462 1506 2492 Vitruvius
1524 2462 1545 2493 l.
1562 2471 1613 2493 iv.

908 2513 967 2552 ait,
977 2514 986 2529 ‘
997 2513 1030 2543 in
1041 2513 1350 2551 contignationibus
1363 2513 1453 2552 tigna
1465 2516 1499 2543 et
1511 2510 1616 2542 axes.¹

909 2563 954 2594 Et
967 2573 1094 2594 asseres
1108 2563 1217 2593 minus
1233 2563 1286 2594 hic
1300 2562 1373 2594 usui
1388 2574 1395 2597 ;
1415 2562 1543 2603 quippe
1561 2571 1617 2592 nc-

909 2622 1076 2653 quaquam
1093 2612 1272 2651 asseribus,
1289 2611 1347 2642 sed
1362 2610 1504 2649 assibm,
1522 2609 1617 2640 tabu-

908 2663 978 2692 lata
994 2662 1137 2693 insterni
1153 2662 1274 2692 solent.
1314 2659 1485 2698 Religandi
1499 2662 1616 2689 autem

908 2712 1013 2742 verbo
1030 2711 1147 2742 Caesar
1168 2711 1259 2741 infra
1275 2715 1326 2741 est
1343 2718 1432 2745 usu5‚
1449 2708 1615 2740 cnmait:

909 2764 920 2779 ‘
939 2771 979 2792 eo
1003 2771 1106 2802 super
1128 2761 1223 2801 tigna
1244 2759 1415 2800 bipedalia
1436 2750 1615 2799 injiciunt}
