1850 3109
552 229 611 257 nr:
646 227 759 256 vt'rA
792 226 923 255 JUth
958 227 1188 258 caestius.
1490 220 1600 259 1883

150 327 375 377 iinipliorum
398 333 434 364 et
464 326 651 362 bellorum
677 332 713 362 et
743 324 927 362 fundendi
963 326 1154 375 sanguinis
1184 326 1268 363 fini-3
1294 326 1376 362 fuit.
1436 329 1490 365 lta
1523 337 1602 366 tan-

148 390 234 427 dem
257 390 375 439 longis
399 389 507 426 bellis
528 403 602 439 pax
629 390 706 426 alta
730 396 979 426 successerat.

206 455 258 490 Ea
289 454 444 503 quidem
479 454 703 503 magnitudo
737 466 858 490 rerum
887 460 924 489 et
962 453 1115 491 claritas
1150 454 1284 492 victori
1320 453 1492 503 gloriam,
1520 454 1601 491 mcx

147 517 256 554 terris
273 517 450 567 gentibus
471 524 678 567 stuporem,
711 517 787 553 suis
807 517 955 554 civibus
978 517 1133 554 livorem
1155 518 1364 567 odiumque
1396 527 1603 567 pepererat.

150 580 349 616 Neminem
372 587 475 617 certe
497 580 731 622 clementiae,
768 580 956 616 neminem
990 580 1182 617 liberalius
1211 581 1368 618 victoria
1390 594 1496 618 nsunt
1521 593 1608 617 con-

149 650 238 688 stat,
274 643 391 692 idque
419 641 609 679 ωηκυιίιιιί
641 650 728 680 sunt
756 651 950 681 auctores.
1003 644 1115 694 [258]
1146 644 1374 681 lmidelmnt
1398 652 1536 689 tamen,
1567 650 1605 681 et

150 706 254 756 quod
276 707 486 750 miraberis,
507 706 720 743 invidentes
743 708 939 744 certabant
957 721 1043 745 eum
1066 708 1275 745 honoribus
1296 721 1450 745 ornare:
1472 708 1607 758 positae

151 771 186 808 iu
213 772 364 820 templis
386 770 577 820 imagines,
610 768 830 821 ⁶*suggestri
852 770 887 807 in
910 771 1029 815 curia,
1063 770 1256 820 fastigium
1288 771 1324 807 in
1354 772 1483 816 domo,
1506 785 1609 807 men-

151 837 200 873 sis
232 836 268 872 iu
299 836 421 873 coelo:
454 835 535 885 ipse
570 842 677 885 pater
709 837 843 886 patria:
871 844 1158 886 perpetuusque
1191 837 1382 875 dictator:
1419 839 1471 874 ita
1507 837 1607 874 eniru

153 899 236 937 liaec
267 899 394 937 omnia
424 898 564 948 scripta
587 906 686 936 sunt.
746 900 832 948 lpse
861 912 966 936 suam
997 913 1148 936 omnem
1182 900 1421 937 clementiam
1442 899 1611 949 6⁵poten-

153 963 242 1000 tiam
264 963 299 999 in
319 962 424 999 cives
444 963 665 1000 effundere:
698 962 790 999 nihil
825 962 871 1000 de
902 969 1007 999 tanto
1029 962 1189 1012 imperio
1218 977 1326 1000 suum
1358 969 1440 1000 erat
1470 970 1610 1012 prseter

153 1028 310 1078 gloriam
340 1035 375 1065 et
407 1029 554 1079 imperii
582 1028 727 1065 nudum
761 1041 921 1066 nomen:
954 1028 1136 1078 pecunias
1159 1042 1312 1066 omnem
1334 1035 1486 1064 {etatem
1520 1042 1612 1065 con-

154 1098 384 1142 tempserat:
419 1094 634 1143 voluptates
657 1100 696 1129 ut
724 1097 920 1142 sperneret
945 1091 1026 1141 jam
1060 1092 1130 1129 sibi
1164 1100 1256 1129 aetas
1287 1091 1436 1129 devexa
1458 1100 1612 1141 praesta-

155 1155 233 1192 bat.
292 1156 441 1206 Negare
476 1169 551 1193 nou
583 1169 754 1205 possum,
777 1156 868 1206 quin
891 1156 926 1192 in
950 1157 1150 1205 republica
1168 1155 1324 1205 juvenis
1354 1156 1471 1205 paulo
1492 1156 1612 1206 impe-

155 1219 314 1264 tuosior,
335 1226 374 1257 et
408 1220 646 1270 principatus
668 1233 819 1270 semper
837 1219 1084 1270 appetentior
1103 1218 1225 1265 ⁶5fuit,
1248 1233 1363 1268 quam
1395 1226 1451 1256 sat
1473 1226 1542 1264 est,
1564 1232 1612 1256 ne

158 1283 187 1320 si
210 1283 284 1320 boc
314 1296 462 1333 negem,
486 1284 566 1333 ipse
591 1284 684 1321 meis
712 1284 866 1334 scriptis
885 1282 1071 1333 ⁶⁷arguer,
1091 1290 1129 1320 et
1151 1283 1207 1320 his
1229 1282 1451 1320 auctoribus
1471 1280 1614 1319 ⁶³nuda

157 1346 220 1383 illa
241 1345 512 1395 decerpserim.
570 1346 645 1383 Sed
668 1347 753 1397 quis
772 1347 930 1383 virtutes
958 1347 1048 1383 alias
1070 1346 1137 1383 viri
1157 1346 1269 1395 hujus
1297 1352 1508 1391 enumeret,
1529 1346 1613 1396 quis

157 1410 258 1447 illam
281 1409 431 1446 unicam
454 1409 607 1446 abunde
629 1410 850 1454 laudaverit,
872 1422 948 1458 qua
969 1422 1100 1447 omnes
1118 1409 1209 1447 vicit
1231 1409 1435 1459 principes,
1451 1409 1616 1447 clemen·

158 1473 273 1511 tiam!
331 1472 409 1511 Sed
443 1472 534 1523 quid
557 1480 684 1518 agant,
716 1487 842 1523 quove
863 1487 901 1511 se
922 1479 1069 1510 vertant
1091 1474 1275 1518 homines,
1298 1473 1443 1523 ubique
1463 1472 1616 1523 pericu-

158 1536 251 1581 lum,
266 1538 355 1575 nihil
378 1544 527 1575 tutum:
559 1538 789 1575 verissimum
812 1537 902 1574 illud
924 1537 1091 1574 Liricum
1110 1550 1118 1574 :
1151 1542 1160 1556 ‘
1182 1537 1286 1581 Quid
1317 1538 1476 1587 quisque
1509 1537 1614 1582 vitet,

159 1614 351 1650 nunquam
382 1601 527 1638 homini
543 1601 635 1638 satis
656 1609 811 1639 cautum
835 1607 891 1639 est
911 1602 947 1638 in
970 1602 1080 1638 horas
1096 1604 1118 1638 :⁸
1136 1602 1250 1639 exilio
1279 1608 1445 1638 cesserat
1465 1600 1616 1638 Africa-

160 1678 229 1702 nus
251 1664 416 1702 invidiae.
474 1665 604 1702 Caesar
639 1665 832 1703 beneficiis
862 1666 1092 1703 obstiterat:
1123 1666 1244 1703 tutius
1276 1665 1370 1702 illud
1405 1665 1613 1715 apparuit:

162 1742 239 1767 rem
261 1729 491 1765 verissimam
514 1728 580 1765 sed
614 1729 824 1766 mirabilem
845 1736 881 1766 et
902 1729 1095 1779 indignam
1117 1730 1242 1766 (licam
1265 1728 1435 1765 delicatis
1453 1728 1586 1765 animis
1605 1743 1614 1766 ε

162 1793 245 1843 ipsa
267 1792 513 1830 beneficentia
535 1793 656 1842 gravis
681 1800 774 1836 erat,
795 1801 831 1830 et
854 1806 970 1830 unum
993 1793 1120 1830 onmia
1143 1806 1257 1843 posse
1280 1792 1409 1829 multis
1427 1792 1530 1836 utile,
1551 1791 1616 1828 sed

160 1856 361 1894 molestum
384 1857 582 1893 omnibus:
616 1857 703 1893 hinc
740 1857 1172 1901 invidiaei11cren1enta;
1205 1855 1297 1906 quid
1329 1855 1501 1892 facerent
1531 1868 1619 1904 rap-

164 1920 245 1957 tori'
265 1919 400 1970 impio,
422 1921 486 1970 qui
516 1920 595 1970 pati
614 1921 840 1958 clementem
871 1920 1081 1970 principem
1116 1927 1153 1957 et
1186 1919 1410 1956 munificum
1440 1918 1620 1968 nequive-

164 1984 277 2021 runt!
335 1984 446 2022 Unde
485 1985 610 2022 hercle
644 1997 812 2022 amorem
840 1985 1011 2022 omniurn
1052 1984 1284 2027 merebatur,
1324 1982 1412 2019 inde
1446 1982 1616 2019 onmium

165 2047 284 2085 ferme
303 2048 405 2092 odia,
427 2054 464 2084 et
484 2061 697 2097 paucorum
719 2048 883 2093 insidias,
901 2054 938 2085 et
957 2047 1004 2083 ad
1028 2047 1203 2084 ultimum
1234 2058 1392 2082 causam
1415 2045 1546 2082 mortis
1565 2045 1621 2082 in-

167 2112 293 2148 venit:
320 2112 366 2148 de.
400 2124 476 2161 qua
509 2111 543 2148 in
579 2118 750 2149 extremo
777 2111 915 2156 dicam,
933 2125 978 2148 eo
1001 2110 1106 2161 quod
1138 2116 1330 2147 extremus
1363 2109 1619 2146 humanorum

166 2182 322 2212 actuum
344 2174 390 2211 sit
411 2175 529 2212 mori:
561 2182 647 2211 ante
669 2181 793 2211 tamen
815 2174 862 2211 de
883 2174 1118 2223 quibusdam
1140 2187 1227 2223 quae
1247 2173 1295 2210 ad
1317 2172 1490 2222 corporis
1513 2172 1622 2209 habi-

168 2246 246 2276 tum
271 2238 508 2287 tormamque
539 2244 577 2274 et
603 2237 795 2286 ingenium
816 2245 853 2274 et
873 2237 1130 2287 eloquentiam
1152 2245 1189 2273 et
1211 2249 1348 2280 mores,
1365 2235 1618 2273 domesticam

168 2303 234 2340 viri
256 2302 370 2339 vitam
400 2302 574 2345 attinent,
595 2299 858 2349 attingendum
884 2308 992 2350 puto,
1015 2298 1224 2336 secundum
1249 2298 1351 2348 quod
1380 2312 1401 2335 a
1431 2298 1622 2348 praeclaris

169 2368 391 2406 auctoribus
406 2366 565 2417 sparsim
588 2365 726 2403 tradita
747 2365 897 2410 elicere,
919 2364 1032 2415 [259]
1048 2371 1085 2401 et
1101 2365 1137 2401 in
1161 2377 1274 2401 unuin
1297 2363 1425 2401 studio
1446 2363 1623 2414 colligere

170 2431 346 2469 dabitur:
378 2443 452 2467 non
472 2429 628 2480 quidem
649 2429 785 2472 omnia,
808 2442 878 2466 nec
899 2434 1065 2478 oportet,
1087 2428 1154 2465 sed
1177 2441 1263 2477 quae
1285 2427 1341 2464 vel
1368 2426 1473 2464 utilia
1493 2428 1622 2477 cogni-

172 2504 213 2533 tu
236 2495 294 2531 vel
314 2492 555 2530 delectabilia
578 2492 821 2529 videbuntur.
879 2492 1051 2542 Corpore
1074 2491 1229 2541 quidem
1259 2491 1358 2528 altus
1388 2490 1471 2534 fuit,
1493 2489 1624 2527 candi-

173 2559 258 2604 dus,
278 2565 390 2601 teres,
413 2556 659 2593 maximarum
679 2556 834 2600 virium;
865 2556 1000 2606 peritia
1030 2558 1084 2592 rei
1104 2555 1272 2592 militaris
1291 2554 1442 2599 eximia,
1465 2552 1624 2590 incredi-

216 2699 258 2728 62
275 2696 377 2736 Lege,
393 2694 604 2726 σπανία-63
618 2694 734 2733 Forte,
745 2695 1112 2726 r›1a:cimitradunt.-64
1129 2693 1498 2731 Lege,suggeseus.-os
1513 2689 1625 2728 Adde,

174 2752 309 2781 ac.——66
335 2747 645 2789 Lege‚‚t'ucrit.—67
671 2747 774 2788 Lege,
788 2750 1001 2787 arguam—68
1024 2746 1126 2786 Lege,
1141 2745 1220 2775 unde
1243 2743 1313 2773 illa.
