1850 3109
240 180 356 222 1710
670 189 707 218 J.
740 186 879 218 cnesr
911 184 1263 216 coxuMnNTARn

241 287 482 327 formidinem
504 292 629 325 mente
648 293 918 338 conceperant,
938 286 1135 336 territique
1155 286 1247 323 alios
1267 285 1474 323 terrebant.
1529 285 1695 335 Jamque

240 353 344 391 velut
375 352 604 402 contagione
640 351 803 401 quadam
839 350 931 387 totis
964 350 1097 386 castris
1128 349 1246 386 effuso
1277 356 1394 394 metu,
1416 348 1479 386 alii
1512 348 1695 387 simulatis

243 416 365 454 causis
395 415 618 452 necessariae
649 412 894 462 profectionis
926 412 1146 450 missionem
1176 412 1411 462 flagitabant,
1442 412 1536 449 alios
1570 411 1698 460 pudor

242 481 347 517 solus
380 479 614 522 continebat,
637 476 703 513 sed
733 476 884 513 tristitia
918 476 992 512 oris
1026 483 1063 512 et
1097 475 1286 512 interdum
1322 476 1522 526 lachrymis
1554 482 1696 512 metum

243 543 589 591 2concordiamque
610 540 859 578 testantibus:
883 541 1018 588 etjam
1040 539 1141 588 vulgi
1157 538 1360 588 trepidatio
1376 540 1424 576 ab
1447 538 1697 582 ³inliabitibus

242 608 288 645 ad
310 606 482 656 egregios
503 605 603 641 viros
625 618 778 654 serpens
800 605 1064 642 centurionum
1096 616 1248 653 quoque
1281 609 1318 639 et
1353 602 1507 639 militum
1535 601 1698 639 fortissi-

244 683 327 707 mos
346 670 492 706 animos
512 669 708 719 attigerat:
730 675 767 707 et
788 683 884 719 quos
907 669 1014 706 fateri
1034 677 1174 705 metum
1194 666 1423 704 verecundia
1446 678 1520 702 uon
1537 665 1698 709 sinebat,

241 746 318 771 non
339 747 378 770 se
400 734 548 770 hostem
571 732 786 778 formidare,
817 734 882 770 sed
914 733 1105 782 augustias
1137 732 1364 769 silvestrium
1402 731 1585 774 locorum,
1619 742 1700 778 per-

244 797 479 846 plexumque
516 796 644 834 durius
677 797 758 841 iter,
793 802 829 833 et
867 796 1133 834 difficultatem
1172 802 1469 839 commeatuum,
1509 793 1700 831 dicebaut.

245 862 339 897 Hauc
361 860 408 896 ad
431 860 621 897 Caesarem
646 873 732 897 cum
755 861 869 897 relata
891 866 1031 904 esseut,
1067 872 1141 896 non
1175 859 1326 908 ignarus
1355 866 1540 908 quantum
1562 858 1598 893 in
1620 857 1700 894 ani-

244 924 313 961 mis
338 924 532 960 homiuum
555 923 647 960 salsa
670 924 782 960 ctiam
806 924 921 973 possit
943 923 1088 973 opinio,
1124 922 1406 972 quamprimum
1439 922 1506 957 lios
1540 927 1700 957 terrores

244 994 423 1024 excutere
447 986 620 1030 instituit,
641 987 864 1035 priusquam
889 987 923 1023 iu
946 986 1290 1023 consternationem
1314 985 1531 1035 pestiferam
1556 983 1700 1020 coales-

244 1058 353 1086 cant:
389 1049 474 1099 [32]
509 1049 781 1099 praecipueque
803 1049 892 1086 illud
926 1050 1020 1087 inter
1052 1056 1179 1087 cetera
1214 1049 1425 1089 ferebatur:
1457 1047 1702 1097 obtorpuisse

246 1113 343 1150 adeo
364 1125 498 1149 omnes
526 1118 642 1157 metu,
666 1120 706 1150 ut
728 1113 754 1149 si
775 1112 871 1150 forte
893 1113 928 1149 in
951 1114 1070 1150 aciem
1096 1113 1185 1150 velit
1207 1113 1381 1155 educere,
1404 1125 1526 1160 neque
1549 1110 1704 1159 signifer

246 1189 371 1225 neque
392 1176 501 1212 miles
523 1175 679 1225 imperia
702 1182 931 1225 excepturus
953 1176 1013 1213 sit.
1055 1176 1288 1214 Convocatis
1308 1190 1398 1225 ergo
1415 1177 1462 1213 ad
1479 1178 1703 1215 concionem

246 1239 395 1284 castris,
417 1239 628 1275 orationem
667 1239 798 1275 babuit
831 1240 984 1288 plenam
1005 1240 1182 1275 animosis
1201 1240 1542 1285 exhortationibus,
1564 1241 1702 1278 acerri-

248 1303 395 1353 misque
414 1302 785 1352 reprehensionibus.
846 1308 854 1322 ‘
872 1301 988 1344 Quod
1010 1302 1204 1338 temerarie
1221 1316 1265 1338 ac
1295 1303 1458 1352 superbe
1479 1303 1644 1341 consiliis
1665 1317 1703 1342 se

248 1368 324 1404 suis
363 1367 595 1416 ingererent:
638 1379 713 1403 non
753 1366 849 1403 euim
890 1366 1051 1402 militum
1088 1379 1169 1402 esse
1209 1366 1274 1403 sed
1310 1367 1418 1403 ducis
1458 1367 1630 1405 meditari
1667 1375 1706 1407 et

247 1430 449 1482 providere
470 1431 608 1480 quibus
630 1430 699 1467 viis
721 1430 928 1467 exercitum
950 1430 1088 1473 ‹lucat3
1121 1430 1261 1480 quibus
1284 1431 1428 1467 artibus
1458 1438 1585 1481 regat:
1616 1445 1703 1481 quae

252 1496 430 1547 quoniam
466 1495 536 1532 sibi
570 1495 721 1545 provisa
755 1495 829 1532 sint
863 1494 1001 1536 omnia,
1037 1494 1176 1531 frustra
1215 1507 1279 1531 eos
1316 1495 1418 1531 vanis
1449 1507 1492 1531 ac
1533 1495 1705 1532 ridiculis

252 1561 459 1600 terroribus
481 1559 600 1608 quati.
660 1560 747 1596 Non
778 1559 913 1595 milites
943 1557 1080 1595 (lucem
1117 1557 1272 1603 ducere,
1294 1559 1358 1596 sed
1394 1559 1502 1608 sequi
1531 1566 1706 1608 oportere

251 1639 325 1676 qua
343 1624 443 1674 jussi
464 1624 557 1661 sint:
588 1622 707 1660 fidere
725 1623 878 1672 quidem
901 1636 953 1667 se,
973 1636 1047 1659 nou
1069 1622 1357 1659 commissurum
1380 1621 1626 1668 Ariovistum,
1645 1622 1708 1661 *ut

249 1689 375 1726 amico
409 1687 528 1724 hostis
562 1686 630 1724 fiat
664 1686 799 1736 populi
836 1686 1007 1723 Romani.
1067 1686 1160 1722 Esto
1190 1691 1330 1729 autem,
1352 1686 1448 1722 male
1479 1699 1570 1723 sana
1602 1699 1706 1724 mens

250 1752 492 1802 praecipitem
515 1751 753 1800 oblitumque
775 1751 832 1788 sni
864 1756 1012 1800 ageret:
1045 1763 1121 1786 non
1153 1763 1191 1788 se
1226 1756 1354 1786 tamen
1388 1749 1608 1797 intelligere,
1641 1763 1710 1788 cur

249 1817 319 1854 hos
339 1823 467 1853 tantos
503 1815 575 1852 sibi
612 1814 796 1864 fingerent
826 1827 997 1864 pavores,
1033 1820 1099 1850 aut
1131 1813 1178 1850 de
1212 1813 1267 1849 sui
1301 1812 1553 1862 providentia,
1575 1819 1639 1850 aut
1660 1812 1707 1850 de

253 1881 408 1930 propria
428 1880 566 1917 virtute
588 1878 817 1922 diffiderent,
840 1885 907 1915 aut
941 1878 1063 1915 minus
1099 1877 1146 1914 de
1181 1890 1220 1914 se
1239 1883 1448 1925 sperarent,
1471 1875 1551 1912 ⁵tali
1574 1875 1652 1913 viro
1673 1882 1710 1914 et

255 1949 360 1980 certe
393 1943 511 1979 nobili
546 1944 679 1979 saltem
713 1955 757 1979 ac
793 1942 897 1991 quod
930 1942 978 1978 de
1010 1941 1117 1990 Gajo
1150 1939 1308 1977 ⁶Marco
1340 1941 1485 1977 rustico
1523 1941 1709 1990 Arpinate

254 2013 473 2055 sperassent
508 2012 634 2054 patres
667 2018 812 2049 eorum,
853 2006 917 2053 qui
957 2004 1214 2041 ⁷Thetonicos
1245 2016 1289 2040 ac
1329 2003 1517 2045 Cimbros,
1556 2002 1709 2040 duobus

254 2069 528 2107 cruentissimis
543 2076 579 2105 et
597 2076 683 2118 post
704 2068 899 2105 bominum
918 2067 1137 2104 memoriam
1157 2067 1328 2104 maximis
1343 2066 1481 2115 proeliis
1498 2066 1707 2104 delessent:

254 2146 380 2183 neque
402 2146 492 2170 vero
513 2132 797 2183 desperandum
820 2131 919 2168 vinci
954 2146 1063 2181 posse
1097 2132 1325 2175 Germanos,
1361 2131 1438 2180 qui,
1461 2137 1503 2167 ut
1524 2131 1710 2168 Romanae

252 2197 300 2234 de
335 2198 386 2234 eis
424 2197 590 2233 victoriae
625 2203 808 2240 tacerent,
841 2208 943 2244 sa‘pe
976 2195 1024 2231 ab
1061 2195 1152 2244 ipsis
1185 2195 1367 2231 Helvetiis
1397 2207 1498 2231 nunc
1534 2194 1709 2231 Romano

256 2261 421 2298 subditis
441 2261 599 2310 imperio
622 2260 709 2297 victi
729 2266 873 2296 essent:
903 2265 940 2295 et
961 2258 1149 2308 siquando
1167 2258 1399 2295 contrarium
1420 2257 1617 2299 evenisset,
1633 2269 1710 2294 non

255 2324 417 2361 militum
452 2325 604 2368 virtute,
640 2324 704 2361 sed
743 2323 923 2360 Ariovisti
957 2323 1115 2360 consilio
1143 2329 1293 2371 gestum
1323 2334 1418 2364 esse,
1458 2320 1522 2369 qui
1552 2333 1640 2357 cum
1671 2333 1711 2359 se

261 2400 447 2436 suumque
482 2388 691 2424 exem-itum
726 2387 865 2423 multos
897 2399 1046 2422 meuses
1067 2385 1302 2435 palustribus
1337 2384 1529 2427 tenuisset,
1557 2383 1640 2432 jam
1661 2384 1710 2422 de

261 2450 392 2499 praelio
414 2450 656 2499 desperantes
676 2463 721 2486 ac
744 2450 936 2499 dispersos
955 2461 1150 2497 aggressus
1179 2447 1333 2496 inopino
1358 2446 1516 2484 fudisset
1536 2447 1710 2484 incursu:

304 2613 323 2641 2
349 2610 466 2647 Forte,
480 2608 786 2648 vecordiamque.--—3
806 2608 920 2646 Forte,
935 2607 1192 2637 inhabilibus.-—t
1218 2608 1322 2647 Lege,
1337 2612 1370 2638 ut
1387 2618 1426 2638 ca·
1440 2609 1612 2639 amica—5
1635 2608 1712 2638 Sus-

265 2668 366 2703 pecta
383 2662 505 2694 verba:
531 2662 588 2693 tali
604 2662 670 2693 ciro
685 2664 714 2692 et
730 2665 810 2693 cerie
827 2661 920 2692 nobili
932 2662 1043 2693 nauem
1056 2664 1170 2692 acu—6
1191 2661 1294 2702 Lege,
1310 2661 1491 2693 Maria—7
1517 2662 1620 2702 Lege,
1638 2661 1712 2692 Teu-

264 2716 389 2747 tunicas.
