1850 3109
222 150 328 190 1654

215 263 367 301 Cellarii,
390 265 455 295 Sc.
482 264 564 296 dant
589 267 752 305 prosecuti.
798 270 914 301 Quare

215 312 248 342 id
282 312 427 343 reddidi.
484 314 570 344 Vide
598 317 733 347 omnino
765 317 805 347 ad
835 322 914 349 v.9.

213 363 302 393 ·Sed
326 373 382 394 eos
410 364 578 404 fugientes
607 366 738 405 longius
757 369 914 408 prosequi

213 414 347 445 vetuit.'
392 416 448 446 Sic
464 421 498 445 et
514 417 628 446 statim
653 426 682 447 c.
707 420 760 446 14.
795 420 803 433 ‘
823 418 913 448 Dum

214 466 344 508 longius
373 467 608 507 p1·os‹¹.quitur.'
637 474 671 498 ct
704 468 784 498 ibid.
822 472 829 485 ⁶
848 469 916 499 lon-

213 516 298 556 gius,
323 517 442 547 nostris
459 517 671 554 cedentibus,
696 519 877 560 prosequi!

254 570 274 597 6
300 566 474 606 ΙιιομμὶιΙυ]
499 566 553 597 Ab
571 567 758 607 Ateguanis
785 579 819 600 se
850 569 915 601 ἴοι·-

213 616 294 647 titer
308 615 580 648 defendentibus.
614 619 720 649 s'lurk.
756 619 810 651 lta
828 620 913 652 bene

211 666 313 696 etiam
338 666 464 698 Cellar.
501 667 555 697 Ex
580 678 626 707 ομ.
652 669 833 710 adscripsit
865 671 914 701 vir

212 715 346 746 doctus.

253 768 271 795 7
297 764 350 796 Sic
366 768 399 796 ut
415 768 445 796 et
470 776 555 797 omne
567 778 674 808 gemm,
697 769 805 809 quibus
830 771 915 809 ignis

201 815 308 853 jactus
321 816 429 847 solitus
444 820 489 847 est
506 818 608 857 mini]
634 819 764 850 Addita
780 821 912 859 vocula,

209 876 250 896 ex
269 867 334 897 Ms.
353 867 457 898 Norv.
475 868 728 899 rescribendum
746 871 852 901 solitus
867 875 912 901 est

208 917 305 954 mitti,
327 922 533 957 exerceretur,
557 919 704 959 alioquin
730 920 838 951 hiulca
860 926 911 952 est

206 967 331 998 oratio.
377 968 431 997 De
449 968 693 1006 instrnnlentiS‚
717 970 837 1009 quibus
864 971 913 1009 ig-

209 1016 344 1056 nisjaci
360 1017 477 1048 solitus
493 1023 556 1056 est,
574 1019 658 1048 adiri
676 1020 805 1059 poterit
819 1021 910 1052 Just.

207 1068 341 1108 Lipsius
392 1069 538 1101 l'oliorc.
575 1071 669 1102 Dial.
696 1081 728 1102 v.
756 1075 788 1109 2,
816 1077 852 1103 et
881 1077 911 1103 5.

208 1120 318 1152 Dacis.
363 1121 516 1163 Scaliger
537 1126 572 1154 et
591 1122 829 1154 Recentiorum
844 1125 912 1164 ple-

208 1170 327 1211 1·ique;
363 1172 412 1202 sic
447 1177 483 1203 ut
509 1176 539 1203 et
561 1183 647 1204 omne
667 1183 777 1212 genus.
823 1176 909 1208 Qnae

206 1229 281 1250 cnm
311 1221 423 1252 hiulca
452 1221 627 1254 videretur
657 1224 777 1263 oratio,
806 1225 909 1255 Davi-

206 1269 274 1300 sius
290 1270 423 1310 (addita
440 1281 482 1302 ex
499 1272 564 1303 Ms.
582 1272 707 1303 Eliensi
725 1283 809 1304 voce
824 1284 910 1304 exer-

205 1320 355 1359 ceretur)
383 1322 528 1362 reponit,
550 1322 611 1360 sic,
635 1327 672 1354 ut
697 1326 728 1354 et
755 1333 841 1355 omne
855 1334 909 1363 ge-

206 1379 275 1409 nus,
297 1371 406 1410 quibus
526 1371 636 1402 solitus
659 1376 703 1403 est
731 1373 830 1413 mitti,
853 1384 909 1405 ex-

206 1426 394 1452 erceretur.
440 1422 525 1454 Quae
551 1422 653 1454 lectio
671 1424 776 1463 proba
799 1430 850 1456 est
875 1431 910 1457 et

207 1471 303 1503 bona.
348 1473 414 1504 Sed
440 1479 476 1504 et
498 1474 568 1504 sine
601 1474 666 1506 ista
691 1485 772 1507 voce
797 1475 837 1516 (si
865 1486 908 1507 ex

206 1522 314 1553 Editt.
347 1523 442 1554 Rom.
471 1528 507 1554 et
546 1524 682 1556 Cellarii
721 1526 907 1558 scribamus

204 1573 299 1613 sicut)
328 1573 461 1613 integra
491 1574 557 1605 erit
599 1576 722 1614 oratio,
759 1576 849 1607 sicut
878 1580 908 1608 et

205 1633 290 1654 omne
315 1634 426 1663 genus,
461 1625 569 1664 quibus
593 1626 703 1656 solitus
738 1630 784 1657 est
810 1627 906 1659 mitti.

208 1674 317 1704 Clark.
377 1674 518 1715 Optime
548 1679 746 1707 exerceretur
775 1678 909 1709 addidit

205 1724 365 1756 Davisius
382 1735 423 1756 ex
439 1726 667 1764 Ms.Eliensi;
692 1737 768 1758 nam
781 1737 857 1759 cum
868 1738 907 1760 eo

208 1774 292 1806 facit
323 1776 552 1808 Petavianus:
599 1777 659 1809 sed
687 1783 758 1810 tum
791 1779 907 1810 delere

205 1826 372 1858 debuerat
398 1831 440 1867 et,
473 1839 571 1870 quam
607 1829 805 1869 particulam
841 1841 905 1862 non

205 1883 392 1917 agnoscunt
410 1878 530 1909 Petav.
544 1884 603 1910 ant
622 1879 814 1911 Leidenses.
843 1882 907 1913 Ce-

202 1931 312 1958 terum
329 1926 361 1957 in
380 1927 466 1958 Edd.
485 1928 601 1967 primis
618 1939 656 1960 ac
679 1930 836 1961 Beroaldi
861 1932 906 1962 le-

202 1976 292 2017 gitur
309 1987 395 2008 omne
411 1988 514 2008 ennam
540 1989 643 2010 rerum
667 1990 784 2018 gnua,-
808 1986 842 2012 et
873 1983 905 2013 in

201 2027 326 2068 Scalig.
345 2037 383 2058 ac
400 2028 495 2059 Leid.
513 2038 565 2069 pr.
578 2028 674 2061 abest
692 2031 810 2070 quibus.
850 2032 904 2063 Li-

201 2078 305 2110 brarii
322 2079 452 2111 scilicet
480 2089 543 2110 non
569 2085 756 2120 potuerunt
782 2091 905 2113 conco-

201 2139 306 2169 quere
334 2131 423 2160 illam
451 2131 626 2170 syntliesin
651 2142 750 2171 genu-³
778 2133 905 2173 quibus.-

200 2179 260 2210 sed
278 2180 332 2210 adi
351 2180 392 2211 ad
409 2181 448 2211 B.
464 2182 508 2212 G.
527 2184 634 2213 ι1.11.
650 2187 685 2213 et
700 2183 836 2222 saepius.

242 2238 308 2260 ΧΠ.
333 2233 351 2261 3
379 2232 458 2261 Cum
483 2230 594 2271 Fabio]
627 2231 682 2262 Sic
714 2232 903 2273 Glandorp.

199 2279 333 2310 Manut.
360 2280 506 2311 l’lantin.
530 2280 656 2321 Scalig.
684 2286 719 2312 et
741 2281 903 2323 deinceps

198 2329 317 2370 reliqui
342 2330 533 2362 ediderunt.
580 2332 626 2362 At
647 2331 789 2362 Veteres
814 2333 901 2363 Edd.

197 2379 278 2411 item
293 2381 422 2420 Grypll.
439 2385 473 2412 et
488 2382 604 2421 Stepli.
621 2382 748 2413 Bubilio
764 2383 901 2414 liabent.

197 2430 302 2462 Badio
322 2430 414 2461 Lvid.
433 2440 482 2470 pr.
519 2431 620 2461 ΒαΙιὶο
641 2433 752 2463 Ursin.
777 2438 811 2463 et
840 2434 901 2465 Ρο-

198 2484 266 2512 tav.
291 2480 416 2511 Bubilio
436 2480 531 2511 Leid.
549 2490 616 2511 sec.
663 2482 764 2513 Quod
785 2492 901 2513 verum

197 2539 319 2561 nomen
343 2530 398 2568 sit,
422 2531 547 2561 nescio.
594 2532 681 2562 Nam
707 2538 741 2562 et
765 2533 901 2571 Bataui,

197 2580 320 2619 Habiti,
347 2580 486 2620 Balbini,
510 2586 544 2611 et
562 2581 682 2612 similia
699 2583 831 2612 nomina
848 2593 902 2614 oc·

197 2637 351 2662 currunt.
400 2632 488 2661 Dein
513 2631 594 2672 legit
619 2632 849 2672 Glandorpins
868 2636 900 2663 ut

196 2682 248 2722 qui
270 2691 290 2712 a
320 2682 406 2713 Treb.
433 2682 636 2721 ausiegissenl.
654 2685 694 2713 ud
719 2682 901 2714 Trebonium

199 2731 266 2764 Ms.
296 2732 380 2771 neg.
409 2737 444 2763 et
472 2731 567 2764 Leid.
597 2742 666 2765 sec.
692 2733 800 2772 inale;
837 2742 900 2765 nec

673 163 813 194 NOTAE
856 166 1118 197 vARmRUM
1161 169 1210 198 {N

968 263 1086 293 melius
1113 274 1179 294 cum
1210 264 1359 296 Trebonio
1386 265 1543 305 transsug.
1571 267 1666 300 Leid.

967 321 1018 351 pr.
1037 314 1309 344 Caesareanarum
1334 315 1478 354 partium
1501 315 1566 347 fuit
1586 317 1668 348 Tre·

968 362 1108 394 bonius:
1133 365 1270 405 ejusque
1287 366 1318 396 iu
1337 367 1447 396 Gallia
1463 367 1608 407 legatus.
1635 369 1665 400 A

967 421 1032 441 non
1059 413 1155 444 adest
1179 415 1210 444 in
1243 416 1361 447 Petav.
1410 417 1510 448 Forte
1541 421 1570 448 ef
1599 429 1667 449 cum

970 461 1128 501 Trebonio,
1150 474 1185 493 uc
1200 466 1444 504 trun-v'ugerunl.

1009 515 1028 542 fi
1065 514 1179 544 Eodem
1208 517 1342 554 tempore
1383 517 1466 556 capti
1496 518 1668 557 tubeIIurr’i]

968 562 1032 593 Ms.
1051 564 1188 594 Norvic.
1213 570 1247 594 et
1272 565 1370 596 editt.
1390 568 1483 598 Rom.
1500 568 1584 599 Ven.
1603 569 1667 600 Be·

968 613 1072 644 ruald.
1089 614 1251 645 exhibent
1266 615 1344 645 idem
1361 618 1519 656 temporis,
1543 618 1631 658 quod
1648 628 1667 650 a

965 664 1102 702 nuperis
1124 665 1247 695 mutari
1274 675 1337 695 non
1366 666 1493 698 debuit.
1542 668 1668 699 Noster

966 722 1067 752 supra
1083 724 1111 744 c.
1128 717 1158 745 3.
1184 716 1192 730 ‘
1209 715 1291 746 Erat
1309 716 1386 746 idem
1403 718 1550 756 temporis
1572 718 1667 749 Sext.

966 763 1149 802 Pompeius
1175 764 1302 796 frater!
1348 766 1399 796 Ac
1417 767 1557 797 iterum:
1584 769 1592 784 ‘
1611 767 1667 798 In-

966 813 1049 843 cidit
1065 815 1144 844 idem
1160 816 1328 855 temporis-,⁹
1364 818 1437 848 Nec
1455 818 1553 848 aliter
1570 828 1599 849 c.
1614 821 1666 850 20.

964 865 972 879 ‘
992 862 1155 904 Idemque
1172 867 1332 905 temporis
1350 868 1565 898 centuriones
1588 869 1665 900 lori·

966 913 1069 944 caui?
1107 915 1154 945 ita
1182 916 1270 946 enim
1302 926 1345 946 ex
1376 918 1440 947 Ms.
1464 919 1603 951 Non-vic.
1632 926 1666 951 et

966 963 1065 995 editt.
1094 966 1188 997 Rom.
1219 967 1304 997 Ven.
1334 967 1493 999 Beroald.
1522 970 1668 1009 reposui,

965 1025 1039 1046 cum
1057 1016 1090 1046 in
1113 1018 1224 1058 vnlgg.
1241 1019 1400 1059 eodemque
1423 1022 1555 1059 tempore
1579 1020 1667 1061 lege-

967 1069 1072 1097 retur.
1099 1096 1102 1099 .
1119 1067 1207 1098 Vide
1224 1073 1258 1098 et
1275 1078 1305 1099 c.
1325 1072 1375 1100 13.
1421 1070 1533 1102 Daris.
1581 1071 1664 1103 Cum

966 1115 1103 1146 Clarkio
1121 1118 1277 1157 rescripsi
1302 1119 1380 1149 idem
1399 1121 1565 1160 temporis;
1587 1131 1664 1153 nam

962 1164 1010 1195 ita
1026 1175 1161 1207 qnoque
1185 1168 1346 1199 exhibent
1364 1170 1482 1202 Petav.
1499 1172 1595 1202 Leid.
1614 1182 1665 1212 pr.

963 1220 999 1246 et
1015 1217 1139 1257 Scalig.
1159 1227 1235 1248 cum
1252 1219 1315 1250 Ed.
1334 1219 1475 1251 Mediol.
1520 1222 1608 1252 Vide
1622 1222 1664 1253 ad

962 1274 991 1295 e.
1006 1268 1057 1298 13.
1068 1267 1182 1298 statim
1200 1269 1207 1285 ‘
1222 1267 1383 1309 Idemque
1398 1271 1559 1311 temporis
1571 1273 1665 1311 glans

961 1317 1089 1348 missaz'
1107 1324 1141 1348 et
1154 1327 1182 1348 c.
1198 1321 1252 1349 20.
1269 1320 1276 1335 ‘
1293 1319 1457 1362 Idemque
1470 1323 1630 1362 temporis
1643 1323 1664 1361 ;’

961 1372 997 1398 ut
1015 1368 1114 1398 estin
1131 1369 1214 1400 Mss.
1232 1369 1398 1401 omnibus.

1005 1421 1043 1449 15
1071 1419 1108 1450 L.
1125 1429 1228 1458 quum,
1243 1421 1312 1460 ἑγὼ]
1330 1421 1524 1460 Legendum
1540 1432 1582 1453 ex
1600 1423 1665 1454 ΜΞ.

964 1471 1102 1502 Norvic.
1120 1472 1144 1501 ii
1160 1482 1265 1511 quum,
1281 1473 1332 1511 &a
1351 1482 1425 1503 nam
1443 1472 1553 1504 facilis
1568 1474 1663 1505 estin

960 1521 1009 1551 his
1035 1521 1135 1552 rebus
1161 1522 1326 1553 confusio.
1374 1523 1429 1554 Sic
1449 1523 1534 1555 Bell.
1551 1523 1661 1555 Afric.

960 1580 989 1601 c.
1008 1573 1060 1601 87.
1077 1572 1132 1602 ubi
1157 1572 1188 1602 in
1203 1572 1318 1611 vulgg.
1333 1578 1384 1603 est
1401 1582 1502 1603 corum
1519 1577 1623 1604 castra
1639 1574 1661 1604 ii

960 1622 1093 1662 equites
1117 1623 1240 1657 adnrti‚·
1265 1623 1328 1653 Ms.
1356 1623 1495 1654 Norvic.
1517 1628 1552 1655 et
1578 1630 1651 1656 vett

959 1671 1042 1703 editi
1067 1678 1315 1713 repraesentant
1332 1674 1359 1704 L
1377 1674 1505 1714 equites.
1546 1675 1659 1707 Dacis.

959 1721 1099 1762 Optime
1126 1732 1204 1754 sane
1231 1724 1425 1755 emendavit
1449 1725 1606 1756 Davisius
1623 1726 1663 1757 II

958 1782 1019 1813 pro
1036 1773 1073 1803 L.
1091 1774 1181 1814 quod
1202 1783 1280 1805 sane
1306 1774 1552 1814 ineptissimum
1575 1781 1660 1807 erat.

959 1822 998 1852 In
1014 1823 1096 1854 meis
1114 1828 1224 1854 tainen
1243 1825 1334 1854 nulla
1350 1829 1402 1855 est
1418 1825 1576 1856 varietas.
1601 1826 1661 1857 Ni-

958 1872 1137 1904 hilominus
1153 1883 1229 1904 cum
1247 1874 1382 1904 Cl-‹ukio
1400 1874 1429 1904 11·
1446 1876 1595 1915 reposui.

1002 1927 1041 1954 16
1068 1925 1180 1954 Tamen
1196 1925 1312 1956 virtute
1323 1925 1457 1956 militum
1475 1929 1660 1966 nostrornm,

956 1976 1015 2006 etsi
1040 1975 1187 2013 inferiore
1210 1977 1272 2005 loco
1299 1976 1528 2016 premebantur,
1558 1981 1661 2008 tamen

956 2025 1069 2066 repulsi
1085 2026 1268 2066 mlversarii]
1293 2027 1374 2057 Mss.
1392 2033 1427 2058 et
1443 2027 1525 2058 editi
1544 2037 1659 2059 omnes

955 2080 1057 2107 tamen
1077 2077 1193 2107 virtute
1220 2078 1355 2107 militum
1384 2081 1571 2117 nostrorum,
1603 2078 1660 2119 qni

956 2127 1026 2165 etsi,
1063 2128 1114 2167 ξιτ.
1144 2127 1203 2158 sed
1235 2137 1419 2168 pronomen
1453 2128 1659 2168 induximus,

955 2178 1083 2219 quippe
1110 2179 1199 2219 qnod
1224 2178 1405 2209 manifesto
1432 2179 1596 2218 abundet,
1624 2185 1660 2211 et

956 2238 994 2259 ea
1019 2234 1115 2260 certe
1145 2230 1254 2260 minor
1282 2234 1335 2260 est
1369 2231 1522 2266 mutatio,
1559 2239 1658 2270 qnam

956 2280 1185 2320 Scaligerana,
1209 2289 1269 2320 pro
1286 2291 1363 2320 qua,
1386 2280 1495 2310 tribus
1516 2280 1656 2311 vocibus

956 2329 1090 2369 deletis,
1112 2330 1292 2369 legendum
1309 2335 1397 2360 esset
1414 2333 1515 2360 tumen
1539 2330 1655 2361 virtute

953 2381 1087 2411 militum
1121 2385 1304 2418 nostrorum,
1336 2381 1394 2410 (tsi
1424 2381 1571 2418 inferiore
1594 2382 1658 2412 loco

951 2432 1178 2470 premebantur,
1200 2431 1327 2470 repulsi,
1358 2431 1431 2461 bene
1458 2431 1576 2469 mullis,
1604 2434 1656 2469 &a

954 2481 1042 2511 Illud
1059 2484 1174 2517 tamen,
1199 2481 1287 2521 quod
1304 2482 1412 2511 locum
1432 2482 1655 2522 posteriorem

953 2531 1098 2569 obtinet,
1121 2530 1290 2569 significat
1317 2533 1451 2570 tandem,
1477 2542 1542 2572 qua
1560 2532 1601 2562 de
1619 2542 1655 2563 re

953 2581 1097 2611 diximus
1115 2581 1155 2611 ad
1175 2581 1213 2612 B.
1231 2582 1275 2611 G.
1291 2590 1370 2612 vm.
1391 2585 1441 2612 19.
1466 2583 1575 2613 Dacis.
1615 2583 1654 2614 In

952 2631 1106 2662 omnibns
1133 2633 1216 2662 Mss.
1245 2638 1279 2662 et
1302 2632 1410 2663 Editis
1436 2633 1572 2672 legitur,
1596 2634 1653 2673 qui

952 2683 1022 2722 etsi,
1043 2684 1094 2721 ᾇτ’.
1140 2683 1205 2714 Sed
1234 2684 1384 2714 voculam
1414 2683 1510 2714 istam
1538 2684 1590 2724 qui
1619 2689 1655 2715 et

952 2732 1173 2772 posteriorem
1202 2732 1292 2764 illam
1322 2736 1437 2767 tamen,
1472 2738 1507 2764 et
1536 2743 1653 2766 vocem
