<?xml version="1.0" encoding="UTF-8"?>
<!DOCTYPE html PUBLIC "-//W3C//DTD XHTML 1.0 Transitional//EN"
    "http://www.w3.org/TR/xhtml1/DTD/xhtml1-transitional.dtd">
<html xmlns="http://www.w3.org/1999/xhtml" xml:lang="en" lang="en">
 <head>
  <title>
</title>
<meta http-equiv="Content-Type" content="text/html;charset=utf-8" />
  <meta name='ocr-system' content='tesseract 3.04.00' />
  <meta name='ocr-capabilities' content='ocr_page ocr_carea ocr_par ocr_line ocrx_word'/>
</head>
<body>
  <div class='ocr_page' id='page_1' title='image "./operaomniaexedit04caesuoft_0243.png"; bbox 0 0 1850 3109; ppageno 0'>
   <div class='ocr_carea' id='block_1_1' title="bbox 448 193 1271 236">
    <p class='ocr_par' dir='ltr' id='par_1_1' title="bbox 448 193 1271 236">
     <span class='ocr_line' id='line_1_1' title="bbox 448 193 1271 236; baseline -0.01 1"><span class='ocrx_word' id='word_1_1' title='bbox 448 206 555 236; x_wconf 76' lang='lat' dir='ltr'>GAP.</span> <span class='ocrx_word' id='word_1_2' title='bbox 585 193 656 236; x_wconf 83' lang='lat'>87.</span> <span class='ocrx_word' id='word_1_3' title='bbox 692 202 785 233; x_wconf 75' lang='lat' dir='ltr'>mn.</span> <span class='ocrx_word' id='word_1_4' title='bbox 821 202 883 233; x_wconf 77' lang='lat' dir='ltr'>nn</span> <span class='ocrx_word' id='word_1_5' title='bbox 917 201 1072 231; x_wconf 64' lang='lat' dir='ltr'>nunno</span> <span class='ocrx_word' id='word_1_6' title='bbox 1109 201 1271 232; x_wconf 74' lang='lat' dir='ltr'>Annio.</span> 
     </span>
    </p>
   </div>
   <div class='ocr_carea' id='block_1_2' title="bbox 130 296 846 2807">
    <p class='ocr_par' dir='ltr' id='par_1_2' title="bbox 138 296 841 439">
     <span class='ocr_line' id='line_1_2' title="bbox 138 296 839 333; baseline -0.006 -3"><span class='ocrx_word' id='word_1_7' title='bbox 138 309 224 333; x_wconf 68' lang='lat' dir='ltr'>sam.</span> <span class='ocrx_word' id='word_1_8' title='bbox 249 301 354 332; x_wconf 77' lang='lat' dir='ltr'>Clark.</span> <span class='ocrx_word' id='word_1_9' title='bbox 400 299 578 330; x_wconf 72' lang='lat' dir='ltr'>Accedunt</span> <span class='ocrx_word' id='word_1_10' title='bbox 595 296 778 329; x_wconf 78' lang='lat' dir='ltr'>Leidenses</span> <span class='ocrx_word' id='word_1_11' title='bbox 804 298 839 326; x_wconf 88' lang='lat' dir='ltr'>et</span> 
     </span>
     <span class='ocr_line' id='line_1_3' title="bbox 142 347 841 383; baseline -0.009 -1"><span class='ocrx_word' id='word_1_12' title='bbox 142 352 250 383; x_wconf 88' lang='lat' dir='ltr'>Dorv.</span> <span class='ocrx_word' id='word_1_13' title='bbox 268 360 342 381; x_wconf 84' lang='lat' dir='ltr'>cnm</span> <span class='ocrx_word' id='word_1_14' title='bbox 362 349 447 380; x_wconf 85' lang='lat' dir='ltr'>Edd.</span> <span class='ocrx_word' id='word_1_15' title='bbox 481 349 574 379; x_wconf 83' lang='lat' dir='ltr'>Med.</span> <span class='ocrx_word' id='word_1_16' title='bbox 604 349 689 379; x_wconf 84' lang='lat' dir='ltr'>Ven.</span> <span class='ocrx_word' id='word_1_17' title='bbox 719 347 751 377; x_wconf 90' lang='lat' dir='ltr'>in</span> <span class='ocrx_word' id='word_1_18' title='bbox 779 347 841 376; x_wconf 78' lang='lat' dir='ltr'>‹lis-</span> 
     </span>
     <span class='ocr_line' id='line_1_4' title="bbox 138 398 813 439; baseline -0.006 -8"><span class='ocrx_word' id='word_1_19' title='bbox 138 402 241 432; x_wconf 73' lang='lat' dir='ltr'>cessit.</span> <span class='ocrx_word' id='word_1_20' title='bbox 285 399 384 433; x_wconf 81' lang='lat' dir='ltr'>Quod</span> <span class='ocrx_word' id='word_1_21' title='bbox 399 399 533 430; x_wconf 87' lang='lat' dir='ltr'>omnino</span> <span class='ocrx_word' id='word_1_22' title='bbox 551 398 813 439; x_wconf 71' lang='lat' dir='ltr'>praeferendum.</span> 
     </span>
    </p>

    <p class='ocr_par' dir='ltr' id='par_1_3' title="bbox 133 449 842 1231">
     <span class='ocr_line' id='line_1_5' title="bbox 183 449 837 489; baseline -0.005 -8"><span class='ocrx_word' id='word_1_23' title='bbox 183 454 223 481; x_wconf 84' lang='lat'>16</span> <span class='ocrx_word' id='word_1_24' title='bbox 247 451 284 481; x_wconf 73' lang='grc' dir='ltr'>Γ.</span> <span class='ocrx_word' id='word_1_25' title='bbox 300 449 435 489; x_wconf 69' lang='grc' dir='ltr'>ΙῖεὺεΙΙυ]</span> <span class='ocrx_word' id='word_1_26' title='bbox 456 450 541 480; x_wconf 86' lang='lat' dir='ltr'>Edd.</span> <span class='ocrx_word' id='word_1_27' title='bbox 556 450 730 489; x_wconf 82' lang='lat' dir='ltr'>pleroeque</span> <span class='ocrx_word' id='word_1_28' title='bbox 743 449 837 478; x_wconf 78' lang='lat' dir='ltr'>Vett.</span> 
     </span>
     <span class='ocr_line' id='line_1_6' title="bbox 142 498 840 538; baseline -0.006 -6"><span class='ocrx_word' id='word_1_29' title='bbox 142 501 178 532; x_wconf 78' lang='lat' dir='ltr'>T.</span> <span class='ocrx_word' id='word_1_30' title='bbox 198 500 324 530; x_wconf 77' lang='lat' dir='ltr'>Rebullo</span> <span class='ocrx_word' id='word_1_31' title='bbox 342 501 392 530; x_wconf 87' lang='lat' dir='ltr'>vel</span> <span class='ocrx_word' id='word_1_32' title='bbox 418 499 548 538; x_wconf 65' lang='lat' dir='ltr'>stabilio,</span> <span class='ocrx_word' id='word_1_33' title='bbox 565 499 653 529; x_wconf 79' lang='lat' dir='ltr'>unde</span> <span class='ocrx_word' id='word_1_34' title='bbox 686 500 719 529; x_wconf 84' lang='lat' dir='ltr'>T.</span> <span class='ocrx_word' id='word_1_35' title='bbox 747 498 840 528; x_wconf 75' lang='lat' dir='ltr'>Rebi-</span> 
     </span>
     <span class='ocr_line' id='line_1_7' title="bbox 137 549 840 587; baseline -0.003 -6"><span class='ocrx_word' id='word_1_36' title='bbox 137 551 200 581; x_wconf 85' lang='lat' dir='ltr'>lum</span> <span class='ocrx_word' id='word_1_37' title='bbox 231 554 387 579; x_wconf 82' lang='lat' dir='ltr'>recenset</span> <span class='ocrx_word' id='word_1_38' title='bbox 420 549 559 587; x_wconf 66' lang='lat' dir='ltr'>Pighius</span> <span class='ocrx_word' id='word_1_39' title='bbox 590 550 652 580; x_wconf 85' lang='lat' dir='ltr'>hoe</span> <span class='ocrx_word' id='word_1_40' title='bbox 683 558 782 587; x_wconf 86' lang='lat' dir='ltr'>anno,</span> <span class='ocrx_word' id='word_1_41' title='bbox 805 553 840 579; x_wconf 87' lang='lat' dir='ltr'>at</span> 
     </span>
     <span class='ocr_line' id='line_1_8' title="bbox 138 599 840 639; baseline -0.003 -8"><span class='ocrx_word' id='word_1_42' title='bbox 138 600 227 631; x_wconf 86' lang='lat' dir='ltr'>Edd.</span> <span class='ocrx_word' id='word_1_43' title='bbox 246 599 337 639; x_wconf 84' lang='lat' dir='ltr'>Aldi,</span> <span class='ocrx_word' id='word_1_44' title='bbox 359 600 492 631; x_wconf 80' lang='lat' dir='ltr'>Manut.</span> <span class='ocrx_word' id='word_1_45' title='bbox 513 602 550 630; x_wconf 85' lang='lat' dir='ltr'>C.</span> <span class='ocrx_word' id='word_1_46' title='bbox 577 599 693 630; x_wconf 75' lang='lat' dir='ltr'>Rebilo.</span> <span class='ocrx_word' id='word_1_47' title='bbox 741 599 840 632; x_wconf 87' lang='lat' dir='ltr'>Quod</span> 
     </span>
     <span class='ocr_line' id='line_1_9' title="bbox 139 650 842 690; baseline -0.003 -10"><span class='ocrx_word' id='word_1_48' title='bbox 139 650 249 680; x_wconf 80' lang='lat' dir='ltr'>verius</span> <span class='ocrx_word' id='word_1_49' title='bbox 285 655 377 690; x_wconf 82' lang='lat' dir='ltr'>puto.</span> <span class='ocrx_word' id='word_1_50' title='bbox 435 651 583 687; x_wconf 60' lang='lat' dir='ltr'>Logatus</span> <span class='ocrx_word' id='word_1_51' title='bbox 620 651 657 681; x_wconf 87' lang='lat' dir='ltr'>C.</span> <span class='ocrx_word' id='word_1_52' title='bbox 691 650 842 680; x_wconf 75' lang='lat' dir='ltr'><strong><em>Caninius</em></strong></span> 
     </span>
     <span class='ocr_line' id='line_1_10' title="bbox 138 698 839 730; baseline -0.001 -1"><span class='ocrx_word' id='word_1_53' title='bbox 138 699 266 730; x_wconf 66' lang='lat' dir='ltr'>Rebilus</span> <span class='ocrx_word' id='word_1_54' title='bbox 281 705 356 730; x_wconf 77' lang='lat' dir='ltr'>crat</span> <span class='ocrx_word' id='word_1_55' title='bbox 377 700 409 729; x_wconf 91' lang='lat' dir='ltr'>in</span> <span class='ocrx_word' id='word_1_56' title='bbox 436 700 557 730; x_wconf 79' lang='lat' dir='ltr'>Gallia.</span> <span class='ocrx_word' id='word_1_57' title='bbox 603 698 692 729; x_wconf 82' lang='lat' dir='ltr'>Vide</span> <span class='ocrx_word' id='word_1_58' title='bbox 710 698 839 729; x_wconf 87' lang='lat' dir='ltr'>Comm.</span> 
     </span>
     <span class='ocr_line' id='line_1_11' title="bbox 138 749 841 781; baseline 0.001 -2"><span class='ocrx_word' id='word_1_59' title='bbox 138 749 179 781; x_wconf 83' lang='lat' dir='ltr'>B.</span> <span class='ocrx_word' id='word_1_60' title='bbox 197 750 287 781; x_wconf 85' lang='lat' dir='ltr'>Gall.</span> <span class='ocrx_word' id='word_1_61' title='bbox 316 749 409 780; x_wconf 84' lang='lat' dir='ltr'>etad</span> <span class='ocrx_word' id='word_1_62' title='bbox 439 759 502 780; x_wconf 81' lang='lat' dir='ltr'>vn.</span> <span class='ocrx_word' id='word_1_63' title='bbox 530 753 583 780; x_wconf 82' lang='lat'>83.</span> <span class='ocrx_word' id='word_1_64' title='bbox 629 751 733 780; x_wconf 76' lang='lat' dir='ltr'>Titum</span> <span class='ocrx_word' id='word_1_65' title='bbox 763 759 841 781; x_wconf 81' lang='lat' dir='ltr'>vero</span> 
     </span>
     <span class='ocr_line' id='line_1_12' title="bbox 136 799 840 840; baseline 0.003 -11"><span class='ocrx_word' id='word_1_66' title='bbox 136 799 264 830; x_wconf 77' lang='lat' dir='ltr'>habent</span> <span class='ocrx_word' id='word_1_67' title='bbox 283 810 416 840; x_wconf 81' lang='lat' dir='ltr'>quoque</span> <span class='ocrx_word' id='word_1_68' title='bbox 436 800 531 831; x_wconf 85' lang='lat' dir='ltr'>Leid.</span> <span class='ocrx_word' id='word_1_69' title='bbox 557 810 626 831; x_wconf 78' lang='lat' dir='ltr'>sec.</span> <span class='ocrx_word' id='word_1_70' title='bbox 645 807 678 831; x_wconf 78' lang='lat' dir='ltr'>et</span> <span class='ocrx_word' id='word_1_71' title='bbox 695 801 840 832; x_wconf 65' lang='lat' dir='ltr'>Dorvill.</span> 
     </span>
     <span class='ocr_line' id='line_1_13' title="bbox 137 848 839 890; baseline 0.004 -11"><span class='ocrx_word' id='word_1_72' title='bbox 137 848 172 879; x_wconf 91' lang='lat' dir='ltr'>in</span> <span class='ocrx_word' id='word_1_73' title='bbox 209 849 331 890; x_wconf 80' lang='lat' dir='ltr'>quibus</span> <span class='ocrx_word' id='word_1_74' title='bbox 366 850 488 880; x_wconf 78' lang='lat' dir='ltr'>Rebilio</span> <span class='ocrx_word' id='word_1_75' title='bbox 518 851 571 880; x_wconf 90' lang='lat' dir='ltr'>vel</span> <span class='ocrx_word' id='word_1_76' title='bbox 604 851 733 881; x_wconf 72' lang='lat' dir='ltr'>Trebilo.</span> <span class='ocrx_word' id='word_1_77' title='bbox 792 851 839 882; x_wconf 75' lang='lat' dir='ltr'>At</span> 
     </span>
     <span class='ocr_line' id='line_1_14' title="bbox 138 899 838 943; baseline 0.004 -13"><span class='ocrx_word' id='word_1_78' title='bbox 138 899 262 931; x_wconf 81' lang='lat' dir='ltr'>Petav.</span> <span class='ocrx_word' id='word_1_79' title='bbox 295 901 409 932; x_wconf 74' lang='lat' dir='ltr'>Ursin.</span> <span class='ocrx_word' id='word_1_80' title='bbox 439 902 562 942; x_wconf 72' lang='lat' dir='ltr'>scalig.</span> <span class='ocrx_word' id='word_1_81' title='bbox 599 907 633 932; x_wconf 86' lang='lat' dir='ltr'>et</span> <span class='ocrx_word' id='word_1_82' title='bbox 662 903 756 934; x_wconf 73' lang='lat' dir='ltr'>Loid.</span> <span class='ocrx_word' id='word_1_83' title='bbox 788 913 838 943; x_wconf 89' lang='lat' dir='ltr'>pr.</span> 
     </span>
     <span class='ocr_line' id='line_1_15' title="bbox 136 950 841 994; baseline 0.006 -14"><span class='ocrx_word' id='word_1_84' title='bbox 136 950 266 982; x_wconf 82' lang='lat' dir='ltr'>habent</span> <span class='ocrx_word' id='word_1_85' title='bbox 299 953 399 982; x_wconf 88' lang='lat' dir='ltr'>modo</span> <span class='ocrx_word' id='word_1_86' title='bbox 431 953 551 991; x_wconf 74' lang='lat' dir='ltr'>Rebilo,</span> <span class='ocrx_word' id='word_1_87' title='bbox 582 953 671 994; x_wconf 91' lang='lat' dir='ltr'>quod</span> <span class='ocrx_word' id='word_1_88' title='bbox 704 959 841 985; x_wconf 85' lang='lat' dir='ltr'>secutus</span> 
     </span>
     <span class='ocr_line' id='line_1_16' title="bbox 135 1002 842 1043; baseline 0.003 -11"><span class='ocrx_word' id='word_1_89' title='bbox 135 1011 221 1033; x_wconf 76' lang='lat' dir='ltr'>snm.</span> <span class='ocrx_word' id='word_1_90' title='bbox 263 1002 349 1033; x_wconf 85' lang='lat' dir='ltr'>Nam</span> <span class='ocrx_word' id='word_1_91' title='bbox 369 1003 541 1043; x_wconf 73' lang='lat' dir='ltr'>vulgatum</span> <span class='ocrx_word' id='word_1_92' title='bbox 558 1004 681 1034; x_wconf 55' lang='lat' dir='ltr'>labello</span> <span class='ocrx_word' id='word_1_93' title='bbox 698 1009 734 1035; x_wconf 86' lang='lat' dir='ltr'>et</span> <span class='ocrx_word' id='word_1_94' title='bbox 751 1005 842 1036; x_wconf 85' lang='lat' dir='ltr'>Celsi</span> 
     </span>
     <span class='ocr_line' id='line_1_17' title="bbox 137 1052 842 1092; baseline 0.004 -11"><span class='ocrx_word' id='word_1_95' title='bbox 137 1052 284 1083; x_wconf 65' lang='lat' dir='ltr'>Relatum</span> <span class='ocrx_word' id='word_1_96' title='bbox 300 1053 545 1092; x_wconf 80' lang='lat' dir='ltr'>ineptissimum</span> <span class='ocrx_word' id='word_1_97' title='bbox 561 1058 626 1088; x_wconf 77' lang='lat' dir='ltr'>est,</span> <span class='ocrx_word' id='word_1_98' title='bbox 651 1054 732 1085; x_wconf 88' lang='lat' dir='ltr'>licet</span> <span class='ocrx_word' id='word_1_99' title='bbox 757 1060 790 1086; x_wconf 84' lang='lat' dir='ltr'>et</span> <span class='ocrx_word' id='word_1_100' title='bbox 809 1055 842 1084; x_wconf 92' lang='lat' dir='ltr'>in</span> 
     </span>
     <span class='ocr_line' id='line_1_18' title="bbox 137 1100 841 1144; baseline 0.006 -14"><span class='ocrx_word' id='word_1_101' title='bbox 137 1100 249 1132; x_wconf 86' lang='lat' dir='ltr'>Plant.</span> <span class='ocrx_word' id='word_1_102' title='bbox 297 1112 335 1132; x_wconf 80' lang='lat' dir='ltr'>ac</span> <span class='ocrx_word' id='word_1_103' title='bbox 374 1104 459 1133; x_wconf 83' lang='lat' dir='ltr'>Scal.</span> <span class='ocrx_word' id='word_1_104' title='bbox 504 1104 591 1133; x_wconf 82' lang='lat' dir='ltr'>Edd.</span> <span class='ocrx_word' id='word_1_105' title='bbox 631 1110 841 1144; x_wconf 79' lang='lat' dir='ltr'>comparent.</span> 
     </span>
     <span class='ocr_line' id='line_1_19' title="bbox 135 1150 841 1193; baseline 0.003 -13"><span class='ocrx_word' id='word_1_106' title='bbox 135 1150 324 1181; x_wconf 69' lang='lat' dir='ltr'>Proconsule</span> <span class='ocrx_word' id='word_1_107' title='bbox 346 1152 513 1191; x_wconf 71' lang='lat' dir='ltr'>quomodo</span> <span class='ocrx_word' id='word_1_108' title='bbox 530 1153 576 1182; x_wconf 80' lang='lat' dir='ltr'>sit</span> <span class='ocrx_word' id='word_1_109' title='bbox 592 1153 841 1193; x_wconf 85' lang='lat' dir='ltr'>accipiendum,</span> 
     </span>
     <span class='ocr_line' id='line_1_20' title="bbox 133 1199 390 1231; baseline 0.004 -1"><span class='ocrx_word' id='word_1_110' title='bbox 133 1199 213 1230; x_wconf 74' lang='lat' dir='ltr'>vide</span> <span class='ocrx_word' id='word_1_111' title='bbox 231 1201 273 1231; x_wconf 87' lang='lat' dir='ltr'>ad</span> <span class='ocrx_word' id='word_1_112' title='bbox 291 1210 320 1231; x_wconf 94' lang='lat' dir='ltr'>c.</span> <span class='ocrx_word' id='word_1_113' title='bbox 339 1204 390 1231; x_wconf 85' lang='grc'>80.</span> 
     </span>
    </p>

    <p class='ocr_par' dir='ltr' id='par_1_4' title="bbox 130 1251 842 1695">
     <span class='ocr_line' id='line_1_21' title="bbox 180 1251 841 1291; baseline 0.003 -11"><span class='ocrx_word' id='word_1_114' title='bbox 180 1252 220 1280; x_wconf 84' lang='grc'>18</span> <span class='ocrx_word' id='word_1_115' title='bbox 247 1251 371 1280; x_wconf 72' lang='lat' dir='ltr'>Uticam</span> <span class='ocrx_word' id='word_1_116' title='bbox 387 1254 460 1281; x_wconf 77' lang='lat' dir='ltr'>ante</span> <span class='ocrx_word' id='word_1_117' title='bbox 482 1252 653 1291; x_wconf 69' lang='grc' dir='ltr'>ριἀεηιίεεο,</span> <span class='ocrx_word' id='word_1_118' title='bbox 674 1261 743 1283; x_wconf 85' lang='lat' dir='ltr'>cum</span> <span class='ocrx_word' id='word_1_119' title='bbox 758 1252 841 1291; x_wconf 80' lang='lat' dir='ltr'>equi—</span> 
     </span>
     <span class='ocr_line' id='line_1_22' title="bbox 133 1300 840 1343; baseline 0.004 -13"><span class='ocrx_word' id='word_1_120' title='bbox 133 1300 220 1340; x_wconf 74' lang='lat' dir='ltr'>tutu]</span> <span class='ocrx_word' id='word_1_121' title='bbox 244 1300 378 1331; x_wconf 76' lang='lat' dir='ltr'>Vitiosa</span> <span class='ocrx_word' id='word_1_122' title='bbox 395 1305 448 1331; x_wconf 85' lang='lat' dir='ltr'>cst</span> <span class='ocrx_word' id='word_1_123' title='bbox 475 1302 717 1342; x_wconf 80' lang='lat' dir='ltr'>interpunctio,</span> <span class='ocrx_word' id='word_1_124' title='bbox 740 1312 840 1343; x_wconf 85' lang='lat' dir='ltr'>quam</span> 
     </span>
     <span class='ocr_line' id='line_1_23' title="bbox 133 1352 840 1392; baseline 0.003 -12"><span class='ocrx_word' id='word_1_125' title='bbox 133 1354 247 1381; x_wconf 72' lang='lat' dir='ltr'>tamen</span> <span class='ocrx_word' id='word_1_126' title='bbox 265 1360 379 1382; x_wconf 80' lang='lat' dir='ltr'>omnes</span> <span class='ocrx_word' id='word_1_127' title='bbox 393 1352 494 1383; x_wconf 83' lang='lat' dir='ltr'>editt.</span> <span class='ocrx_word' id='word_1_128' title='bbox 520 1357 647 1392; x_wconf 74' lang='lat' dir='ltr'>praeter</span> <span class='ocrx_word' id='word_1_129' title='bbox 664 1353 840 1384; x_wconf 81' lang='lat' dir='ltr'>Beroaldi-</span> 
     </span>
     <span class='ocr_line' id='line_1_24' title="bbox 132 1402 839 1443; baseline 0.006 -12"><span class='ocrx_word' id='word_1_130' title='bbox 132 1409 211 1431; x_wconf 82' lang='lat' dir='ltr'>nam</span> <span class='ocrx_word' id='word_1_131' title='bbox 230 1402 394 1441; x_wconf 75' lang='lat' dir='ltr'>retinent,</span> <span class='ocrx_word' id='word_1_132' title='bbox 412 1412 453 1433; x_wconf 84' lang='lat' dir='ltr'>ex</span> <span class='ocrx_word' id='word_1_133' title='bbox 464 1412 531 1443; x_wconf 84' lang='lat' dir='ltr'>qua</span> <span class='ocrx_word' id='word_1_134' title='bbox 547 1403 698 1435; x_wconf 86' lang='lat' dir='ltr'>rescribo</span> <span class='ocrx_word' id='word_1_135' title='bbox 717 1405 839 1435; x_wconf 80' lang='lat' dir='ltr'><strong><em>Uticam</em></strong></span> 
     </span>
     <span class='ocr_line' id='line_1_25' title="bbox 130 1453 839 1495; baseline 0.007 -14"><span class='ocrx_word' id='word_1_136' title='bbox 130 1454 203 1482; x_wconf 77' lang='lat' dir='ltr'>ante</span> <span class='ocrx_word' id='word_1_137' title='bbox 228 1453 385 1491; x_wconf 76' lang='lat' dir='ltr'>prct’misso</span> <span class='ocrx_word' id='word_1_138' title='bbox 419 1463 486 1484; x_wconf 84' lang='lat' dir='ltr'>cum</span> <span class='ocrx_word' id='word_1_139' title='bbox 515 1454 665 1495; x_wconf 79' lang='lat' dir='ltr'>equitatu,</span> <span class='ocrx_word' id='word_1_140' title='bbox 689 1455 765 1495; x_wconf 76' lang='lat' dir='ltr'>ipse,</span> <span class='ocrx_word' id='word_1_141' title='bbox 787 1456 839 1494; x_wconf 60' lang='lat' dir='ltr'>&amp;a</span> 
     </span>
     <span class='ocr_line' id='line_1_26' title="bbox 131 1501 842 1545; baseline 0.003 -12"><span class='ocrx_word' id='word_1_142' title='bbox 131 1501 234 1533; x_wconf 88' lang='lat' dir='ltr'>Hane</span> <span class='ocrx_word' id='word_1_143' title='bbox 246 1503 484 1543; x_wconf 81' lang='lat' dir='ltr'>conjecturam</span> <span class='ocrx_word' id='word_1_144' title='bbox 497 1504 609 1535; x_wconf 83' lang='lat' dir='ltr'>firmat</span> <span class='ocrx_word' id='word_1_145' title='bbox 625 1505 695 1536; x_wconf 85' lang='lat' dir='ltr'>Jul.</span> <span class='ocrx_word' id='word_1_146' title='bbox 711 1505 842 1545; x_wconf 83' lang='lat' dir='ltr'>Celsus,</span> 
     </span>
     <span class='ocr_line' id='line_1_27' title="bbox 130 1552 841 1593; baseline 0.006 -11"><span class='ocrx_word' id='word_1_147' title='bbox 130 1552 190 1593; x_wconf 84' lang='lat' dir='ltr'>qui</span> <span class='ocrx_word' id='word_1_148' title='bbox 208 1561 241 1592; x_wconf 86' lang='lat' dir='ltr'>p.</span> <span class='ocrx_word' id='word_1_149' title='bbox 258 1555 333 1583; x_wconf 82' lang='lat'>229.</span> <span class='ocrx_word' id='word_1_150' title='bbox 363 1554 412 1584; x_wconf 87' lang='lat' dir='ltr'>sic</span> <span class='ocrx_word' id='word_1_151' title='bbox 441 1555 507 1585; x_wconf 76' lang='lat' dir='ltr'>ait:</span> <span class='ocrx_word' id='word_1_152' title='bbox 535 1556 543 1570; x_wconf 81' lang='lat'><em>¹</em></span> <span class='ocrx_word' id='word_1_153' title='bbox 563 1554 613 1584; x_wconf 81' lang='lat' dir='ltr'>M.</span> <span class='ocrx_word' id='word_1_154' title='bbox 645 1555 841 1586; x_wconf 81' lang='lat' dir='ltr'><strong>Messallam</strong></span> 
     </span>
     <span class='ocr_line' id='line_1_28' title="bbox 133 1603 842 1646; baseline 0.006 -14"><span class='ocrx_word' id='word_1_155' title='bbox 133 1610 211 1633; x_wconf 89' lang='lat' dir='ltr'>cum</span> <span class='ocrx_word' id='word_1_156' title='bbox 228 1603 385 1644; x_wconf 83' lang='lat' dir='ltr'>equitatu</span> <span class='ocrx_word' id='word_1_157' title='bbox 405 1604 543 1635; x_wconf 83' lang='lat' dir='ltr'>Uticam</span> <span class='ocrx_word' id='word_1_158' title='bbox 560 1606 741 1645; x_wconf 73' lang='lat' dir='ltr'>praemittit</span> <span class='ocrx_word' id='word_1_159' title='bbox 758 1616 765 1636; x_wconf 89' lang='lat'><strong>:</strong></span> <span class='ocrx_word' id='word_1_160' title='bbox 794 1606 842 1646; x_wconf 88' lang='lat' dir='ltr'>ip-</span> 
     </span>
     <span class='ocr_line' id='line_1_29' title="bbox 133 1654 827 1695; baseline 0.004 -12"><span class='ocrx_word' id='word_1_161' title='bbox 133 1661 171 1683; x_wconf 79' lang='lat' dir='ltr'>se</span> <span class='ocrx_word' id='word_1_162' title='bbox 188 1662 265 1684; x_wconf 89' lang='lat' dir='ltr'>cum</span> <span class='ocrx_word' id='word_1_163' title='bbox 283 1654 435 1684; x_wconf 80' lang='lat' dir='ltr'>exercitu</span> <span class='ocrx_word' id='word_1_164' title='bbox 449 1655 691 1695; x_wconf 60' lang='lat' dir='ltr'>subsequitur!</span> <span class='ocrx_word' id='word_1_165' title='bbox 715 1656 827 1686; x_wconf 76' lang='lat' dir='ltr'>Davis.</span> 
     </span>
    </p>

    <p class='ocr_par' dir='ltr' id='par_1_5' title="bbox 131 1705 846 2603">
     <span class='ocr_line' id='line_1_30' title="bbox 179 1705 841 1746; baseline 0.006 -13"><span class='ocrx_word' id='word_1_166' title='bbox 179 1711 348 1734; x_wconf 69' lang='lat' dir='ltr'>Lxxxvu.</span> <span class='ocrx_word' id='word_1_167' title='bbox 375 1707 395 1734; x_wconf 84' lang='lat'>2</span> <span class='ocrx_word' id='word_1_168' title='bbox 419 1705 472 1735; x_wconf 84' lang='lat' dir='ltr'>Ad</span> <span class='ocrx_word' id='word_1_169' title='bbox 499 1705 643 1745; x_wconf 77' lang='lat' dir='ltr'>oppidum</span> <span class='ocrx_word' id='word_1_170' title='bbox 668 1706 841 1746; x_wconf 81' lang='lat' dir='ltr'>Paradam]</span> 
     </span>
     <span class='ocr_line' id='line_1_31' title="bbox 133 1754 841 1795; baseline 0.003 -11"><span class='ocrx_word' id='word_1_171' title='bbox 133 1754 187 1785; x_wconf 87' lang='lat' dir='ltr'>Ex</span> <span class='ocrx_word' id='word_1_172' title='bbox 196 1754 263 1785; x_wconf 88' lang='lat' dir='ltr'>Ms.</span> <span class='ocrx_word' id='word_1_173' title='bbox 275 1755 383 1785; x_wconf 79' lang='lat' dir='ltr'>Norv.</span> <span class='ocrx_word' id='word_1_174' title='bbox 395 1759 430 1785; x_wconf 88' lang='lat' dir='ltr'>et</span> <span class='ocrx_word' id='word_1_175' title='bbox 447 1755 529 1785; x_wconf 86' lang='lat' dir='ltr'>edit.</span> <span class='ocrx_word' id='word_1_176' title='bbox 546 1756 642 1786; x_wconf 89' lang='lat' dir='ltr'>Rom.</span> <span class='ocrx_word' id='word_1_177' title='bbox 660 1756 841 1795; x_wconf 83' lang='lat' dir='ltr'>legendum</span> 
     </span>
     <span class='ocr_line' id='line_1_32' title="bbox 131 1805 842 1847; baseline 0.006 -13"><span class='ocrx_word' id='word_1_178' title='bbox 131 1805 173 1835; x_wconf 79' lang='lat' dir='ltr'>ad</span> <span class='ocrx_word' id='word_1_179' title='bbox 189 1805 333 1845; x_wconf 72' lang='lat' dir='ltr'>oppidum</span> <span class='ocrx_word' id='word_1_180' title='bbox 352 1806 496 1837; x_wconf 80' lang='lat' dir='ltr'>Paradae.</span> <span class='ocrx_word' id='word_1_181' title='bbox 521 1806 577 1837; x_wconf 86' lang='lat' dir='ltr'>Sic</span> <span class='ocrx_word' id='word_1_182' title='bbox 592 1816 622 1837; x_wconf 90' lang='lat' dir='ltr'>c.</span> <span class='ocrx_word' id='word_1_183' title='bbox 639 1809 690 1837; x_wconf 88' lang='lat'>91.</span> <span class='ocrx_word' id='word_1_184' title='bbox 707 1807 716 1823; x_wconf 89' lang='lat'>‘</span> <span class='ocrx_word' id='word_1_185' title='bbox 731 1807 769 1837; x_wconf 92' lang='lat' dir='ltr'>In</span> <span class='ocrx_word' id='word_1_186' title='bbox 784 1817 842 1847; x_wconf 94' lang='lat' dir='ltr'>op-</span> 
     </span>
     <span class='ocr_line' id='line_1_33' title="bbox 133 1855 843 1898; baseline 0.006 -13"><span class='ocrx_word' id='word_1_187' title='bbox 133 1855 215 1896; x_wconf 88' lang='lat' dir='ltr'>pido</span> <span class='ocrx_word' id='word_1_188' title='bbox 257 1856 371 1887; x_wconf 81' lang='lat' dir='ltr'>Zamae</span> <span class='ocrx_word' id='word_1_189' title='bbox 410 1857 508 1897; x_wconf 83' lang='lat' dir='ltr'>lignis</span> <span class='ocrx_word' id='word_1_190' title='bbox 546 1858 719 1898; x_wconf 76' lang='lat' dir='ltr'>congestis</span> <span class='ocrx_word' id='word_1_191' title='bbox 734 1858 756 1896; x_wconf 92' lang='lat'>;&#39;</span> <span class='ocrx_word' id='word_1_192' title='bbox 795 1859 843 1889; x_wconf 85' lang='lat' dir='ltr'>ita</span> 
     </span>
     <span class='ocr_line' id='line_1_34' title="bbox 131 1906 842 1948; baseline 0.006 -12"><span class='ocrx_word' id='word_1_193' title='bbox 131 1906 224 1937; x_wconf 84' lang='lat' dir='ltr'>enim</span> <span class='ocrx_word' id='word_1_194' title='bbox 251 1916 291 1937; x_wconf 85' lang='lat' dir='ltr'>ex</span> <span class='ocrx_word' id='word_1_195' title='bbox 308 1907 428 1938; x_wconf 86' lang='lat' dir='ltr'>iisdem</span> <span class='ocrx_word' id='word_1_196' title='bbox 447 1908 555 1939; x_wconf 88' lang='lat' dir='ltr'>Codd.</span> <span class='ocrx_word' id='word_1_197' title='bbox 573 1909 842 1948; x_wconf 83' lang='lat' dir='ltr'>rescribendum,</span> 
     </span>
     <span class='ocr_line' id='line_1_35' title="bbox 131 1956 839 1999; baseline 0.007 -13"><span class='ocrx_word' id='word_1_198' title='bbox 131 1965 203 1987; x_wconf 84' lang='lat' dir='ltr'>uon</span> <span class='ocrx_word' id='word_1_199' title='bbox 232 1956 343 1996; x_wconf 82' lang='lat' dir='ltr'><strong><em>Zama,</em></strong></span> <span class='ocrx_word' id='word_1_200' title='bbox 372 1958 463 1999; x_wconf 90' lang='lat' dir='ltr'>quod</span> <span class='ocrx_word' id='word_1_201' title='bbox 488 1959 523 1990; x_wconf 92' lang='lat' dir='ltr'>in</span> <span class='ocrx_word' id='word_1_202' title='bbox 549 1960 622 1991; x_wconf 86' lang='lat' dir='ltr'>aliis</span> <span class='ocrx_word' id='word_1_203' title='bbox 651 1960 839 1993; x_wconf 78' lang='lat' dir='ltr'>exhibetur.</span> 
     </span>
     <span class='ocr_line' id='line_1_36' title="bbox 136 2006 842 2050; baseline 0.007 -13"><span class='ocrx_word' id='word_1_204' title='bbox 136 2006 221 2038; x_wconf 87' lang='lat' dir='ltr'>Eam</span> <span class='ocrx_word' id='word_1_205' title='bbox 236 2007 442 2040; x_wconf 85' lang='lat' dir='ltr'>locutionem</span> <span class='ocrx_word' id='word_1_206' title='bbox 461 2010 602 2050; x_wconf 86' lang='lat' dir='ltr'>probam</span> <span class='ocrx_word' id='word_1_207' title='bbox 627 2020 700 2041; x_wconf 86' lang='lat' dir='ltr'>esse</span> <span class='ocrx_word' id='word_1_208' title='bbox 725 2011 842 2042; x_wconf 89' lang='lat' dir='ltr'>Libra-</span> 
     </span>
     <span class='ocr_line' id='line_1_37' title="bbox 138 2057 841 2101; baseline 0.007 -14"><span class='ocrx_word' id='word_1_209' title='bbox 138 2057 181 2088; x_wconf 80' lang='lat' dir='ltr'>rii</span> <span class='ocrx_word' id='word_1_210' title='bbox 216 2066 284 2089; x_wconf 90' lang='lat' dir='ltr'>non</span> <span class='ocrx_word' id='word_1_211' title='bbox 324 2059 404 2098; x_wconf 83' lang='lat' dir='ltr'>rati,</span> <span class='ocrx_word' id='word_1_212' title='bbox 438 2069 617 2101; x_wconf 79' lang='lat' dir='ltr'>perperam</span> <span class='ocrx_word' id='word_1_213' title='bbox 655 2065 841 2093; x_wconf 86' lang='lat' dir='ltr'><strong>mutarunt.</strong></span> 
     </span>
     <span class='ocr_line' id='line_1_38' title="bbox 138 2106 841 2151; baseline 0.007 -14"><span class='ocrx_word' id='word_1_214' title='bbox 138 2106 228 2139; x_wconf 85' lang='lat' dir='ltr'>Vide</span> <span class='ocrx_word' id='word_1_215' title='bbox 267 2113 339 2140; x_wconf 88' lang='lat' dir='ltr'>not.</span> <span class='ocrx_word' id='word_1_216' title='bbox 378 2110 420 2140; x_wconf 83' lang='lat' dir='ltr'>ad</span> <span class='ocrx_word' id='word_1_217' title='bbox 450 2111 587 2151; x_wconf 86' lang='lat' dir='ltr'>hujusce</span> <span class='ocrx_word' id='word_1_218' title='bbox 619 2111 699 2141; x_wconf 86' lang='lat' dir='ltr'>libri</span> <span class='ocrx_word' id='word_1_219' title='bbox 729 2121 759 2142; x_wconf 90' lang='lat' dir='ltr'>c.</span> <span class='ocrx_word' id='word_1_220' title='bbox 788 2114 841 2143; x_wconf 82' lang='lat'>36.</span> 
     </span>
     <span class='ocr_line' id='line_1_39' title="bbox 140 2157 842 2202; baseline 0.009 -15"><span class='ocrx_word' id='word_1_221' title='bbox 140 2157 218 2188; x_wconf 81' lang='lat' dir='ltr'>Hoc</span> <span class='ocrx_word' id='word_1_222' title='bbox 247 2163 359 2189; x_wconf 83' lang='lat' dir='ltr'>autem</span> <span class='ocrx_word' id='word_1_223' title='bbox 389 2160 550 2200; x_wconf 88' lang='lat' dir='ltr'>oppidum</span> <span class='ocrx_word' id='word_1_224' title='bbox 574 2162 698 2192; x_wconf 90' lang='lat' dir='ltr'>Strabo</span> <span class='ocrx_word' id='word_1_225' title='bbox 715 2161 842 2202; x_wconf 82' lang='lat' dir='ltr'>Geogr.</span> 
     </span>
     <span class='ocr_line' id='line_1_40' title="bbox 136 2207 841 2251; baseline 0.007 -14"><span class='ocrx_word' id='word_1_226' title='bbox 136 2207 160 2238; x_wconf 86' lang='lat'>1.</span> <span class='ocrx_word' id='word_1_227' title='bbox 177 2215 271 2238; x_wconf 81' lang='lat' dir='ltr'>xvli.</span> <span class='ocrx_word' id='word_1_228' title='bbox 297 2217 331 2248; x_wconf 85' lang='lat' dir='ltr'>p.</span> <span class='ocrx_word' id='word_1_229' title='bbox 355 2211 429 2241; x_wconf 81' lang='lat'>831.</span> <span class='ocrx_word' id='word_1_230' title='bbox 473 2210 576 2250; x_wconf 80' lang='grc' dir='ltr'>Φαρὰν</span> <span class='ocrx_word' id='word_1_231' title='bbox 600 2212 749 2251; x_wconf 79' lang='lat' dir='ltr'>vocavit,</span> <span class='ocrx_word' id='word_1_232' title='bbox 770 2212 841 2244; x_wconf 85' lang='lat' dir='ltr'>Jnl.</span> 
     </span>
     <span class='ocr_line' id='line_1_41' title="bbox 138 2258 843 2303; baseline 0.006 -13"><span class='ocrx_word' id='word_1_233' title='bbox 138 2258 257 2290; x_wconf 85' lang='lat' dir='ltr'>Celsus</span> <span class='ocrx_word' id='word_1_234' title='bbox 286 2269 319 2300; x_wconf 92' lang='lat' dir='ltr'>p.</span> <span class='ocrx_word' id='word_1_235' title='bbox 345 2262 420 2291; x_wconf 84' lang='lat'>230.</span> <span class='ocrx_word' id='word_1_236' title='bbox 446 2261 606 2298; x_wconf 81' lang='lat' dir='ltr'>Pardam‚·</span> <span class='ocrx_word' id='word_1_237' title='bbox 638 2263 713 2303; x_wconf 86' lang='lat' dir='ltr'>lege</span> <span class='ocrx_word' id='word_1_238' title='bbox 744 2264 843 2294; x_wconf 86' lang='lat' dir='ltr'>Para-</span> 
     </span>
     <span class='ocr_line' id='line_1_42' title="bbox 135 2309 843 2353; baseline 0.004 -13"><span class='ocrx_word' id='word_1_239' title='bbox 135 2309 219 2340; x_wconf 84' lang='lat' dir='ltr'>dam.</span> <span class='ocrx_word' id='word_1_240' title='bbox 245 2310 359 2341; x_wconf 73' lang='lat' dir='ltr'>Datis.</span> <span class='ocrx_word' id='word_1_241' title='bbox 407 2311 514 2342; x_wconf 84' lang='lat' dir='ltr'><strong>Recte</strong></span> <span class='ocrx_word' id='word_1_242' title='bbox 545 2311 750 2353; x_wconf 79' lang='lat' dir='ltr'>suffragatur</span> <span class='ocrx_word' id='word_1_243' title='bbox 776 2314 843 2344; x_wconf 89' lang='lat' dir='ltr'>Ms.</span> 
     </span>
     <span class='ocr_line' id='line_1_43' title="bbox 139 2360 845 2401; baseline 0.004 -10"><span class='ocrx_word' id='word_1_244' title='bbox 139 2360 277 2400; x_wconf 78' lang='lat' dir='ltr'>Regius.</span> <span class='ocrx_word' id='word_1_245' title='bbox 315 2360 371 2391; x_wconf 88' lang='lat' dir='ltr'>Al</span> <span class='ocrx_word' id='word_1_246' title='bbox 387 2361 533 2401; x_wconf 77' lang='lat' dir='ltr'>oppidum</span> <span class='ocrx_word' id='word_1_247' title='bbox 549 2362 718 2393; x_wconf 79' lang='lat' dir='ltr'>Par-adam.</span> <span class='ocrx_word' id='word_1_248' title='bbox 745 2364 845 2396; x_wconf 82' lang='lat' dir='ltr'>Quod</span> 
     </span>
     <span class='ocr_line' id='line_1_44' title="bbox 139 2409 845 2451; baseline 0.006 -12"><span class='ocrx_word' id='word_1_249' title='bbox 139 2409 256 2449; x_wconf 86' lang='lat' dir='ltr'>paullo</span> <span class='ocrx_word' id='word_1_250' title='bbox 272 2411 380 2441; x_wconf 89' lang='lat' dir='ltr'>minus</span> <span class='ocrx_word' id='word_1_251' title='bbox 403 2412 550 2451; x_wconf 71' lang='lat' dir='ltr'>elegans.</span> <span class='ocrx_word' id='word_1_252' title='bbox 590 2413 698 2443; x_wconf 80' lang='lat' dir='ltr'>Clark.</span> <span class='ocrx_word' id='word_1_253' title='bbox 745 2414 845 2444; x_wconf 83' lang='lat' dir='ltr'>Par-a</span> 
     </span>
     <span class='ocr_line' id='line_1_45' title="bbox 139 2459 846 2501; baseline 0.007 -11"><span class='ocrx_word' id='word_1_254' title='bbox 139 2459 188 2490; x_wconf 78' lang='lat' dir='ltr'>‹1ae</span> <span class='ocrx_word' id='word_1_255' title='bbox 205 2459 288 2492; x_wconf 86' lang='lat' dir='ltr'>Mss.</span> <span class='ocrx_word' id='word_1_256' title='bbox 304 2461 370 2491; x_wconf 91' lang='lat' dir='ltr'>mei</span> <span class='ocrx_word' id='word_1_257' title='bbox 387 2465 596 2501; x_wconf 82' lang='lat' dir='ltr'>constanter,</span> <span class='ocrx_word' id='word_1_258' title='bbox 619 2467 655 2494; x_wconf 86' lang='lat' dir='ltr'>et</span> <span class='ocrx_word' id='word_1_259' title='bbox 679 2462 743 2494; x_wconf 89' lang='lat' dir='ltr'>Ed.</span> <span class='ocrx_word' id='word_1_260' title='bbox 772 2464 846 2495; x_wconf 86' lang='lat' dir='ltr'>Me-</span> 
     </span>
     <span class='ocr_line' id='line_1_46' title="bbox 143 2508 845 2545; baseline 0.009 -6"><span class='ocrx_word' id='word_1_261' title='bbox 143 2508 223 2540; x_wconf 89' lang='lat' dir='ltr'>diol.</span> <span class='ocrx_word' id='word_1_262' title='bbox 268 2511 382 2543; x_wconf 81' lang='lat' dir='ltr'><strong>Quare</strong></span> <span class='ocrx_word' id='word_1_263' title='bbox 404 2510 439 2541; x_wconf 90' lang='lat' dir='ltr'>id</span> <span class='ocrx_word' id='word_1_264' title='bbox 462 2511 611 2543; x_wconf 83' lang='lat' dir='ltr'>restitui.</span> <span class='ocrx_word' id='word_1_265' title='bbox 655 2511 724 2544; x_wconf 85' lang='lat' dir='ltr'>Adi</span> <span class='ocrx_word' id='word_1_266' title='bbox 741 2513 845 2545; x_wconf 89' lang='lat' dir='ltr'>etiam</span> 
     </span>
     <span class='ocr_line' id='line_1_47' title="bbox 141 2558 674 2603; baseline 0.009 -14"><span class='ocrx_word' id='word_1_267' title='bbox 141 2558 185 2589; x_wconf 85' lang='lat' dir='ltr'>ad</span> <span class='ocrx_word' id='word_1_268' title='bbox 201 2568 230 2590; x_wconf 84' lang='lat' dir='ltr'>c.</span> <span class='ocrx_word' id='word_1_269' title='bbox 243 2562 296 2591; x_wconf 81' lang='lat'>26.</span> <span class='ocrx_word' id='word_1_270' title='bbox 321 2560 331 2577; x_wconf 92' lang='lat'>‘</span> <span class='ocrx_word' id='word_1_271' title='bbox 345 2560 475 2602; x_wconf 88' lang='lat' dir='ltr'>Thapsi</span> <span class='ocrx_word' id='word_1_272' title='bbox 488 2562 674 2603; x_wconf 84' lang='lat' dir='ltr'>oppidum.&#39;</span> 
     </span>
    </p>

    <p class='ocr_par' dir='ltr' id='par_1_6' title="bbox 134 2611 845 2807">
     <span class='ocr_line' id='line_1_48' title="bbox 187 2611 845 2655; baseline 0.011 -15"><span class='ocrx_word' id='word_1_273' title='bbox 187 2613 227 2641; x_wconf 90' lang='grc'>10</span> <span class='ocrx_word' id='word_1_274' title='bbox 250 2611 340 2646; x_wconf 80' lang='lat' dir='ltr'>Quod</span> <span class='ocrx_word' id='word_1_275' title='bbox 362 2613 722 2655; x_wconf 72' lang='lat' dir='ltr'>Uticensibus,—-parum</span> <span class='ocrx_word' id='word_1_276' title='bbox 743 2615 778 2646; x_wconf 86' lang='lat' dir='ltr'>in</span> <span class='ocrx_word' id='word_1_277' title='bbox 795 2626 845 2647; x_wconf 83' lang='lat' dir='ltr'>su-</span> 
     </span>
     <span class='ocr_line' id='line_1_49' title="bbox 143 2658 843 2705; baseline 0.013 -17"><span class='ocrx_word' id='word_1_278' title='bbox 143 2658 171 2688; x_wconf 75' lang='lat' dir='ltr'>is</span> <span class='ocrx_word' id='word_1_279' title='bbox 204 2660 346 2699; x_wconf 75' lang='lat' dir='ltr'>partibus</span> <span class='ocrx_word' id='word_1_280' title='bbox 379 2663 531 2703; x_wconf 69' lang='lat' dir='ltr'>praesidii,</span> <span class='ocrx_word' id='word_1_281' title='bbox 567 2664 636 2704; x_wconf 60' lang='lat' dir='ltr'>§·c.]</span> <span class='ocrx_word' id='word_1_282' title='bbox 680 2665 843 2705; x_wconf 60' lang='lat' dir='ltr'>Faernus,</span> 
     </span>
     <span class='ocr_line' id='line_1_50' title="bbox 145 2710 845 2758; baseline 0.013 -20"><span class='ocrx_word' id='word_1_283' title='bbox 145 2710 353 2750; x_wconf 80' lang='lat' dir='ltr'>transposita</span> <span class='ocrx_word' id='word_1_284' title='bbox 366 2713 486 2744; x_wconf 81' lang='lat' dir='ltr'>vocula</span> <span class='ocrx_word' id='word_1_285' title='bbox 497 2713 541 2753; x_wconf 81' lang='lat' dir='ltr'>in,</span> <span class='ocrx_word' id='word_1_286' title='bbox 552 2715 686 2755; x_wconf 83' lang='lat' dir='ltr'>reponit</span> <span class='ocrx_word' id='word_1_287' title='bbox 699 2726 709 2754; x_wconf 88' lang='lat'>;</span> <span class='ocrx_word' id='word_1_288' title='bbox 731 2716 741 2733; x_wconf 91' lang='lat'>‘</span> <span class='ocrx_word' id='word_1_289' title='bbox 754 2716 845 2758; x_wconf 87' lang='lat' dir='ltr'>qnod</span> 
     </span>
     <span class='ocr_line' id='line_1_51' title="bbox 134 2758 844 2807; baseline 0.015 -20"><span class='ocrx_word' id='word_1_290' title='bbox 134 2766 185 2788; x_wconf 65' lang='lat' dir='ltr'>vnu</span> <span class='ocrx_word' id='word_1_291' title='bbox 203 2758 584 2805; x_wconf 75' lang='lat' dir='ltr'>Uticensibus—parum</span> <span class='ocrx_word' id='word_1_292' title='bbox 601 2765 669 2796; x_wconf 85' lang='lat' dir='ltr'>suis</span> <span class='ocrx_word' id='word_1_293' title='bbox 688 2766 844 2807; x_wconf 81' lang='lat' dir='ltr'>partibus</span> 
     </span>
    </p>
   </div>
   <div class='ocr_carea' id='block_1_3' title="bbox 1478 190 1592 234">
    <p class='ocr_par' dir='ltr' id='par_1_7' title="bbox 1478 190 1592 234">
     <span class='ocr_line' id='line_1_52' title="bbox 1478 190 1592 234; baseline 0.009 -1"><span class='ocrx_word' id='word_1_294' title='bbox 1478 190 1592 234; x_wconf 82' lang='lat'>1637</span> 
     </span>
    </p>
   </div>
   <div class='ocr_carea' id='block_1_4' title="bbox 887 294 1600 2748">
    <p class='ocr_par' dir='ltr' id='par_1_8' title="bbox 890 294 1595 732">
     <span class='ocr_line' id='line_1_53' title="bbox 890 294 1590 336; baseline 0.003 -11"><span class='ocrx_word' id='word_1_295' title='bbox 890 294 1062 335; x_wconf 58' lang='lat' dir='ltr'>praesidii:</span> <span class='ocrx_word' id='word_1_296' title='bbox 1088 297 1153 327; x_wconf 64' lang='grc' dir='ltr'>ἃς.</span> <span class='ocrx_word' id='word_1_297' title='bbox 1226 295 1340 336; x_wconf 75' lang='lat' dir='ltr'>Atque</span> <span class='ocrx_word' id='word_1_298' title='bbox 1376 295 1423 325; x_wconf 85' lang='lat' dir='ltr'>ita</span> <span class='ocrx_word' id='word_1_299' title='bbox 1454 297 1590 336; x_wconf 84' lang='lat' dir='ltr'>quidem</span> 
     </span>
     <span class='ocr_line' id='line_1_54' title="bbox 890 344 1591 385; baseline 0.001 -10"><span class='ocrx_word' id='word_1_300' title='bbox 890 346 1025 375; x_wconf 83' lang='lat' dir='ltr'>omniuo</span> <span class='ocrx_word' id='word_1_301' title='bbox 1042 344 1274 385; x_wconf 79' lang='lat' dir='ltr'>reponendum</span> <span class='ocrx_word' id='word_1_302' title='bbox 1301 345 1467 375; x_wconf 80' lang='lat' dir='ltr'>existimo.</span> <span class='ocrx_word' id='word_1_303' title='bbox 1514 347 1591 376; x_wconf 73' lang='lat' dir='ltr'>Non</span> 
     </span>
     <span class='ocr_line' id='line_1_55' title="bbox 890 396 1594 435; baseline 0.001 -9"><span class='ocrx_word' id='word_1_304' title='bbox 890 397 981 427; x_wconf 88' lang='lat' dir='ltr'>enim</span> <span class='ocrx_word' id='word_1_305' title='bbox 998 396 1032 427; x_wconf 84' lang='lat' dir='ltr'>id</span> <span class='ocrx_word' id='word_1_306' title='bbox 1050 396 1267 427; x_wconf 77' lang='lat' dir='ltr'>existimabat</span> <span class='ocrx_word' id='word_1_307' title='bbox 1285 396 1383 433; x_wconf 88' lang='lat' dir='ltr'>Cato,</span> <span class='ocrx_word' id='word_1_308' title='bbox 1405 399 1509 435; x_wconf 76' lang='lat' dir='ltr'>partes</span> <span class='ocrx_word' id='word_1_309' title='bbox 1522 406 1594 427; x_wconf 68' lang='lat' dir='ltr'>uuas</span> 
     </span>
     <span class='ocr_line' id='line_1_56' title="bbox 896 447 1593 486; baseline 0 -9"><span class='ocrx_word' id='word_1_310' title='bbox 896 447 1102 486; x_wconf 75' lang='lat' dir='ltr'>Uticensibus,</span> <span class='ocrx_word' id='word_1_311' title='bbox 1118 447 1177 477; x_wconf 87' lang='lat' dir='ltr'>sed</span> <span class='ocrx_word' id='word_1_312' title='bbox 1193 447 1352 477; x_wconf 72' lang='lat' dir='ltr'><em>Uticenses</em></span> <span class='ocrx_word' id='word_1_313' title='bbox 1366 447 1430 476; x_wconf 77' lang='lat' dir='ltr'>suis</span> <span class='ocrx_word' id='word_1_314' title='bbox 1439 447 1593 486; x_wconf 73' lang='lat' dir='ltr'>partibus,</span> 
     </span>
     <span class='ocr_line' id='line_1_57' title="bbox 892 495 1594 537; baseline -0.001 -10"><span class='ocrx_word' id='word_1_315' title='bbox 892 507 1010 537; x_wconf 85' lang='lat' dir='ltr'>parum</span> <span class='ocrx_word' id='word_1_316' title='bbox 1035 506 1108 527; x_wconf 81' lang='lat' dir='ltr'>esse</span> <span class='ocrx_word' id='word_1_317' title='bbox 1138 497 1250 528; x_wconf 87' lang='lat' dir='ltr'>utiles.</span> <span class='ocrx_word' id='word_1_318' title='bbox 1297 497 1351 527; x_wconf 85' lang='lat' dir='ltr'>Sic</span> <span class='ocrx_word' id='word_1_319' title='bbox 1376 497 1464 527; x_wconf 89' lang='lat' dir='ltr'>enim</span> <span class='ocrx_word' id='word_1_320' title='bbox 1494 495 1594 537; x_wconf 80' lang='lat' dir='ltr'>infra,</span> 
     </span>
     <span class='ocr_line' id='line_1_58' title="bbox 890 546 1594 587; baseline 0.001 -11"><span class='ocrx_word' id='word_1_321' title='bbox 890 549 968 586; x_wconf 79' lang='lat' dir='ltr'>quod</span> <span class='ocrx_word' id='word_1_322' title='bbox 997 558 1048 578; x_wconf 72' lang='lat' dir='ltr'>eos</span> <span class='ocrx_word' id='word_1_323' title='bbox 1072 547 1214 587; x_wconf 75' lang='lat' dir='ltr'>partibus</span> <span class='ocrx_word' id='word_1_324' title='bbox 1238 547 1371 578; x_wconf 71' lang='lat' dir='ltr'>Caesaris</span> <span class='ocrx_word' id='word_1_325' title='bbox 1390 546 1520 586; x_wconf 72' lang='lat' dir='ltr'>facisse,</span> <span class='ocrx_word' id='word_1_326' title='bbox 1541 548 1594 586; x_wconf 57' lang='lat' dir='ltr'>&amp;a</span> 
     </span>
     <span class='ocr_line' id='line_1_59' title="bbox 893 597 1595 639; baseline 0.001 -13"><span class='ocrx_word' id='word_1_327' title='bbox 893 599 1003 628; x_wconf 70' lang='lat' dir='ltr'>(lm-k.</span> <span class='ocrx_word' id='word_1_328' title='bbox 1051 600 1124 629; x_wconf 91' lang='lat' dir='ltr'>Nec</span> <span class='ocrx_word' id='word_1_329' title='bbox 1142 608 1240 629; x_wconf 78' lang='lat' dir='ltr'>secus</span> <span class='ocrx_word' id='word_1_330' title='bbox 1256 598 1395 639; x_wconf 80' lang='lat' dir='ltr'>margini</span> <span class='ocrx_word' id='word_1_331' title='bbox 1410 597 1595 638; x_wconf 65' lang='lat' dir='ltr'>adscripsit</span> 
     </span>
     <span class='ocr_line' id='line_1_60' title="bbox 892 648 1594 688; baseline 0.004 -11"><span class='ocrx_word' id='word_1_332' title='bbox 892 648 1038 688; x_wconf 80' lang='lat' dir='ltr'>Lipsius.</span> <span class='ocrx_word' id='word_1_333' title='bbox 1100 649 1272 680; x_wconf 70' lang='lat' dir='ltr'>Mor-dicus</span> <span class='ocrx_word' id='word_1_334' title='bbox 1311 650 1480 687; x_wconf 71' lang='lat' dir='ltr'>vulgatam</span> <span class='ocrx_word' id='word_1_335' title='bbox 1509 649 1594 680; x_wconf 84' lang='lat' dir='ltr'>licet</span> 
     </span>
     <span class='ocr_line' id='line_1_61' title="bbox 891 700 1482 732; baseline 0.002 -3"><span class='ocrx_word' id='word_1_336' title='bbox 891 700 1012 730; x_wconf 87' lang='lat' dir='ltr'>malam</span> <span class='ocrx_word' id='word_1_337' title='bbox 1030 700 1209 731; x_wconf 79' lang='lat' dir='ltr'>lectionem</span> <span class='ocrx_word' id='word_1_338' title='bbox 1234 701 1383 732; x_wconf 69' lang='lat' dir='ltr'>retinent</span> <span class='ocrx_word' id='word_1_339' title='bbox 1400 701 1482 731; x_wconf 82' lang='lat' dir='ltr'>Mss.</span> 
     </span>
    </p>

    <p class='ocr_par' dir='ltr' id='par_1_9' title="bbox 889 749 1598 1083">
     <span class='ocr_line' id='line_1_62' title="bbox 936 749 1595 790; baseline 0.003 -11"><span class='ocrx_word' id='word_1_340' title='bbox 936 752 976 779; x_wconf 82' lang='lat'>12</span> <span class='ocrx_word' id='word_1_341' title='bbox 998 749 1082 780; x_wconf 76' lang='lat' dir='ltr'>Ante</span> <span class='ocrx_word' id='word_1_342' title='bbox 1095 753 1217 790; x_wconf 73' lang='lat' dir='ltr'>portam</span> <span class='ocrx_word' id='word_1_343' title='bbox 1234 751 1387 781; x_wconf 79' lang='lat' dir='ltr'>Bellicam</span> <span class='ocrx_word' id='word_1_344' title='bbox 1403 750 1515 781; x_wconf 64' lang='lat' dir='ltr'>castris</span> <span class='ocrx_word' id='word_1_345' title='bbox 1525 749 1595 787; x_wconf 70' lang='lat' dir='ltr'>sos-</span> 
     </span>
     <span class='ocr_line' id='line_1_63' title="bbox 889 799 1594 841; baseline 0.004 -13"><span class='ocrx_word' id='word_1_346' title='bbox 889 799 997 839; x_wconf 82' lang='lat' dir='ltr'>saque]</span> <span class='ocrx_word' id='word_1_347' title='bbox 1043 801 1095 830; x_wconf 82' lang='lat' dir='ltr'>Ex</span> <span class='ocrx_word' id='word_1_348' title='bbox 1123 801 1214 831; x_wconf 80' lang='lat' dir='ltr'>Msto</span> <span class='ocrx_word' id='word_1_349' title='bbox 1246 802 1322 841; x_wconf 86' lang='lat' dir='ltr'>Cuj.</span> <span class='ocrx_word' id='word_1_350' title='bbox 1353 801 1491 839; x_wconf 67' lang='lat' dir='ltr'>legerim</span> <span class='ocrx_word' id='word_1_351' title='bbox 1522 803 1594 831; x_wconf 82' lang='lat' dir='ltr'>ante</span> 
     </span>
     <span class='ocr_line' id='line_1_64' title="bbox 889 850 1591 890; baseline 0.001 -11"><span class='ocrx_word' id='word_1_352' title='bbox 889 853 1011 889; x_wconf 82' lang='lat' dir='ltr'>portam</span> <span class='ocrx_word' id='word_1_353' title='bbox 1028 850 1180 881; x_wconf 80' lang='lat' dir='ltr'>Bellicam</span> <span class='ocrx_word' id='word_1_354' title='bbox 1188 850 1277 888; x_wconf 78' lang='lat' dir='ltr'>fossa</span> <span class='ocrx_word' id='word_1_355' title='bbox 1289 852 1420 890; x_wconf 69' lang='lat' dir='ltr'>parvula</span> <span class='ocrx_word' id='word_1_356' title='bbox 1437 852 1591 880; x_wconf 76' lang='lat' dir='ltr'>duntaxat</span> 
     </span>
     <span class='ocr_line' id='line_1_65' title="bbox 889 901 1595 941; baseline 0 -11"><span class='ocrx_word' id='word_1_357' title='bbox 889 901 1056 940; x_wconf 75' lang='lat' dir='ltr'>nutnierat,</span> <span class='ocrx_word' id='word_1_358' title='bbox 1082 901 1212 932; x_wconf 67' lang='lat' dir='ltr'>omis&lt;is</span> <span class='ocrx_word' id='word_1_359' title='bbox 1242 901 1369 932; x_wconf 85' lang='lat' dir='ltr'>voculis</span> <span class='ocrx_word' id='word_1_360' title='bbox 1393 909 1595 941; x_wconf 77' lang='lat' dir='ltr'>supervaca-</span> 
     </span>
     <span class='ocr_line' id='line_1_66' title="bbox 891 951 1594 983; baseline 0.001 -3"><span class='ocrx_word' id='word_1_361' title='bbox 891 951 972 981; x_wconf 82' lang='lat' dir='ltr'>neis.</span> <span class='ocrx_word' id='word_1_362' title='bbox 998 952 1110 982; x_wconf 66' lang='lat' dir='ltr'>Dacis.</span> <span class='ocrx_word' id='word_1_363' title='bbox 1136 962 1206 983; x_wconf 80' lang='lat' dir='ltr'>cur.</span> <span class='ocrx_word' id='word_1_364' title='bbox 1237 961 1304 983; x_wconf 84' lang='lat' dir='ltr'>sec.</span> <span class='ocrx_word' id='word_1_365' title='bbox 1362 951 1488 981; x_wconf 77' lang='lat' dir='ltr'>Verum</span> <span class='ocrx_word' id='word_1_366' title='bbox 1514 959 1594 981; x_wconf 87' lang='lat' dir='ltr'>mox</span> 
     </span>
     <span class='ocr_line' id='line_1_67' title="bbox 891 1000 1598 1042; baseline 0.001 -12"><span class='ocrx_word' id='word_1_367' title='bbox 891 1000 978 1031; x_wconf 91' lang='lat' dir='ltr'>hunc</span> <span class='ocrx_word' id='word_1_368' title='bbox 996 1002 1119 1041; x_wconf 86' lang='lat' dir='ltr'>locum,</span> <span class='ocrx_word' id='word_1_369' title='bbox 1143 1002 1199 1033; x_wconf 90' lang='lat' dir='ltr'>ubi</span> <span class='ocrx_word' id='word_1_370' title='bbox 1228 1003 1323 1042; x_wconf 80' lang='lat' dir='ltr'>plebs</span> <span class='ocrx_word' id='word_1_371' title='bbox 1351 1002 1481 1032; x_wconf 86' lang='lat' dir='ltr'>inclusa</span> <span class='ocrx_word' id='word_1_372' title='bbox 1507 1005 1598 1040; x_wconf 75' lang='lat' dir='ltr'>erat,</span> 
     </span>
     <span class='ocr_line' id='line_1_68' title="bbox 890 1054 1258 1083; baseline 0.005 -3"><span class='ocrx_word' id='word_1_373' title='bbox 890 1054 991 1080; x_wconf 75' lang='lat' dir='ltr'>castra</span> <span class='ocrx_word' id='word_1_374' title='bbox 1017 1061 1129 1082; x_wconf 82' lang='lat' dir='ltr'>rursus</span> <span class='ocrx_word' id='word_1_375' title='bbox 1145 1056 1258 1083; x_wconf 83' lang='lat' dir='ltr'>vocat.</span> 
     </span>
    </p>

    <p class='ocr_par' dir='ltr' id='par_1_10' title="bbox 887 1102 1599 2299">
     <span class='ocr_line' id='line_1_69' title="bbox 933 1102 1594 1144; baseline 0.002 -12"><span class='ocrx_word' id='word_1_376' title='bbox 933 1106 974 1133; x_wconf 86' lang='grc'>20</span> <span class='ocrx_word' id='word_1_377' title='bbox 997 1104 1110 1134; x_wconf 73' lang='lat' dir='ltr'>Castra</span> <span class='ocrx_word' id='word_1_378' title='bbox 1136 1114 1193 1133; x_wconf 86' lang='lat' dir='ltr'>non</span> <span class='ocrx_word' id='word_1_379' title='bbox 1218 1106 1380 1144; x_wconf 78' lang='lat' dir='ltr'>potuerant</span> <span class='ocrx_word' id='word_1_380' title='bbox 1408 1103 1520 1143; x_wconf 77' lang='lat' dir='ltr'>potiri]</span> <span class='ocrx_word' id='word_1_381' title='bbox 1551 1102 1594 1133; x_wconf 88' lang='lat' dir='ltr'>In</span> 
     </span>
     <span class='ocr_line' id='line_1_70' title="bbox 892 1152 1597 1184; baseline 0.003 -3"><span class='ocrx_word' id='word_1_382' title='bbox 892 1152 957 1182; x_wconf 78' lang='lat' dir='ltr'>Ms.</span> <span class='ocrx_word' id='word_1_383' title='bbox 975 1152 1081 1182; x_wconf 80' lang='lat' dir='ltr'>Norv.</span> <span class='ocrx_word' id='word_1_384' title='bbox 1110 1158 1146 1183; x_wconf 89' lang='lat' dir='ltr'>et</span> <span class='ocrx_word' id='word_1_385' title='bbox 1175 1154 1248 1183; x_wconf 75' lang='lat' dir='ltr'>aliis</span> <span class='ocrx_word' id='word_1_386' title='bbox 1274 1154 1441 1183; x_wconf 82' lang='lat' dir='ltr'>nonnullis</span> <span class='ocrx_word' id='word_1_387' title='bbox 1463 1158 1516 1184; x_wconf 85' lang='lat' dir='ltr'>est</span> <span class='ocrx_word' id='word_1_388' title='bbox 1532 1162 1597 1183; x_wconf 82' lang='lat' dir='ltr'>cus·</span> 
     </span>
     <span class='ocr_line' id='line_1_71' title="bbox 890 1201 1594 1235; baseline 0.006 -5"><span class='ocrx_word' id='word_1_389' title='bbox 890 1201 970 1235; x_wconf 76' lang='lat' dir='ltr'>tris;</span> <span class='ocrx_word' id='word_1_390' title='bbox 993 1202 1094 1232; x_wconf 79' lang='lat' dir='ltr'>editt.</span> <span class='ocrx_word' id='word_1_391' title='bbox 1113 1207 1228 1232; x_wconf 80' lang='lat' dir='ltr'>autem</span> <span class='ocrx_word' id='word_1_392' title='bbox 1256 1204 1353 1233; x_wconf 73' lang='lat' dir='ltr'>Rom.</span> <span class='ocrx_word' id='word_1_393' title='bbox 1379 1205 1505 1234; x_wconf 82' lang='lat' dir='ltr'>Venet.</span> <span class='ocrx_word' id='word_1_394' title='bbox 1529 1204 1594 1234; x_wconf 88' lang='lat' dir='ltr'>Be-</span> 
     </span>
     <span class='ocr_line' id='line_1_72' title="bbox 891 1251 1596 1293; baseline 0.006 -13"><span class='ocrx_word' id='word_1_395' title='bbox 891 1251 997 1282; x_wconf 84' lang='lat' dir='ltr'>roald.</span> <span class='ocrx_word' id='word_1_396' title='bbox 1016 1251 1141 1282; x_wconf 74' lang='lat' dir='ltr'>habent</span> <span class='ocrx_word' id='word_1_397' title='bbox 1157 1255 1257 1282; x_wconf 80' lang='lat' dir='ltr'>castra</span> <span class='ocrx_word' id='word_1_398' title='bbox 1277 1263 1335 1282; x_wconf 82' lang='lat' dir='ltr'>uon</span> <span class='ocrx_word' id='word_1_399' title='bbox 1358 1257 1524 1293; x_wconf 78' lang='lat' dir='ltr'>potuerant</span> <span class='ocrx_word' id='word_1_400' title='bbox 1546 1263 1596 1284; x_wconf 84' lang='lat' dir='ltr'>ca·</span> 
     </span>
     <span class='ocr_line' id='line_1_73' title="bbox 887 1301 1594 1340; baseline 0.007 -10"><span class='ocrx_word' id='word_1_401' title='bbox 887 1310 981 1340; x_wconf 83' lang='lat' dir='ltr'>pere;</span> <span class='ocrx_word' id='word_1_402' title='bbox 1005 1301 1063 1332; x_wconf 88' lang='lat' dir='ltr'>sed</span> <span class='ocrx_word' id='word_1_403' title='bbox 1080 1302 1186 1333; x_wconf 89' lang='lat' dir='ltr'>omnis</span> <span class='ocrx_word' id='word_1_404' title='bbox 1209 1303 1282 1333; x_wconf 79' lang='lat' dir='ltr'>haec</span> <span class='ocrx_word' id='word_1_405' title='bbox 1308 1303 1457 1334; x_wconf 73' lang='lat' dir='ltr'>varietas</span> <span class='ocrx_word' id='word_1_406' title='bbox 1485 1313 1528 1334; x_wconf 83' lang='lat' dir='ltr'>ex</span> <span class='ocrx_word' id='word_1_407' title='bbox 1554 1314 1594 1336; x_wconf 90' lang='lat' dir='ltr'>eo</span> 
     </span>
     <span class='ocr_line' id='line_1_74' title="bbox 891 1353 1595 1393; baseline 0.006 -12"><span class='ocrx_word' id='word_1_408' title='bbox 891 1356 943 1382; x_wconf 72' lang='lat' dir='ltr'>ost</span> <span class='ocrx_word' id='word_1_409' title='bbox 970 1357 1056 1391; x_wconf 84' lang='lat' dir='ltr'>orta,</span> <span class='ocrx_word' id='word_1_410' title='bbox 1087 1353 1176 1393; x_wconf 91' lang='lat' dir='ltr'>quod</span> <span class='ocrx_word' id='word_1_411' title='bbox 1205 1353 1350 1384; x_wconf 80' lang='lat' dir='ltr'>Librarii</span> <span class='ocrx_word' id='word_1_412' title='bbox 1379 1358 1415 1384; x_wconf 86' lang='lat' dir='ltr'>et</span> <span class='ocrx_word' id='word_1_413' title='bbox 1445 1353 1595 1385; x_wconf 82' lang='lat' dir='ltr'>editores</span> 
     </span>
     <span class='ocr_line' id='line_1_75' title="bbox 890 1403 1597 1436; baseline 0.006 -4"><span class='ocrx_word' id='word_1_414' title='bbox 890 1403 1044 1433; x_wconf 79' lang='lat' dir='ltr'>nonnulli</span> <span class='ocrx_word' id='word_1_415' title='bbox 1061 1403 1137 1434; x_wconf 89' lang='lat' dir='ltr'>huie</span> <span class='ocrx_word' id='word_1_416' title='bbox 1155 1404 1259 1434; x_wconf 86' lang='lat' dir='ltr'>verbo</span> <span class='ocrx_word' id='word_1_417' title='bbox 1284 1404 1517 1435; x_wconf 84' lang='lat' dir='ltr'>accusativum</span> <span class='ocrx_word' id='word_1_418' title='bbox 1545 1414 1597 1436; x_wconf 88' lang='lat' dir='ltr'>ca·</span> 
     </span>
     <span class='ocr_line' id='line_1_76' title="bbox 890 1452 1597 1496; baseline 0.006 -14"><span class='ocrx_word' id='word_1_419' title='bbox 890 1462 962 1482; x_wconf 88' lang='lat' dir='ltr'>sum</span> <span class='ocrx_word' id='word_1_420' title='bbox 980 1452 1118 1493; x_wconf 80' lang='lat' dir='ltr'>adjungi</span> <span class='ocrx_word' id='word_1_421' title='bbox 1131 1463 1230 1494; x_wconf 78' lang='lat' dir='ltr'>posse</span> <span class='ocrx_word' id='word_1_422' title='bbox 1243 1455 1450 1485; x_wconf 82' lang='lat' dir='ltr'>nescierunt.</span> <span class='ocrx_word' id='word_1_423' title='bbox 1483 1455 1597 1496; x_wconf 84' lang='lat' dir='ltr'>Scrip-</span> 
     </span>
     <span class='ocr_line' id='line_1_77' title="bbox 892 1503 1596 1546; baseline 0.004 -13"><span class='ocrx_word' id='word_1_424' title='bbox 892 1506 944 1533; x_wconf 86' lang='lat' dir='ltr'>tor</span> <span class='ocrx_word' id='word_1_425' title='bbox 957 1503 999 1533; x_wconf 87' lang='lat' dir='ltr'>de</span> <span class='ocrx_word' id='word_1_426' title='bbox 1018 1504 1057 1534; x_wconf 90' lang='lat' dir='ltr'>B.</span> <span class='ocrx_word' id='word_1_427' title='bbox 1074 1503 1176 1544; x_wconf 85' lang='lat' dir='ltr'>Hisp.</span> <span class='ocrx_word' id='word_1_428' title='bbox 1190 1514 1219 1536; x_wconf 85' lang='lat' dir='ltr'>c.</span> <span class='ocrx_word' id='word_1_429' title='bbox 1238 1508 1287 1536; x_wconf 84' lang='lat'>13.</span> <span class='ocrx_word' id='word_1_430' title='bbox 1310 1506 1318 1520; x_wconf 86' lang='lat'>‘</span> <span class='ocrx_word' id='word_1_431' title='bbox 1335 1505 1511 1546; x_wconf 88' lang='lat' dir='ltr'>Oppidum</span> <span class='ocrx_word' id='word_1_432' title='bbox 1538 1515 1596 1546; x_wconf 82' lang='lat' dir='ltr'>po—</span> 
     </span>
     <span class='ocr_line' id='line_1_78' title="bbox 893 1553 1596 1595; baseline 0.006 -12"><span class='ocrx_word' id='word_1_433' title='bbox 893 1553 946 1584; x_wconf 79' lang='lat' dir='ltr'>tiri</span> <span class='ocrx_word' id='word_1_434' title='bbox 964 1563 1062 1594; x_wconf 86' lang='lat' dir='ltr'>posse</span> <span class='ocrx_word' id='word_1_435' title='bbox 1078 1565 1114 1585; x_wconf 75' lang='lat' dir='ltr'>se</span> <span class='ocrx_word' id='word_1_436' title='bbox 1140 1556 1344 1595; x_wconf 82' lang='lat' dir='ltr'>sperarent‚&#39;</span> <span class='ocrx_word' id='word_1_437' title='bbox 1367 1557 1424 1587; x_wconf 83' lang='lat' dir='ltr'>ubi</span> <span class='ocrx_word' id='word_1_438' title='bbox 1453 1557 1495 1587; x_wconf 89' lang='lat' dir='ltr'>ob</span> <span class='ocrx_word' id='word_1_439' title='bbox 1519 1567 1596 1587; x_wconf 82' lang='lat' dir='ltr'>ean-</span> 
     </span>
     <span class='ocr_line' id='line_1_79' title="bbox 892 1604 1597 1638; baseline 0.004 -3"><span class='ocrx_word' id='word_1_440' title='bbox 892 1604 968 1635; x_wconf 86' lang='lat' dir='ltr'>dem</span> <span class='ocrx_word' id='word_1_441' title='bbox 986 1615 1122 1636; x_wconf 87' lang='lat' dir='ltr'>causam</span> <span class='ocrx_word' id='word_1_442' title='bbox 1140 1606 1291 1636; x_wconf 88' lang='lat' dir='ltr'>nonnulli</span> <span class='ocrx_word' id='word_1_443' title='bbox 1309 1606 1418 1637; x_wconf 87' lang='lat' dir='ltr'>Codd.</span> <span class='ocrx_word' id='word_1_444' title='bbox 1436 1607 1597 1638; x_wconf 79' lang='lat' dir='ltr'>exhibent</span> 
     </span>
     <span class='ocr_line' id='line_1_80' title="bbox 892 1656 1595 1695; baseline 0.007 -11"><span class='ocrx_word' id='word_1_445' title='bbox 892 1656 1001 1695; x_wconf 78' lang='lat' dir='ltr'>oppido</span> <span class='ocrx_word' id='word_1_446' title='bbox 1029 1656 1140 1695; x_wconf 74' lang='lat' dir='ltr'>potiri.</span> <span class='ocrx_word' id='word_1_447' title='bbox 1188 1656 1308 1687; x_wconf 83' lang='lat' dir='ltr'>Cicero</span> <span class='ocrx_word' id='word_1_448' title='bbox 1334 1658 1435 1688; x_wconf 84' lang='lat' dir='ltr'>Tusc.</span> <span class='ocrx_word' id='word_1_449' title='bbox 1464 1657 1595 1689; x_wconf 71' lang='lat' dir='ltr'>Quaest.</span> 
     </span>
     <span class='ocr_line' id='line_1_81' title="bbox 893 1706 1596 1747; baseline 0.004 -12"><span class='ocrx_word' id='word_1_450' title='bbox 893 1713 917 1734; x_wconf 94' lang='lat'>1.</span> <span class='ocrx_word' id='word_1_451' title='bbox 935 1707 987 1735; x_wconf 79' lang='lat'>37.</span> <span class='ocrx_word' id='word_1_452' title='bbox 1011 1706 1020 1721; x_wconf 89' lang='lat'>‘</span> <span class='ocrx_word' id='word_1_453' title='bbox 1038 1706 1187 1736; x_wconf 82' lang='lat' dir='ltr'>Gentem</span> <span class='ocrx_word' id='word_1_454' title='bbox 1214 1706 1361 1747; x_wconf 83' lang='lat' dir='ltr'>aliquam</span> <span class='ocrx_word' id='word_1_455' title='bbox 1386 1707 1505 1738; x_wconf 86' lang='lat' dir='ltr'>urbem</span> <span class='ocrx_word' id='word_1_456' title='bbox 1521 1717 1596 1738; x_wconf 77' lang='lat' dir='ltr'>nos-</span> 
     </span>
     <span class='ocr_line' id='line_1_82' title="bbox 894 1755 1596 1799; baseline 0.007 -15"><span class='ocrx_word' id='word_1_457' title='bbox 894 1759 982 1785; x_wconf 81' lang='lat' dir='ltr'>tram</span> <span class='ocrx_word' id='word_1_458' title='bbox 1013 1755 1220 1794; x_wconf 63' lang='lat' dir='ltr'>potituram!</span> <span class='ocrx_word' id='word_1_459' title='bbox 1266 1756 1354 1786; x_wconf 82' lang='lat' dir='ltr'>Vide</span> <span class='ocrx_word' id='word_1_460' title='bbox 1384 1757 1488 1788; x_wconf 75' lang='lat' dir='ltr'>etiam</span> <span class='ocrx_word' id='word_1_461' title='bbox 1520 1766 1596 1799; x_wconf 81' lang='lat' dir='ltr'>quae</span> 
     </span>
     <span class='ocr_line' id='line_1_83' title="bbox 892 1805 1598 1845; baseline 0.006 -10"><span class='ocrx_word' id='word_1_462' title='bbox 892 1805 1084 1835; x_wconf 85' lang='lat' dir='ltr'>notavimus</span> <span class='ocrx_word' id='word_1_463' title='bbox 1098 1805 1140 1835; x_wconf 86' lang='lat' dir='ltr'>ad</span> <span class='ocrx_word' id='word_1_464' title='bbox 1156 1805 1293 1845; x_wconf 86' lang='lat' dir='ltr'>hujusce</span> <span class='ocrx_word' id='word_1_465' title='bbox 1318 1806 1397 1836; x_wconf 87' lang='lat' dir='ltr'>libri</span> <span class='ocrx_word' id='word_1_466' title='bbox 1424 1816 1454 1838; x_wconf 82' lang='lat' dir='ltr'>e.</span> <span class='ocrx_word' id='word_1_467' title='bbox 1483 1810 1536 1839; x_wconf 83' lang='lat'>36.</span> <span class='ocrx_word' id='word_1_468' title='bbox 1561 1812 1598 1839; x_wconf 86' lang='lat' dir='ltr'>et</span> 
     </span>
     <span class='ocr_line' id='line_1_84' title="bbox 894 1855 1596 1889; baseline 0.006 -4"><span class='ocrx_word' id='word_1_469' title='bbox 894 1855 938 1886; x_wconf 83' lang='lat' dir='ltr'>G.</span> <span class='ocrx_word' id='word_1_470' title='bbox 974 1855 1007 1886; x_wconf 86' lang='lat' dir='ltr'>J.</span> <span class='ocrx_word' id='word_1_471' title='bbox 1043 1855 1201 1886; x_wconf 74' lang='lat' dir='ltr'>Vossium</span> <span class='ocrx_word' id='word_1_472' title='bbox 1233 1856 1274 1887; x_wconf 89' lang='lat' dir='ltr'>de</span> <span class='ocrx_word' id='word_1_473' title='bbox 1305 1857 1440 1889; x_wconf 82' lang='lat' dir='ltr'>Constr.</span> <span class='ocrx_word' id='word_1_474' title='bbox 1475 1867 1505 1889; x_wconf 92' lang='lat' dir='ltr'>c.</span> <span class='ocrx_word' id='word_1_475' title='bbox 1542 1860 1596 1889; x_wconf 84' lang='lat'>22.</span> 
     </span>
     <span class='ocr_line' id='line_1_85' title="bbox 893 1905 1598 1940; baseline 0.006 -4"><span class='ocrx_word' id='word_1_476' title='bbox 893 1905 1006 1936; x_wconf 79' lang='lat' dir='ltr'>Dav-is.</span> <span class='ocrx_word' id='word_1_477' title='bbox 1053 1905 1175 1935; x_wconf 78' lang='lat' dir='ltr'>Castris</span> <span class='ocrx_word' id='word_1_478' title='bbox 1197 1905 1327 1937; x_wconf 86' lang='lat' dir='ltr'>habent</span> <span class='ocrx_word' id='word_1_479' title='bbox 1353 1907 1455 1938; x_wconf 88' lang='lat' dir='ltr'>etiam</span> <span class='ocrx_word' id='word_1_480' title='bbox 1483 1911 1501 1939; x_wconf 82' lang='lat'><strong>3</strong></span> <span class='ocrx_word' id='word_1_481' title='bbox 1531 1908 1598 1940; x_wconf 90' lang='lat' dir='ltr'>Go-</span> 
     </span>
     <span class='ocr_line' id='line_1_86' title="bbox 894 1954 1596 1989; baseline 0.006 -4"><span class='ocrx_word' id='word_1_482' title='bbox 894 1954 989 1985; x_wconf 88' lang='lat' dir='ltr'>duini</span> <span class='ocrx_word' id='word_1_483' title='bbox 1006 1955 1090 1986; x_wconf 83' lang='lat' dir='ltr'>Mss.</span> <span class='ocrx_word' id='word_1_484' title='bbox 1109 1955 1229 1987; x_wconf 85' lang='lat' dir='ltr'>Petav.</span> <span class='ocrx_word' id='word_1_485' title='bbox 1246 1956 1343 1987; x_wconf 85' lang='lat' dir='ltr'>Leid.</span> <span class='ocrx_word' id='word_1_486' title='bbox 1369 1966 1436 1988; x_wconf 69' lang='lat' dir='ltr'>sec.</span> <span class='ocrx_word' id='word_1_487' title='bbox 1454 1962 1491 1988; x_wconf 90' lang='lat' dir='ltr'>et</span> <span class='ocrx_word' id='word_1_488' title='bbox 1508 1958 1596 1989; x_wconf 89' lang='lat' dir='ltr'>Edd.</span> 
     </span>
     <span class='ocr_line' id='line_1_87' title="bbox 894 2005 1599 2048; baseline 0.004 -12"><span class='ocrx_word' id='word_1_489' title='bbox 894 2006 1034 2036; x_wconf 78' lang='lat' dir='ltr'>Vascos.</span> <span class='ocrx_word' id='word_1_490' title='bbox 1048 2005 1179 2046; x_wconf 80' lang='lat' dir='ltr'>Gryph.</span> <span class='ocrx_word' id='word_1_491' title='bbox 1195 2005 1316 2047; x_wconf 89' lang='lat' dir='ltr'>Steph.</span> <span class='ocrx_word' id='word_1_492' title='bbox 1330 2007 1599 2048; x_wconf 79' lang='lat' dir='ltr'>aliaeque‚castra</span> 
     </span>
     <span class='ocr_line' id='line_1_88' title="bbox 891 2058 1597 2097; baseline 0.006 -10"><span class='ocrx_word' id='word_1_493' title='bbox 891 2066 1001 2097; x_wconf 79' lang='lat' dir='ltr'>capere</span> <span class='ocrx_word' id='word_1_494' title='bbox 1015 2067 1101 2088; x_wconf 93' lang='lat' dir='ltr'>unus</span> <span class='ocrx_word' id='word_1_495' title='bbox 1118 2058 1267 2090; x_wconf 85' lang='lat' dir='ltr'>Goduiu.</span> <span class='ocrx_word' id='word_1_496' title='bbox 1285 2059 1430 2090; x_wconf 85' lang='lat' dir='ltr'>Dorvill.</span> <span class='ocrx_word' id='word_1_497' title='bbox 1456 2064 1492 2091; x_wconf 89' lang='lat' dir='ltr'>et</span> <span class='ocrx_word' id='word_1_498' title='bbox 1510 2059 1597 2091; x_wconf 89' lang='lat' dir='ltr'>Edd.</span> 
     </span>
     <span class='ocr_line' id='line_1_89' title="bbox 893 2108 1598 2150; baseline 0.004 -12"><span class='ocrx_word' id='word_1_499' title='bbox 893 2109 1025 2149; x_wconf 76' lang='lat' dir='ltr'>primae.</span> <span class='ocrx_word' id='word_1_500' title='bbox 1071 2108 1138 2140; x_wconf 87' lang='lat' dir='ltr'>Sed</span> <span class='ocrx_word' id='word_1_501' title='bbox 1155 2110 1286 2149; x_wconf 87' lang='lat' dir='ltr'>optime</span> <span class='ocrx_word' id='word_1_502' title='bbox 1301 2113 1403 2141; x_wconf 82' lang='lat' dir='ltr'>castra</span> <span class='ocrx_word' id='word_1_503' title='bbox 1416 2110 1514 2150; x_wconf 68' lang='lat' dir='ltr'>potiri</span> <span class='ocrx_word' id='word_1_504' title='bbox 1530 2120 1598 2141; x_wconf 89' lang='lat' dir='ltr'>ser-</span> 
     </span>
     <span class='ocr_line' id='line_1_90' title="bbox 892 2160 1597 2201; baseline 0.003 -12"><span class='ocrx_word' id='word_1_505' title='bbox 892 2164 976 2191; x_wconf 82' lang='lat' dir='ltr'>vant</span> <span class='ocrx_word' id='word_1_506' title='bbox 1002 2160 1126 2200; x_wconf 86' lang='lat' dir='ltr'>Scalig.</span> <span class='ocrx_word' id='word_1_507' title='bbox 1153 2160 1273 2200; x_wconf 85' lang='lat' dir='ltr'>Cujac.</span> <span class='ocrx_word' id='word_1_508' title='bbox 1302 2161 1399 2192; x_wconf 84' lang='lat' dir='ltr'>Leid.</span> <span class='ocrx_word' id='word_1_509' title='bbox 1429 2171 1480 2201; x_wconf 85' lang='lat' dir='ltr'>pr.</span> <span class='ocrx_word' id='word_1_510' title='bbox 1508 2161 1597 2192; x_wconf 78' lang='lat' dir='ltr'>Vide</span> 
     </span>
     <span class='ocr_line' id='line_1_91' title="bbox 893 2210 1597 2250; baseline 0.004 -10"><span class='ocrx_word' id='word_1_511' title='bbox 893 2210 992 2250; x_wconf 83' lang='lat' dir='ltr'>plura</span> <span class='ocrx_word' id='word_1_512' title='bbox 1006 2211 1049 2241; x_wconf 85' lang='lat' dir='ltr'>ad</span> <span class='ocrx_word' id='word_1_513' title='bbox 1067 2211 1127 2242; x_wconf 89' lang='lat' dir='ltr'>cit.</span> <span class='ocrx_word' id='word_1_514' title='bbox 1143 2221 1174 2243; x_wconf 88' lang='lat' dir='ltr'>c.</span> <span class='ocrx_word' id='word_1_515' title='bbox 1192 2214 1245 2242; x_wconf 84' lang='lat'>36.</span> <span class='ocrx_word' id='word_1_516' title='bbox 1263 2214 1316 2243; x_wconf 75' lang='lat'>89.</span> <span class='ocrx_word' id='word_1_517' title='bbox 1334 2213 1342 2229; x_wconf 89' lang='lat'>‘</span> <span class='ocrx_word' id='word_1_518' title='bbox 1358 2212 1399 2243; x_wconf 95' lang='lat' dir='ltr'>Id</span> <span class='ocrx_word' id='word_1_519' title='bbox 1412 2212 1597 2244; x_wconf 80' lang='lat' dir='ltr'>adveniens</span> 
     </span>
     <span class='ocr_line' id='line_1_92' title="bbox 893 2259 1047 2299; baseline 0.006 -10"><span class='ocrx_word' id='word_1_520' title='bbox 893 2259 1047 2299; x_wconf 58' lang='lat' dir='ltr'>potitur?</span> 
     </span>
    </p>

    <p class='ocr_par' dir='ltr' id='par_1_11' title="bbox 895 2309 1600 2748">
     <span class='ocr_line' id='line_1_93' title="bbox 937 2309 1596 2349; baseline 0.008 -10"><span class='ocrx_word' id='word_1_521' title='bbox 937 2312 977 2339; x_wconf 81' lang='lat'>25</span> <span class='ocrx_word' id='word_1_522' title='bbox 1002 2309 1066 2340; x_wconf 89' lang='lat' dir='ltr'>HS</span> <span class='ocrx_word' id='word_1_523' title='bbox 1086 2309 1122 2349; x_wconf 92' lang='lat' dir='ltr'>c]</span> <span class='ocrx_word' id='word_1_524' title='bbox 1152 2310 1195 2341; x_wconf 91' lang='lat' dir='ltr'>In</span> <span class='ocrx_word' id='word_1_525' title='bbox 1216 2311 1301 2341; x_wconf 86' lang='lat' dir='ltr'>Mss.</span> <span class='ocrx_word' id='word_1_526' title='bbox 1331 2315 1366 2342; x_wconf 89' lang='lat' dir='ltr'>et</span> <span class='ocrx_word' id='word_1_527' title='bbox 1392 2311 1482 2343; x_wconf 90' lang='lat' dir='ltr'>Edd.</span> <span class='ocrx_word' id='word_1_528' title='bbox 1499 2312 1596 2344; x_wconf 79' lang='lat' dir='ltr'>Vett.</span> 
     </span>
     <span class='ocr_line' id='line_1_94' title="bbox 895 2360 1597 2400; baseline 0.006 -11"><span class='ocrx_word' id='word_1_529' title='bbox 895 2368 963 2390; x_wconf 90' lang='lat' dir='ltr'>uon</span> <span class='ocrx_word' id='word_1_530' title='bbox 985 2364 1162 2400; x_wconf 85' lang='lat' dir='ltr'>comparet</span> <span class='ocrx_word' id='word_1_531' title='bbox 1178 2365 1260 2391; x_wconf 88' lang='lat' dir='ltr'>nota</span> <span class='ocrx_word' id='word_1_532' title='bbox 1285 2360 1357 2392; x_wconf 85' lang='lat' dir='ltr'>HS.</span> <span class='ocrx_word' id='word_1_533' title='bbox 1402 2361 1451 2393; x_wconf 85' lang='lat' dir='ltr'>At</span> <span class='ocrx_word' id='word_1_534' title='bbox 1475 2363 1597 2394; x_wconf 84' lang='lat' dir='ltr'>Petav.</span> 
     </span>
     <span class='ocr_line' id='line_1_95' title="bbox 897 2410 1600 2445; baseline 0.007 -5"><span class='ocrx_word' id='word_1_535' title='bbox 897 2410 978 2441; x_wconf 87' lang='lat' dir='ltr'>Cod.</span> <span class='ocrx_word' id='word_1_536' title='bbox 994 2410 1097 2441; x_wconf 85' lang='lat' dir='ltr'>habet</span> <span class='ocrx_word' id='word_1_537' title='bbox 1125 2420 1153 2441; x_wconf 88' lang='lat' dir='ltr'>c.</span> <span class='ocrx_word' id='word_1_538' title='bbox 1168 2412 1312 2442; x_wconf 80' lang='lat' dir='ltr'>sestertia</span> <span class='ocrx_word' id='word_1_539' title='bbox 1335 2412 1355 2443; x_wconf 90' lang='lat' dir='ltr'>i.</span> <span class='ocrx_word' id='word_1_540' title='bbox 1379 2422 1408 2443; x_wconf 88' lang='lat' dir='ltr'>e.</span> <span class='ocrx_word' id='word_1_541' title='bbox 1435 2416 1520 2444; x_wconf 77' lang='lat'><strong>2500</strong></span> <span class='ocrx_word' id='word_1_542' title='bbox 1547 2422 1600 2445; x_wconf 85' lang='lat' dir='ltr'>co-</span> 
     </span>
     <span class='ocr_line' id='line_1_96' title="bbox 896 2462 1598 2504; baseline 0.006 -13"><span class='ocrx_word' id='word_1_543' title='bbox 896 2466 1044 2502; x_wconf 65' lang='lat' dir='ltr'>mmum,</span> <span class='ocrx_word' id='word_1_544' title='bbox 1067 2467 1102 2493; x_wconf 85' lang='lat' dir='ltr'>et</span> <span class='ocrx_word' id='word_1_545' title='bbox 1128 2462 1155 2492; x_wconf 85' lang='lat' dir='ltr'>si</span> <span class='ocrx_word' id='word_1_546' title='bbox 1180 2463 1322 2494; x_wconf 78' lang='lat' dir='ltr'>totidem</span> <span class='ocrx_word' id='word_1_547' title='bbox 1345 2464 1439 2494; x_wconf 89' lang='lat' dir='ltr'>Sulla</span> <span class='ocrx_word' id='word_1_548' title='bbox 1455 2464 1598 2504; x_wconf 84' lang='lat' dir='ltr'>dederit,</span> 
     </span>
     <span class='ocr_line' id='line_1_97' title="bbox 896 2512 1597 2555; baseline 0.001 -12"><span class='ocrx_word' id='word_1_549' title='bbox 896 2512 1035 2544; x_wconf 89' lang='lat' dir='ltr'>nimium</span> <span class='ocrx_word' id='word_1_550' title='bbox 1061 2513 1139 2544; x_wconf 90' lang='lat' dir='ltr'>erit.</span> <span class='ocrx_word' id='word_1_551' title='bbox 1155 2513 1199 2544; x_wconf 89' lang='lat' dir='ltr'>V.</span> <span class='ocrx_word' id='word_1_552' title='bbox 1216 2513 1322 2546; x_wconf 88' lang='lat' dir='ltr'>Gron.</span> <span class='ocrx_word' id='word_1_553' title='bbox 1346 2514 1387 2545; x_wconf 89' lang='lat' dir='ltr'>de</span> <span class='ocrx_word' id='word_1_554' title='bbox 1411 2523 1486 2555; x_wconf 90' lang='lat' dir='ltr'>pec.</span> <span class='ocrx_word' id='word_1_555' title='bbox 1516 2515 1597 2545; x_wconf 71' lang='lat' dir='ltr'>Vet.</span> 
     </span>
     <span class='ocr_line' id='line_1_98' title="bbox 896 2564 1599 2605; baseline 0 -11"><span class='ocrx_word' id='word_1_556' title='bbox 896 2574 930 2605; x_wconf 85' lang='lat' dir='ltr'>p.</span> <span class='ocrx_word' id='word_1_557' title='bbox 962 2564 1036 2596; x_wconf 82' lang='lat'>159.</span> <span class='ocrx_word' id='word_1_558' title='bbox 1082 2565 1197 2598; x_wconf 76' lang='lat' dir='ltr'>Quare</span> <span class='ocrx_word' id='word_1_559' title='bbox 1219 2566 1377 2596; x_wconf 77' lang='lat' dir='ltr'>sestertios</span> <span class='ocrx_word' id='word_1_560' title='bbox 1405 2565 1426 2594; x_wconf 89' lang='lat' dir='ltr'>i.</span> <span class='ocrx_word' id='word_1_561' title='bbox 1454 2574 1483 2595; x_wconf 77' lang='lat' dir='ltr'>e.</span> <span class='ocrx_word' id='word_1_562' title='bbox 1516 2573 1599 2595; x_wconf 79' lang='lat' dir='ltr'>xxv.</span> 
     </span>
     <span class='ocr_line' id='line_1_99' title="bbox 896 2614 1600 2656; baseline 0.001 -11"><span class='ocrx_word' id='word_1_563' title='bbox 896 2615 1066 2656; x_wconf 83' lang='lat' dir='ltr'>denarios,</span> <span class='ocrx_word' id='word_1_564' title='bbox 1105 2620 1141 2647; x_wconf 76' lang='lat' dir='ltr'>et</span> <span class='ocrx_word' id='word_1_565' title='bbox 1182 2616 1325 2647; x_wconf 87' lang='lat' dir='ltr'>totidem</span> <span class='ocrx_word' id='word_1_566' title='bbox 1352 2615 1454 2645; x_wconf 84' lang='lat' dir='ltr'>Sullae</span> <span class='ocrx_word' id='word_1_567' title='bbox 1485 2614 1600 2646; x_wconf 85' lang='lat' dir='ltr'>malim</span> 
     </span>
     <span class='ocr_line' id='line_1_100' title="bbox 895 2664 1599 2706; baseline -0.003 -10"><span class='ocrx_word' id='word_1_568' title='bbox 895 2666 1057 2699; x_wconf 82' lang='lat' dir='ltr'>scribere.</span> <span class='ocrx_word' id='word_1_569' title='bbox 1102 2666 1181 2697; x_wconf 91' lang='lat' dir='ltr'>Non</span> <span class='ocrx_word' id='word_1_570' title='bbox 1195 2666 1286 2697; x_wconf 88' lang='lat' dir='ltr'>euim</span> <span class='ocrx_word' id='word_1_571' title='bbox 1297 2665 1428 2706; x_wconf 81' lang='lat' dir='ltr'>equites</span> <span class='ocrx_word' id='word_1_572' title='bbox 1442 2664 1599 2705; x_wconf 81' lang='lat' dir='ltr'>Romani,</span> 
     </span>
     <span class='ocr_line' id='line_1_101' title="bbox 898 2714 1600 2748; baseline -0.001 -1"><span class='ocrx_word' id='word_1_573' title='bbox 898 2717 957 2747; x_wconf 78' lang='lat' dir='ltr'>sed</span> <span class='ocrx_word' id='word_1_574' title='bbox 984 2717 1114 2748; x_wconf 80' lang='lat' dir='ltr'>Gaetuli</span> <span class='ocrx_word' id='word_1_575' title='bbox 1139 2717 1193 2747; x_wconf 90' lang='lat' dir='ltr'>vel</span> <span class='ocrx_word' id='word_1_576' title='bbox 1221 2715 1379 2746; x_wconf 81' lang='lat' dir='ltr'>Numidae</span> <span class='ocrx_word' id='word_1_577' title='bbox 1399 2714 1500 2746; x_wconf 83' lang='lat' dir='ltr'>aliive</span> <span class='ocrx_word' id='word_1_578' title='bbox 1524 2715 1600 2746; x_wconf 88' lang='lat' dir='ltr'>bar-</span> 
     </span>
    </p>
   </div>
   <div class='ocr_carea' id='block_1_5' title="bbox 896 2764 1600 2799">
    <p class='ocr_par' dir='ltr' id='par_1_12' title="bbox 896 2764 1600 2799">
     <span class='ocr_line' id='line_1_102' title="bbox 896 2764 1600 2799; baseline -0.001 -1"><span class='ocrx_word' id='word_1_579' title='bbox 896 2766 970 2799; x_wconf 70' lang='lat' dir='ltr'>bau-i</span> <span class='ocrx_word' id='word_1_580' title='bbox 998 2766 1101 2798; x_wconf 84' lang='lat' dir='ltr'>fuisse</span> <span class='ocrx_word' id='word_1_581' title='bbox 1130 2765 1299 2797; x_wconf 81' lang='lat' dir='ltr'>videntur.</span> <span class='ocrx_word' id='word_1_582' title='bbox 1360 2765 1416 2796; x_wconf 83' lang='lat' dir='ltr'>De</span> <span class='ocrx_word' id='word_1_583' title='bbox 1445 2764 1534 2797; x_wconf 90' lang='lat' dir='ltr'>dono</span> <span class='ocrx_word' id='word_1_584' title='bbox 1564 2765 1600 2797; x_wconf 83' lang='lat' dir='ltr'>in</span> 
     </span>
    </p>
   </div>
  </div>
 </body>
</html>
