1850 3109
410 232 515 261 cm.
547 219 617 259 38.
651 227 746 257 mu.
781 225 843 255 DE
878 226 1034 256 annuo
1068 226 1220 257 Anax.

102 325 230 357 Codice
258 323 414 361 admisit3
453 329 551 363 quam
578 329 694 351 veram
723 328 797 350 esse

99 376 225 407 docent
241 375 357 405 l’etav.
374 371 468 403 Leid.
486 381 536 411 pr.
553 370 679 410 Scalig.
700 370 797 400 Voss.

97 431 137 457 ut
161 431 196 457 et
212 426 319 464 Bong.
336 423 393 464 qui
407 423 521 454 subdit
534 427 663 454 constat.
710 423 799 454 Reli-

97 476 156 517 qui
169 476 247 508 olim
260 474 404 514 vulgatis
419 474 649 512 consentiunt,
663 473 695 504 id
708 474 798 514 quod

95 528 212 567 inepte.
229 526 351 566 probat
366 535 384 556 e
401 524 532 556 duobus
561 525 662 564 regiis
690 523 798 555 Codd.

99 577 286 610 Goduinus.
331 577 386 607 De
403 576 566 606 absolutis
589 575 638 606 his
665 574 800 606 infiniti—

93 628 144 659 vis
161 626 256 657 multi
285 632 432 667 egerunt
455 627 520 657 viri
541 626 650 665 docti,
671 630 707 656 et
729 635 799 666 prae

93 681 221 712 ceteris
249 679 284 711 J.
302 679 339 709 F.
358 678 552 710 Gronovius
579 677 663 709 obs.
688 686 729 708 ιι.
747 680 798 707 14.

136 737 265 764 xxxvr.
288 733 309 761 6
331 729 526 761 Adventaret
541 730 581 759 ad
606 728 800 769 Nicopolim]

94 781 207 814 Editt.
236 789 375 821 nuperae
406 780 553 811 omitunt
584 778 798 820 praepositio-

93 841 185 871 nem,
199 840 299 873 quam
316 831 452 862 restitui
468 839 512 862 ex
533 831 626 862 Msto
640 831 746 862 Norv.
764 834 799 861 et

92 882 192 915 editt.
209 882 304 913 Rom.
324 881 411 912 Veu.
435 881 596 912 Beroald.
624 881 681 911 Sic
698 881 738 912 Β.
755 880 799 912 G.

92 943 120 966 ι.
135 937 168 965 7.
212 934 221 950 ‘
239 933 292 964 Ad
320 933 497 964 Genevam
525 931 707 973 pervenit!
756 933 798 963 Et

92 985 134 1017 B.
151 984 190 1016 C.
217 993 272 1015 ιιι.
301 986 353 1015 40.
399 982 478 1014 ‘Ad
511 983 652 1014 Oricum
680 983 798 1014 venit!

98 1035 156 1066 Ita
185 1035 290 1066 etiam
322 1044 477 1075 persaepe
506 1034 689 1074 loquuntur
721 1033 798 1064 boni

96 1089 265 1116 auctores.
294 1084 405 1114 Dacis.
452 1084 645 1115 Adventaret
671 1084 711 1114 ad
739 1084 798 1115 Ni-

93 1135 235 1176 capolim.
271 1134 327 1165 Ita
364 1134 517 1164 restituit
556 1133 717 1163 Davisius
755 1142 798 1163 ex

91 1185 200 1217 Editt.
216 1183 313 1214 Vett.
331 1187 366 1213 et
383 1183 450 1213 ΜΒ,
477 1182 603 1212 Ellens.
651 1181 798 1214 Quibus-

92 1238 168 1268 cu'm
183 1234 402 1267 consentiunt
417 1233 502 1264 Mss.
521 1233 606 1273 Reg.
624 1236 660 1263 et
671 1231 796 1262 Vossii.

91 1288 213 1319 Recte.
261 1286 362 1324 Nam,
391 1288 616 1325 praeterquam
636 1283 726 1324 quod
753 1284 798 1314 lo-

90 1345 209 1368 corum
225 1335 415 1367 nominibus
438 1334 719 1375 praepositionem
736 1345 797 1365 sae-

90 1387 230 1429 pissime
247 1390 448 1428 praeponant
461 1386 576 1417 Caesar
594 1390 629 1416 et
643 1386 796 1423 Hirtius3

91 1448 157 1470 uon
183 1438 279 1469 venit
305 1438 482 1478 Nicopolim
506 1437 712 1475 Pharnaces,
737 1437 797 1468 sed

87 1498 184 1531 prope
195 1490 236 1520 ad
252 1488 439 1529 Nicopolim,
456 1487 649 1528 interjectis
667 1488 798 1529 aliquot

89 1549 250 1580 passuum
279 1538 439 1570 millibus.
500 1539 588 1569 Vide
624 1548 726 1579 supra
755 1539 798 1570 ad

92 1590 134 1621 B.
149 1590 221 1622 civ.
255 1598 313 1620 ιιι.
329 1592 381 1621 40.
426 1589 520 1620 Male
538 1589 645 1621 Editt.
671 1590 799 1620 Recen-

88 1641 197 1673 tiores
226 1645 262 1672 et
279 1641 347 1671 Ms.
364 1641 474 1680 Bong.
491 1640 673 1671 adventaret
701 1641 797 1671 Meo-

89 1692 196 1733 polim.
244 1691 353 1722 Clark.

136 1745 176 1772 15
199 1741 237 1773 Si
252 1741 368 1772 amicus
384 1740 560 1781 Domitius]
595 1740 799 1772 Auctiorem

92 1793 180 1824 hunc
197 1793 309 1824 locum
327 1792 467 1823 exhibet
481 1793 548 1823 Ms.
568 1793 707 1824 Norvic.
727 1793 799 1824 alii—

93 1853 159 1886 que
175 1843 310 1885 plurimi
339 1843 448 1874 Codd.
474 1853 551 1874 cum
572 1843 672 1874 editt.
700 1844 796 1875 Rom.

94 1894 182 1927 ven,
204 1894 365 1926 Beroald.
411 1895 452 1925 In
469 1894 535 1925 illis
562 1895 651 1926 enim
667 1900 720 1927 est
735 1896 798 1927 sive

93 1945 210 1977 amicus
235 1945 300 1976 sire
326 1945 469 1976 inimicus
502 1945 673 1977 Domitius.
721 1945 798 1977 Hoc

90 2005 172 2027 sane
202 1996 446 2027 adsumendum
463 1996 589 2037 probat
604 1997 705 2029 Joau.
730 1997 798 2029 Go-

95 2046 236 2085 duinus3
272 2047 304 2077 in
332 2047 427 2088 cujus
449 2048 652 2079 sententiam
684 2049 798 2089 pauci,

94 2097 157 2129 uisi
184 2096 294 2136 fallor,
325 2097 468 2138 pedibus
501 2098 619 2137 ibunt3
658 2108 735 2130 nam
769 2099 797 2130 si

92 2148 215 2178 inimici
235 2152 335 2178 antea
352 2149 558 2180 mentionem
574 2148 708 2180 fecerat
724 2159 797 2180 nos—

96 2203 160 2238 ter,
184 2197 267 2228 nihil
295 2207 379 2238 opus
395 2202 482 2236 erat,
509 2205 547 2229 ut
575 2204 696 2239 postea
713 2200 798 2241 adji-

95 2252 192 2280 ceret
206 2249 254 2279 sin
270 2258 340 2278 vero
355 2251 391 2279 ut
406 2248 439 2279 in
465 2249 600 2280 hostium
617 2250 704 2291 fines
717 2252 798 2282 ceni-

93 2303 154 2340 ·ret,
177 2299 297 2341 quibus
315 2308 357 2330 ex
382 2299 494 2331 verbis
509 2300 584 2331 luce
597 2300 637 2331 fit
660 2302 800 2341 clarius,

91 2351 247 2391 ineptum
285 2360 358 2381 esse
395 2350 478 2382 illud
513 2351 798 2383 additamentum.

96 2401 206 2432 navis.
242 2405 278 2432 et
312 2402 418 2432 Clark.
446 2397 695 2434 'Nihilominus
721 2413 798 2435 con-

97 2455 227 2482 stanter
243 2451 369 2483 habent
384 2461 500 2484 omnes
524 2453 606 2485 Mss.
623 2458 660 2485 et
682 2455 798 2494 primi-

96 2505 150 2532 tus
165 2501 237 2532 cusi
252 2501 317 2532 sive
330 2502 449 2533 amicus
461 2503 527 2534 siz-e
541 2503 697 2536 inimicus.
733 2505 799 2537 Illa

91 2561 232 2595 >quoqne
255 2557 412 2594 tamquam
449 2555 617 2587 amicorum
652 2559 799 2599 adventu,

98 2603 221 2635 merito
233 2609 392 2645 suspecta
404 2609 482 2637 suut
499 2606 662 2639 Grutem.
707 2610 798 2640 Nam

99 2654 199 2695 plane
213 2653 397 2696 abundant,
413 2661 448 2687 et
462 2663 624 2699 corrupte
635 2660 799 2692 exhibent

99 2704 209 2736 Codd.-
229 2709 238 2721 *
254 2707 412 2737 Alli-entus
438 2708 526 2738 enim
544 2714 595 2740 est
619 2710 653 2740 in
670 2710 796 2742 Lovan.

102 2751 183 2785 Pet.
201 2753 275 2785 Pal.
306 2755 402 2786 Laid.
431 2766 499 2788 sec.
515 2767 557 2789 ac
577 2759 669 2790 ⁴Scal.
699 2761 798 2793 Voss.

94 2804 265 2843 *Leidfpra
280 2804 336 2844 qui
353 2808 422 2836 tres
439 2815 504 2837 non
515 2808 642 2841 habent
653 2811 702 2842 sim
716 2820 797 2842 vero.

184 2860 296 2900 Delph.
312 2864 340 2891 ct
365 2861 438 2893 Var.
453 2864 535 2894 Clas.

767 2866 874 2896 Caesar

1445 219 1556 262 1553

850 320 952 351 Amic.
977 321 1110 351 adventu
1135 330 1248 359 greges
1274 320 1381 363 Bong.
1399 327 1435 353 et
1464 323 1551 356 Edd.

851 371 949 401 Rom.
974 371 1060 400 Vcn.
1079 380 1117 400 ae
1149 371 1290 402 Mediol.
1322 376 1554 412 exspectaretur

851 420 950 451 etiarn
969 420 1066 451 addit
1082 421 1157 453 Pet.
1174 422 1359 452 excludens
1384 432 1464 454 vero.

895 480 1039 502 xxxvu.
1065 475 1101 502 1-1
1130 472 1300 513 Ins-tracta]
1335 474 1453 514 Cujac.
1472 474 1552 506 Pet.

851 523 1047 561 Leidenses,
1075 524 1165 554 Scal.
1198 524 1282 555 Lov.
1308 525 1405 556 Voss.
1429 530 1464 556 et
1491 535 1555 566 pro

852 573 944 604 varia
962 574 1106 605 lectione
1126 574 1233 614 Bong.
1259 575 1422 607 Instituta.
1439 577 1554 607 Veris-

851 624 947 656 sime.
973 624 1062 655 Vide
1077 625 1118 656 ad
1134 626 1174 656 Β.
1189 626 1232 658 G.
1250 635 1305 657 ιιι.
1323 631 1374 658 24.
1397 628 1406 644 ‘
1424 627 1555 668 duplici

851 674 924 705 acie
953 674 1140 707 instituta':'
1175 677 1266 718 quod
1284 679 1370 709 male
1395 678 1553 710 Clarkius

850 731 961 757 mutat
977 727 1011 756 in
1027 726 1195 758 instructa.

894 785 1060 809 xxxvnr.
1083 781 1101 808 3
1128 778 1364 820 flagitareque]
1410 779 1465 810 lta
1510 788 1554 811 ex

852 829 920 859 Ms.
951 829 1038 870 Reg.
1077 835 1112 861 et
1143 831 1237 862 Edit.
1270 831 1367 863 Rom.
1407 830 1555 863 restitui:

850 880 1001 920 Scaliger
1017 885 1052 912 et
1074 881 1281 912 recentiores
1305 892 1433 922 omnes,
1452 882 1555 923 flagi·

850 931 983 971 torique.
1036 933 1120 965 Quae
1159 933 1320 973 Syntaxis
1345 938 1398 964 est
1436 934 1551 965 nulla:

848 981 1000 1022 sequitur
1026 982 1128 1021 enim,
1158 985 1194 1013 ut
1223 984 1447 1023 quamprimum
1488 983 1555 1015 sibi

849 1031 985 1063 subsidia
1001 1033 1148 1063 mitteret.
1188 1034 1296 1065 Clark.
1342 1034 1491 1066 Omnino
1508 1035 1554 1065 le⁴

850 1083 996 1122 gendum
1011 1084 1227 1124 flagitareqae
1255 1085 1343 1125 quod
1359 1095 1401 1115 ex
1418 1086 1501 1126 Reg.
1519 1091 1554 1117 ot

852 1134 947 1165 Rom,
965 1133 1158 1165 observavit
1176 1135 1277 1166 etiarn
1297 1135 1464 1166 Clarkius.
1500 1135 1554 1166 Ac

849 1183 898 1213 ita
922 1183 1122 1222 Beroaldus,
1138 1185 1314 1224 Grypliius
1347 1190 1381 1216 et
1407 1186 1554 1217 Ursinus

848 1233 927 1264 olim
952 1233 1133 1266 dederunt.
1158 1235 1269 1266 Dacis.
1294 1245 1365 1267 cur.
1381 1245 1449 1267 sec.
1475 1236 1555 1267 Edi—

848 1283 974 1315 dernnt
1002 1284 1216 1325 flagitareque
1264 1286 1367 1317 etiam
1410 1287 1555 1319 Vascos.

847 1335 1038 1376 Stephanus
1062 1341 1097 1367 et
1123 1337 1179 1367 alii
1207 1346 1283 1368 cum
1312 1337 1400 1368 Edd.
1427 1337 1555 1378 primis.

846 1385 975 1416 -Verum
990 1387 1074 1417 Mss.
1091 1391 1289 1418 constanter
1305 1393 1444 1419 servant
1454 1388 1555 1429 flagi⁴

848 1436 983 1477 torique.
1030 1439 1146 1470 Quare
1165 1447 1230 1468 non
1259 1438 1364 1469 ausim
1392 1443 1553 1470 mutare:

848 1489 908 1520 sibi
926 1490 1063 1530 ponitur
1086 1500 1148 1530 pro
1163 1490 1237 1531 ipsi.
1282 1491 1383 1524 Quod
1411 1490 1555 1522 offendit

850 1540 934 1571 adeo
961 1540 1115 1571 librarios
1144 1541 1318 1582 quosdam,
1340 1545 1377 1572 ut
1415 1551 1478 1582 pro
1513 1551 1554 1574 eo

849 1591 1091 1622 substituerint
1105 1592 1236 1631 Caesari,
1251 1591 1341 1633 quod
1358 1596 1411 1624 est
1426 1593 1460 1624 in
1473 1593 1554 1625 Pet.

849 1641 923 1672 Pal.
955 1646 990 1672 et
1017 1642 1144 1673 Lovan.
1206 1643 1297 1674 Hinc
1328 1643 1384 1674 alii
1397 1643 1555 1684 flugitare

850 1697 1086 1732 reposuerunt.
1132 1693 1198 1723 Sed
1225 1694 1359 1725 videtur
1386 1694 1420 1726 in
1439 1695 1554 1735 primis

851 1742 983 1773 Hirtius
999 1742 1059 1772 sibi
1075 1753 1136 1783 pro
1152 1744 1213 1784 ipsi
1231 1754 1370 1776 amasse.
1403 1744 1470 1776 Adi
1485 1756 1555 1777 om-

850 1793 928 1823 niuo
960 1793 1003 1823 ad
1032 1797 1183 1825 vn1.50.
1228 1794 1237 1812 ‘
1256 1795 1354 1827 Quod
1383 1796 1448 1828 sibi
1476 1806 1554 1827 cou-

842 1843 1008 1883 junctus,’
1030 1848 1067 1875 et
1095 1845 1136 1876 B.
1155 1844 1265 1877 Afric.
1298 1856 1328 1878 c.
1360 1849 1412 1878 49.
1460 1848 1553 1879 ‘Ad-

849 1895 986 1925 versarii
1015 1895 1146 1936 lougius
1188 1896 1251 1927 sibi
1279 1897 1442 1939 (Caesari)
1474 1909 1552 1939 pro-

848 1947 1025 1988 grediendi
1041 1947 1243 1980 facultatem
1267 1949 1489 1990 eripuerunt!

891 2000 911 2030 4
935 1999 1129 2040 Propius-que
1141 1999 1206 2040 ipse
1221 2000 1461 2043 Alexandriam]
1485 2002 1553 2034 ΜΞ.

849 2050 990 2082 Norvic.
1018 2051 1203 2092 propiusque
1232 2052 1353 2092 ipsam;
1375 2058 1553 2094 receptam

849 2106 962 2133 autem
978 2102 1162 2133 lectionem
1181 2107 1322 2133 tuentur
1338 2102 1437 2134 editt.
1454 2104 1552 2135 Rom.

848 2153 972 2184 venet.
1002 2153 1162 2185 Beroald.
1216 2154 1264 2185 Ut
1286 2163 1404 2185 verum
1432 2153 1554 2195 fatear,

848 2213 914 2234 non
928 2204 1094 2244 intelligo,
1114 2204 1169 2245 qui
1187 2205 1300 2246 juvari
1315 2206 1467 2246 potuerit
1481 2206 1555 2237 Cae-

847 2263 913 2293 sar,
943 2255 971 2284 si
996 2255 1170 2286 Domitius
1195 2255 1404 2286 solummodo
1427 2257 1555 2296 propius

849 2304 1094 2335 Alexandriam
1119 2305 1334 2346 adventaret,
1361 2316 1437 2337 cum
1462 2306 1494 2337 in
1513 2315 1553 2338 eo

848 2356 922 2396 ipso
937 2355 1062 2396 oppida
1079 2356 1269 2397 periculum
1293 2357 1426 2389 subiret
1447 2357 1553 2398 impe—

849 2411 956 2438 rator.
1016 2404 1159 2448 Repono
1190 2407 1318 2449 itaque,
1352 2409 1553 2450 protinusque

847 2457 913 2497 ipse
948 2457 1188 2497 Alexandriam,
1222 2458 1286 2489 hoc
1320 2463 1385 2498 est,
1423 2459 1552 2498 statim,

847 2508 940 2539 nulla
965 2517 1058 2539 mora
1071 2508 1288 2549 interposita.
1320 2510 1429 2541 Dacis.
1475 2510 1554 2540 Pro-

844 2558 1256 2600 piusque—Alexandriam,
1279 2561 1331 2599 &a
1378 2560 1462 2592 Cum
1481 2561 1552 2591 Cae-

849 2620 904 2641 sar
930 2610 1017 2641 intra
1042 2610 1142 2652 ipsum
1169 2611 1316 2651 oppidum
1342 2611 1374 2641 in
1401 2610 1552 2651 periculo

847 2666 1054 2701 versaretur,
1071 2661 1246 2692 existimat
1262 2661 1424 2692 Davisius
1439 2669 1552 2690 emcn-

849 2711 1010 2751 dandum,
1025 2712 1223 2751 protinusque
1316 2709 1554 2749 Alexandriam,

847 2762 900 2800 ᾃτ.
946 2762 1144 2802 1ngeniose3
1169 2761 1228 2792 sed
1245 2761 1325 2791 nihil
1343 2769 1436 2799 opus.
1462 2759 1551 2790 Satis

849 2811 938 2842 enim
954 2815 1042 2852 erat,
1057 2811 1085 2842 si
1102 2810 1272 2842 Domitius
1297 2809 1423 2842 Caesari
1437 2810 1551 2848 quamss

1394 2865 1412 2894 5
1435 2858 1462 2889 F
