1850 3109
508 214 568 243 nn
601 213 715 241 x'i'rA.
757 211 888 241 sumi
922 211 1155 241 cassinis.
1444 202 1558 244 1835

104 314 251 365 aliquot
270 326 381 352 naves
400 312 526 349 missae
546 312 594 347 ab
618 311 721 348 Asilc
743 311 861 347 altero
882 310 1007 356 legato
1028 309 1191 347 Caesaris
1213 309 1413 354 venissent,
1441 312 1554 361 [¹9¹²]

104 385 140 416 et
167 386 246 415 arte
273 378 479 415 ”coliium
503 377 567 426 qui
603 376 840 426 Pompeiana
875 375 993 411 classe
1027 374 1269 423 navigabant,
1292 374 1445 410 funibus
1479 376 1556 412 illa-

105 447 254 490 queatae
275 447 412 483 essent,
435 439 585 490 reliquis
606 438 814 487 adjuvante
836 445 929 475 austu
952 438 1062 475 maris
1082 437 1351 481 exadentibus,
1375 450 1446 473 una
1464 438 1554 482 sola,

104 504 329 554 Opiturgnis
350 504 475 540 nautis
494 511 593 543 acta.
629 502 771 539 cxituni
794 515 867 538 non
902 501 1056 545 invenit,
1092 501 1155 537 sed
1186 499 1407 538 circumfusi
1441 500 1557 537 totius

102 567 268 604 hostium
299 568 489 605 exercitus
512 580 632 616 usque
653 566 700 602 ad
724 577 919 614 vesperam
943 564 1138 613 impetum,
1171 571 1286 614 atque
1308 576 1420 600 oninc
1443 564 1560 600 missi-

102 631 195 668 lium
216 644 334 680 genus
356 631 495 668 invicta
518 630 654 666 virtute
681 627 847 678 pertulit.
903 627 1080 675 Cumque
1102 640 1171 664 nec
1192 627 1279 675 suga
1304 634 1463 676 pateret,
1487 640 1557 664 nee

104 694 200 731 ullus
235 707 274 730 se
296 694 467 743 superior
495 693 545 729 rei
569 692 653 729 linis
674 690 908 735 ostendcrcn
944 690 1126 727 suadente
1146 704 1211 740 per
1229 697 1381 727 noctem
1404 690 1558 727 tribuno

102 756 265 793 militurn
287 757 451 802 Vulteio,
474 770 519 794 ne
539 756 576 792 in
592 762 825 806 potestatem
849 754 1015 791 hostium
1035 755 1230 799 venirent3
1253 767 1360 791 mane
1383 754 1557 803 proximo

101 820 310 858 victoribus
337 821 427 870 ipsis
447 820 672 870 spectaculo
693 819 874 863 attonitis,
907 832 987 856 sese
1008 831 1140 856 omnes
1168 817 1390 855 vulneribus
1419 817 1559 855 mutuis

102 891 356 933 peremerunt.
430 886 461 922 E
485 883 690 921 Dolobella
711 883 747 920 in
768 883 904 921 eodem
932 896 1088 933 aequore
1123 882 1283 920 classem
1305 881 1491 931 perdidit,
1521 888 1559 919 et

104 948 222 985 Curio
241 948 274 969 ⁹⁸
287 949 333 985 R.
356 948 460 998 pleb.
481 947 756 985 audacissimus
778 947 846 991 vir,
879 960 967 984 cum
1003 946 1140 983 missus
1162 959 1183 982 a
1215 946 1367 983 Caesare
1390 945 1425 981 in
1461 944 1560 982 Afri-

103 1024 186 1048 cam
205 1012 380 1057 venisset,
403 1011 603 1061 primoque
624 1011 792 1048 adventu
807 1011 963 1054 Varum,
985 1009 1049 1060 qui
1070 1022 1140 1059 pro
1158 1008 1346 1058 Pompejo
1367 1007 1419 1044 illi
1439 1007 1559 1046 ⁹⁹erat

102 1075 322 1124 provinciae,
346 1075 488 1112 victum
511 1074 643 1124 proelio
663 1074 881 1123 effugasset,
903 1073 1160 1110 adolescentia
1182 1080 1301 1122 atque
1321 1071 1437 1109 animi
1456 1083 1562 1122 mag-

102 1137 274 1176 nitudine
301 1138 426 1182 insita,
461 1150 562 1174 nunc
585 1150 674 1174 vero
695 1137 857 1174 victoria
879 1150 923 1174 ac
949 1135 1093 1173 fiducia
1112 1136 1231 1173 elatus
1258 1142 1294 1173 et
1316 1135 1507 1181 incautus,
1537 1147 1559 1172 a

101 1201 203 1239 Juba
224 1214 310 1252 rege
330 1213 536 1250 oppressus
552 1199 760 1237 exercitum
782 1199 928 1237 amisit:
962 1212 1126 1249 cumque
1149 1199 1279 1249 fugere
1300 1205 1444 1248 posset,
1464 1199 1558 1236 mori

105 1265 236 1303 maluit
256 1271 396 1315 sponte
419 1262 543 1301 ¹0⁰sua
566 1277 663 1314 quos
685 1263 731 1301 ad
755 1270 916 1301 mortem
935 1269 1104 1301 secutus.

156 1329 355 1366 Hactenus
377 1327 487 1377 quasi
520 1327 751 1376 quibusdam
773 1326 966 1376 praeludiis
987 1327 1190 1377 gerebatur
1211 1325 1354 1363 bellurn
1373 1338 1382 1363 :
1415 1325 1559 1364 crebrae

103 1391 187 1430 hinc
208 1391 391 1436 victoriae,
413 1391 516 1428 illinc
536 1390 637 1440 fugae
657 1397 773 1440 atque
794 1389 1023 1435 deditiones,
1045 1389 1177 1440 proelia
1202 1395 1329 1427 autem
1351 1401 1432 1426 rara
1451 1402 1459 1426 τ
1491 1388 1558 1426 sed

94 1456 175 1504 jam
197 1455 351 1493 tandem
372 1460 564 1492 tantorum
589 1454 856 1492 ¹collisionun1
896 1460 1070 1491 motuum
1098 1453 1253 1491 differre
1285 1453 1450 1503 amplius
1483 1451 1558 1490 sor-

102 1526 189 1556 tuna
223 1532 297 1556 non
330 1525 495 1569 poterat.
551 1519 637 1557 Jam
664 1519 870 1569 Pompejus
893 1518 1050 1568 Epirum
1070 1523 1343 1567 occupaverat,
1379 1515 1557 1554 idoneam

102 1583 203 1621 bello
224 1582 353 1621 sedem
370 1589 488 1626 ratus,
503 1595 548 1620 eo
566 1583 697 1621 Caesar
714 1582 993 1633 insequendum
1015 1581 1164 1619 hostem
1185 1580 1318 1618 statuit
1335 1593 1343 1617 :
1365 1586 1403 1618 et
1423 1592 1559 1631 quam·

103 1646 156 1684 vis
172 1645 300 1683 adhuc
322 1646 434 1696 inops
452 1646 619 1691 navium,
642 1646 816 1696 quamvis
838 1647 998 1683 adversa
1019 1646 1168 1695 hyeme,
1188 1651 1317 1683 tantus
1338 1652 1419 1682 erat
1445 1643 1560 1681 ardor

102 1709 230 1754 animi,
252 1716 358 1746 tanta
378 1708 587 1758 ²cupidinis
617 1709 798 1754 bellandi,
827 1722 895 1759 per
921 1708 1066 1746 medias
1086 1709 1211 1758 pelagi
1231 1709 1421 1758 procellas
1444 1706 1559 1744 ³belli

102 1773 351 1810 tumultuaria
366 1773 489 1809 classe
504 1771 776 1818 transfretavit,
793 1785 917 1823 neque
933 1784 1021 1809 vero
1037 1771 1232 1823 prosperis
1248 1784 1371 1821 neque
1388 1770 1558 1808 adversis

102 1836 156 1874 sic
167 1837 224 1874 vel
237 1835 360 1873 inflari
377 1836 504 1886 potuit
516 1836 573 1873 vel
589 1835 714 1881 irasci,
727 1842 769 1873 ut
782 1849 804 1873 a
819 1835 1018 1885 proposito
1030 1835 1135 1885 pacis
1147 1835 1315 1873 animum
1330 1834 1557 1878 diverteret;

101 1899 193 1950 quin
212 1900 389 1936 bellando
405 1912 541 1949 pacem
562 1899 762 1949 cogitaret,
779 1913 940 1950 eamque
960 1899 1063 1936 omni
1078 1912 1155 1949 quo
1169 1905 1297 1949 posset
1317 1897 1446 1935 studio
1467 1910 1559 1947 pro-

100 1971 269 2002 curaret:
293 1964 397 2014 quod
418 1963 607 2001 curiosius
627 1971 787 2014 propter
806 1964 888 2002 illos
900 1963 1003 2009 dico,
1019 1963 1086 2013 qui
1105 1963 1224 2014 ignari
1238 1975 1362 2000 rerum
1379 1961 1558 2011 opinione

102 2028 284 2079 quadam,
318 2027 430 2078 [195]
463 2027 606 2072 nescio,
640 2041 687 2064 ne
707 2028 779 2077 ipsi
801 2028 955 2078 quidem
976 2027 1105 2065 sciunt
1124 2026 1225 2064 unde
1247 2032 1344 2071 orta,
1366 2026 1558 2063 Caesarem

101 2091 205 2136 belli,
244 2091 468 2140 Pompejum
500 2091 604 2140 pacis
636 2091 802 2128 amicum
838 2091 912 2130 sibi
946 2091 1198 2141 pertinaciter
1229 2090 1408 2128 fixerunt.
1466 2090 1559 2127 Erat

98 2156 197 2193 inter
216 2153 421 2204 praefectos
443 2154 615 2203 Pompeji
636 2155 705 2191 ⁴11.
725 2155 887 2193 Bibulus
910 2155 1034 2192 Rufus
1056 2155 1114 2192 bis
1135 2154 1330 2198 dimissus,
1368 2152 1483 2191 semel
1504 2151 1555 2190 ad

102 2217 314 2257 Corfinium
335 2217 431 2254 inter
450 2217 534 2254 illos
565 2218 713 2255 nobiles
744 2218 792 2256 de
814 2219 955 2268 quibus
975 2218 1154 2261 diximus,
1187 2225 1225 2256 et
1257 2230 1385 2255 rursus
1410 2216 1446 2253 in
1468 2215 1557 2252 His-

98 2281 239 2332 pania:
271 2280 371 2316 hunc
391 2279 495 2329 quod
526 2287 565 2317 et
597 2280 667 2318 sibi
701 2280 890 2318 beneficio
911 2281 1118 2319 obstrictus
1151 2288 1189 2319 et
1223 2280 1413 2330 Pompejo
1443 2291 1556 2316 carus

101 2349 215 2389 esset,
242 2343 347 2393 pacis
368 2342 549 2381 idoneum
572 2351 812 2394 sequestrum
831 2351 948 2388 ratus,
970 2357 1058 2381 cum
1081 2345 1137 2381 his
1164 2343 1351 2382 mandatis
1371 2341 1420 2379 ad
1440 2342 1557 2379 Pom·

103 2407 234 2459 pejum
257 2406 380 2444 misit:
411 2411 421 2426 ‘
443 2407 544 2444 Satis
558 2407 641 2457 jam
673 2408 861 2446 malorum
893 2408 1115 2458 reipublicae
1138 2408 1306 2446 ⁵bellum
1339 2406 1554 2444 invectum:

103 2470 270 2521 indeque
292 2469 464 2508 sufficere
479 2483 593 2521 posse
611 2472 660 2510 ad
681 2472 963 2524 providentiam
982 2472 1116 2517 futuri,
1133 2485 1180 2510 ue
1199 2472 1311 2523 plura
1323 2483 1425 2509 nunc
1440 2469 1555 2508 etiam

144 2633 185 2662 97
210 2631 313 2671 Lege,
335 2630 477 2669 Cilicum,
491 2629 544 2669 qui
557 2629 687 2661 in.—98
711 2632 827 2672 Forte,
843 2632 987 2664 tribunus
1004 2632 1203 2673 plebis.—-99
1226 2630 1342 2668 Forte,
1364 2630 1555 2668 preferat.—

104 2687 164 2716 100
196 2685 312 2724 Forte,
331 2694 400 2715 suos
425 2687 587 2724 usqua—1
614 2684 718 2725 Lege,
741 2685 1004 2718 collisionem—2
1036 2687 1139 2727 Lege,
1164 2684 1348 2724 cupium—3
1373 2680 1491 2719 Forte,
1514 2679 1557 2710 ad

102 2737 287 2769 bellunm—4
310 2737 413 2778 Lege,
429 2737 468 2768 L.
490 2736 715 2768 Vibullius.-5
741 2737 845 2780 Lege,
862 2738 951 2771 bello.
