1850 3109
263 149 374 190 1792
693 161 730 191 J.
763 161 898 191 ensi
934 162 1283 195 COMMENTARH

264 259 399 296 fratres
420 259 507 310 capi
531 259 706 310 jusserat.
765 262 824 298 llli
857 269 983 299 antem
1020 269 1060 300 ut
1096 276 1182 300 cum
1214 263 1330 300 fratre
1364 270 1634 308 conveneram,
1667 265 1714 302 ad

265 323 394 360 hostes
415 324 530 373 paulo
561 332 647 361 ante
668 325 926 374 profugerant.
985 327 1041 362 lta
1073 327 1246 365 fraudem
1277 328 1380 364 omni
1411 340 1456 363 ex
1491 335 1597 377 parte
1628 341 1718 364 eon-

264 394 429 424 stantem
451 390 579 424 Caesar
600 388 826 436 intelligens,
849 393 955 424 tanto
978 389 1158 426 intentius
1190 392 1343 439 ²⁹eapto
1372 390 1545 439 procedit
1566 391 1716 429 itinere:

264 451 380 500 inque
419 452 503 500 ipso
539 458 753 487 castrorum
793 452 896 488 exitu
935 452 1110 489 hortatur
1145 466 1254 496 su‹›s;
1288 467 1332 490 ne
1367 461 1555 491 nocturno
1587 455 1717 492 labore

265 515 485 551 turbentur:
517 527 597 550 csse
617 513 731 558 enim,
755 521 792 550 nt
815 514 986 563 ineptum
1010 522 1162 565 tenipus
1185 514 1438 553 ³⁰adenndnm
1460 518 1520 561 sit,
1544 531 1718 556 neccssa-

264 578 361 614 rium
384 577 567 625 piumque
589 577 676 620 iter:
707 585 744 614 et
779 577 918 614 debere
955 578 1095 627 pietate
1125 579 1195 616 viae
1216 579 1391 616 duritiem
1412 593 1608 629 superare;
1640 594 1720 618 orn-

265 640 454 689 nibusque
485 639 722 676 alacritatem
751 641 924 685 multam,
946 652 1062 690 atque
1096 642 1212 679 eundi
1244 643 1498 692 cupiditatem
1531 651 1640 693 gestu
1673 657 1718 682 ac

265 716 358 740 voce
380 703 653 753 ³¹signantibus
675 703 945 753 proficiscitur.
980 706 1024 742 Et
1047 706 1348 756 vigintiquinque
1365 707 1517 745 milibus
1539 720 1717 758 passuum

264 768 409 805 exactis
431 767 533 805 videt
551 768 600 804 ab
621 766 782 804 adverso
803 768 1015 804 venientem
1037 769 1158 806 aciem
1180 770 1412 807 AEduoruin:
1446 771 1718 822 praemittitque

264 831 337 868 illis
357 831 507 868 obviant
529 830 757 879 equitatum,
793 830 858 880 qui
886 831 970 867 illos
999 831 1180 880 impediat
1209 846 1254 870 ac
1274 833 1455 879 retardet,
1477 835 1581 884 gravi
1601 835 1722 872 onini-

265 895 336 932 bus
357 895 584 932 inhibitione
605 895 819 943 proposita;
853 909 898 932 ne
927 908 1041 944 quem
1063 909 1220 945 prorsus
1240 896 1476 935 occiderent:
1508 911 1580 935 non
1601 898 1720 936 severi

259 959 419 1009 judicis,
440 959 502 995 sed
527 959 579 1007 pii
602 972 704 995 inore
726 958 858 1007 patris,
889 958 1077 1008 castigare
1101 960 1244 1004 volens,
1266 972 1343 996 non
1364 960 1568 1010 perimere:
1599 961 1717 998 nomi-

266 1023 383 1060 natim
415 1022 707 1072 Eporidorigcm
728 1029 766 1059 et
797 1022 1079 1060 Viridoniarnm
1101 1022 1152 1060 ire
1180 1023 1295 1072 jubet
1326 1030 1363 1061 et
1384 1037 1472 1061 suos
1492 1024 1648 1074 alloqui,
1680 1031 1722 1062 nt

265 1087 419 1125 videant
440 1100 504 1123 eos
527 1099 647 1123 caesos
670 1099 744 1122 non
765 1099 861 1130 csse,
884 1086 985 1123 sicut
1000 1086 1176 1136 proditor
1192 1087 1252 1124 ille
1273 1086 1523 1124 confinxerat.
1555 1088 1631 1130 Qui
1653 1089 1719 1125 ubi

262 1152 311 1189 ad
334 1151 477 1188 AEdnos
498 1163 645 1193 venere,
667 1151 888 1198 amicosque
908 1156 946 1186 et
966 1157 1078 1187 notos
1098 1150 1328 1200 compellare
1348 1158 1558 1200 coeperunt,
1591 1155 1720 1198 (nenio

265 1223 393 1253 autem
427 1215 510 1251 illos
545 1228 565 1251 e
599 1220 681 1251 toto
715 1214 864 1263 agmine
892 1227 966 1251 non
999 1221 1035 1251 et
1070 1221 1227 1251 noverat
1260 1220 1296 1250 et
1330 1214 1502 1260 amabat)
1532 1215 1721 1264 percussit

263 1280 411 1316 animos
431 1279 532 1316 illico
554 1292 640 1315 vera
662 1278 942 1316 consideratio:
975 1284 1177 1315 senserunt
1207 1291 1247 1314 se
1278 1277 1513 1327 praecipitem
1535 1279 1570 1315 in
1591 1278 1720 1315 locum

267 1344 321 1380 sui
342 1343 453 1380 ducis
474 1343 608 1379 fraude
630 1343 846 1392 perductos,
906 1342 1095 1391 Projcctis
1117 1341 1246 1391 itaque
1267 1342 1394 1378 statim
1417 1341 1545 1387 armis,
1566 1348 1604 1379 et
1633 1354 1722 1391 pro-

265 1407 379 1445 tentis
415 1407 461 1444 ad
504 1408 694 1445 Caesarem
732 1406 921 1449 inanibus,
959 1405 1073 1455 [139]
1110 1412 1307 1454 coeperunt
1344 1405 1420 1441 alta
1457 1417 1550 1442 roce
1582 1405 1719 1442 erroris

266 1472 415 1508 veniam
436 1471 655 1520 implorare.
714 1470 926 1506 Litai-ictus
959 1482 1045 1506 vero
1066 1468 1275 1517 intelligens
1297 1468 1472 1505 inefficax
1505 1481 1614 1505 suum
1637 1482 1720 1507 esse

265 1542 536 1579 commentum,
557 1531 715 1571 dimisso
736 1533 905 1570 exercitu
923 1532 1088 1582 amplius
1110 1544 1187 1568 non
1208 1545 1291 1576 suo,
1311 1545 1398 1568 cum
1420 1531 1624 1569 clientibus
1645 1533 1722 1570 suis

267 1599 332 1649 qni
363 1612 451 1636 eum
483 1611 587 1635 more
608 1597 760 1635 Gallico
793 1598 830 1634 in
863 1597 967 1634 nulla
999 1596 1172 1634 deserere
1208 1602 1389 1645 poterant
1422 1595 1586 1640 fortuna,
1619 1608 1721 1645 equo

267 1662 428 1699 stimulis
465 1662 606 1699 adacto
640 1662 739 1699 clani
770 1660 966 1706 dilabitur,
1001 1659 1251 1710 pervenitque
1281 1660 1535 1709 Gorgomam.
1594 1660 1725 1697 Caesar

266 1727 404 1763 nuntiis
434 1725 636 1763 ³²AEduum
671 1725 804 1770 missis,
840 1725 905 1774 qui
928 1724 1184 1774 proditionem
1218 1723 1410 1768 Litavicti,
1440 1736 1625 1773 suamque
1646 1723 1723 1760 cle·

267 1791 445 1828 mcntiam
481 1790 712 1833 nuntiarent,
751 1789 994 1826 servatricem
1029 1801 1185 1825 suorum
1219 1787 1375 1831 civium,
1414 1800 1512 1837 quos
1546 1787 1722 1825 occidere

266 1854 453 1903 belli-jure
468 1854 588 1898 licuit,
607 1867 682 1891 non
698 1853 861 1903 amplius
882 1866 997 1902 quam
1021 1859 1094 1890 tres
1118 1852 1228 1889 boras
1249 1852 1371 1888 noctis
1388 1851 1435 1888 ad
1457 1851 1625 1900 requiem
1644 1851 1722 1888 suis

266 1917 387 1961 dedit,
410 1917 552 1954 veritus
572 1918 702 1962 credo,
725 1932 770 1954 ne
802 1917 918 1953 nimio
945 1930 1082 1967 sopore
1104 1922 1396 1953 marcescerent.
1454 1914 1549 1951 Inde
1569 1917 1722 1963 Gorgo-

266 1994 368 2018 mam
389 1981 503 2017 ³³du0
523 1981 671 2018 interim
693 1981 862 2030 pericula
883 1982 1144 2030 contigerant:
1176 1993 1261 2016 nani
1281 1987 1319 2016 et
1340 1979 1495 2016 Alverni
1513 1992 1560 2015 eo
1579 1978 1722 2027 digres-

267 2060 309 2084 so
330 2053 453 2083 castra
472 2046 555 2094 ejus
575 2044 819 2090 ³⁴evaserant,
841 2051 879 2081 et
899 2051 1111 2082 castrorum
1134 2043 1296 2081 latitudo
1327 2051 1363 2080 et
1394 2043 1568 2093 pancitas
1589 2042 1723 2080 defen-

264 2123 390 2148 sorum
412 2116 450 2146 et
471 2110 525 2146 vis
547 2109 713 2146 bostium
736 2122 812 2146 rem
835 2110 870 2145 in
892 2121 1081 2145 summum
1116 2107 1317 2144 discrimen
1338 2106 1564 2143 adduxerat.
1621 2106 1663 2142 ld
1684 2119 1723 2143 se

266 2174 388 2223 primo
406 2174 467 2211 die
489 2187 656 2224 passum,
679 2174 930 2223 proximoque
952 2185 1164 2222 passurum,
1187 2178 1300 2220 atque
1325 2170 1371 2208 ad
1393 2170 1432 2207 id
1453 2183 1490 2207 se
1510 2181 1724 2219 praeparare

267 2237 410 2275 Caesari
431 2236 568 2275 Fabius
589 2236 792 2282 nuntiavit,
812 2237 842 2273 is
863 2236 929 2286 qui
950 2237 1098 2286 legatus
1118 2235 1166 2272 ad
1190 2242 1312 2272 castra
1330 2240 1578 2271 remanserat:
1601 2239 1639 2269 et
1661 2233 1724 2269 bic

266 2300 364 2337 ³5ille
398 2300 566 2345 nuntius,
601 2300 726 2337 noctis
759 2307 797 2337 et
835 2300 907 2337 viae
942 2299 1082 2344 medio,
1117 2299 1298 2336 occurrit.
1367 2296 1564 2346 ³⁶Propter
1596 2309 1726 2346 gressu

266 2363 404 2401 addito
423 2363 654 2408 accelerans,
672 2363 719 2399 ad
743 2369 868 2400 castra
889 2362 1061 2400 nondum
1082 2369 1167 2399 orto
1185 2361 1260 2398 sole
1280 2359 1463 2410 pervenit.
1493 2359 1579 2396 ³⁷Et
1599 2359 1726 2403 AEdui.

309 2483 351 2510 29
375 2480 480 2520 Lege,
495 2482 689 2519 coepto.—3o
716 2479 830 2517 Forte,
853 2480 892 2510 ud
908 2479 1136 2510 mmmm—*31
1164 2473 1279 2516 Forte,
1301 2475 1645 2516 significantibus—32
1668 2476 1726 2506 Sic

267 2533 357 2564 infra
373 2543 404 2573 p.
424 2536 515 2564 1798.
533 2533 589 2563 lin.
604 2535 634 2563 (i.
658 2533 795 2564 AEdnum
813 2543 926 2563 rersus.
950 2542 988 2563 ac
1003 2532 1104 2563 ctiam
1121 2539 1153 2571 p.
1174 2534 1266 2562 1801.
1281 2531 1339 2560 lin.
1357 2532 1408 2560 29.
1435 2530 1571 2559 Aiziuum
1587 2529 1727 2560 accedat.

266 2589 350 2617 —33
382 2587 504 2624 Deest,
530 2585 834 2628 prqficioeitur.——M
860 2585 965 2627 Lege,
995 2585 1269 2616 invaseram-35
1296 2584 1398 2624 Lege,
1428 2582 1575 2614 iui.—3ss
1608 2581 1725 2620 Forte,

265 2642 523 2682 promerem—37
551 2639 666 2680 Forte,
678 2640 737 2671 At.
