1850 3109
286 171 399 212 1516

286 276 471 318 saepissime
489 277 632 309 Plautus
650 287 688 307 ac
713 277 893 308 Terentius
911 283 987 308 suut

287 328 404 358 locuti.
433 327 519 358 Vide
538 337 654 358 eorum
684 329 987 365 Commentatores,

285 388 324 409 ac
349 378 481 409 Victor.
498 378 539 408 ad
558 378 668 409 Cicer.
691 378 732 407 ad
750 378 840 408 Fam.
858 379 920 417 Ep.
938 387 987 408 Vl.

286 432 339 460 20.
358 429 460 468 Apul.
478 439 524 460 iv.
544 439 575 468 p.
592 432 643 459 72.
671 428 728 458 ubi
756 428 844 458 male
864 427 988 457 Florid.

286 479 341 510 edi
360 480 492 510 curavit
508 479 577 509 istic
595 484 628 509 ct
647 478 720 508 illic.

333 539 434 562 xxvi.
475 533 489 559 l
530 529 658 568 Maguoe
695 526 865 557 nobilitatis
891 526 988 566 domi]

288 580 397 611 Aldus
431 579 604 609 Manutius
635 577 847 608 confidenter
877 576 988 607 admo-

287 630 366 660 dum
393 629 527 669 reponit
555 639 678 668 magnae
706 627 990 665 nobilitatis-homo,

287 680 402 720 aitque
419 689 477 710 non
493 679 574 710 enim
591 682 713 708 lautum
733 677 876 708 nobilitas
891 677 989 707 nobis-

286 740 355 760 cum
375 729 457 759 domi
484 732 541 759 est.
588 729 642 759 Ita
668 734 782 759 tamen
806 728 989 768 loquuntur

287 781 561 822 praestantissimi
579 780 774 820 scriptores.
815 780 932 810 Caesar
946 779 987 809 B.

288 833 325 863 C.
344 841 367 862 1.
385 834 437 862 3-1.
485 831 493 847 ‘
514 830 712 861 Praemissos
741 829 843 860 etiam
862 830 990 868 legatos

289 882 534 918 Massilienses,
566 881 655 911 domi
687 880 817 911 nobiles
860 879 990 910 adoles-

288 932 430 963 centes.’
477 932 531 963 Sic
556 930 694 972 quidem
720 931 820 961 editt.
837 939 991 970 nuperae,

288 988 323 1013 at
344 987 466 1013 contra
492 982 658 1013 Codicum
685 980 933 1011 nianuariorum
955 979 990 1010 fi-

288 1033 378 1070 dem,
396 1040 430 1062 ut
448 1032 517 1063 illic
535 1031 646 1062 monui
662 1041 670 1069 ;
705 1039 809 1071 quare
832 1030 895 1060 lioc
912 1039 991 1060 con-

288 1088 342 1114 tra
361 1083 552 1113 Manutium
581 1081 777 1113 testimonio
806 1090 872 1111 non
889 1080 989 1111 nitar.

288 1134 336 1165 At
363 1133 493 1164 firmum
525 1133 591 1163 erit
616 1131 698 1163 illud
724 1131 873 1162 Sallustii
890 1131 990 1163 Catil.

287 1196 317 1215 c.
337 1188 386 1216 17.
433 1186 442 1202 ‘
460 1184 515 1215 Ad
531 1185 606 1223 hoc,
622 1183 718 1214 multi
735 1193 778 1214 ex
796 1183 938 1213 coloniis
955 1188 989 1213 et

288 1235 493 1275 municipiiS,
524 1234 614 1265 domi
656 1233 810 1264 nobiles.’
871 1233 924 1264 Sic
955 1237 990 1264 et

288 1286 444 1318 Just'inus
461 1295 494 1316 v.
513 1288 543 1316 9.
561 1289 592 1315 6.
639 1285 647 1300 ‘
666 1285 747 1315 Erat
769 1283 858 1314 inter
874 1283 990 1314 exules

287 1336 528 1376 Thrasybulus,
564 1334 612 1364 vir
651 1339 808 1365 strenuus
839 1339 875 1365 et
901 1333 990 1364 domi

287 1386 432 1417 nobilis!
469 1385 554 1418 Quis
567 1384 668 1424 igitui-
683 1393 748 1415 non
767 1384 860 1415 videt
877 1394 990 1414 sanam

290 1446 364 1468 esse
410 1436 593 1467 lectionem
641 1434 837 1475 receptam?
878 1434 989 1465 Dat-is.

288 1488 421 1528 Mag-na?
447 1487 616 1518 nobilitatis
641 1486 735 1517 domi.
783 1486 891 1517 Aldus
918 1486 990 1516 Ma-

288 1540 402 1570 nutius
439 1538 610 1577 emendat,
662 1547 783 1576 vzagnoe
816 1537 992 1567 nobilitatis

289 1590 398 1620 homo.
430 1587 510 1619 .Sed
538 1587 712 1627 Davisius,
739 1587 849 1617 allatis
881 1597 992 1618 exem-

291 1641 368 1681 plis,
385 1639 526 1681 probam
553 1648 626 1669 esse
652 1639 750 1670 'istam
776 1638 993 1677 locutionem,

289 1700 411 1730 magnoe
425 1689 599 1720 nobilitatis
615 1688 715 1727 domi,
732 1688 891 1719 ostendit.
927 1689 992 1718 Ve-

290 1752 364 1773 rum
391 1746 427 1772 et
458 1740 524 1771 alia
555 1740 641 1770 ratio
670 1744 736 1777 est,
773 1738 993 1780 quamobrem

289 1791 427 1833 vulgata
460 1791 564 1822 lectio
603 1790 726 1821 mutari
767 1789 901 1820 omuino
929 1798 993 1820 uon

290 1842 437 1874 debeat:
473 1851 516 1872 ex
542 1851 582 1872 ea
607 1840 763 1871 nimirum
782 1839 910 1879 pendet
927 1840 993 1870 ele-

291 1892 487 1933 gantissima
501 1890 690 1922 Antithesis
705 1901 712 1920 ι
739 1890 869 1929 Mag-nce
884 1888 994 1919 nobili-

290 1942 366 1973 tatis
383 1941 485 1980 domi,
500 1940 636 1971 scieniioe
652 1944 682 1970 et
698 1940 827 1970 virtutis
843 1940 874 1970 in
892 1939 994 1978 bello,

280 1993 362 2035 fidei
378 1992 603 2032 dignitatisque
619 1991 650 2021 in
670 1991 818 2021 amicitia
838 1989 993 2029 Caesaris,

290 2048 354 2075 «stc.
397 2044 503 2074 Clark.

333 2100 350 2126 5
377 2095 516 2134 Magnas
537 2093 640 2134 copias
769 2093 917 2133 addita-it]
941 2092 996 2123 Ita

291 2156 334 2177 ex
354 2144 419 2175 Ms.
438 2144 545 2184 Regio
563 2143 708 2174 restitui.
755 2142 809 2173 Al.
827 2153 894 2172 cum
910 2152 995 2181 mag-

290 2196 342 2227 nis
356 2195 452 2235 copiis
464 2194 659 2224 —adduxie
688 2194 798 2225 Quam
816 2193 995 2224 lectionem

290 2245 398 2288 (quod
417 2245 535 2275 mirum
550 2243 708 2274 Editores
725 2252 840 2273 omnes
858 2247 997 2283 praeter-

291 2295 437 2336 misisse)
465 2305 574 2336 neque
596 2294 764 2325 Latinitas
783 2293 925 2333 patitur,
942 2302 996 2322 ne-

293 2357 356 2388 que
374 2357 503 2378 sensus.
551 2346 660 2376 Clark.
720 2345 797 2374 Cum
813 2344 936 2383 magnis
951 2353 997 2373 co-

286 2398 353 2439 piis
378 2415 420 2419 —
446 2396 605 2427 Pelusium
647 2394 790 2425 addimit.
847 2393 923 2423 Hoc
954 2402 996 2422 ue

291 2448 450 2479 Latinum
468 2445 604 2486 quidem
620 2450 682 2480 est,
707 2448 743 2474 ut
757 2447 850 2473 recte
867 2443 996 2473 monuit

292 2492 472 2534 Clarkius;
497 2501 708 2536 quapropter
726 2494 777 2524 vir
802 2494 857 2523 ille
875 2493 995 2523 doctus

291 2559 335 2580 ex
360 2549 452 2579 Msto
473 2546 580 2586 Regio
611 2544 772 2582 cori-oxii,
800 2552 928 2581 magnas
949 2553 996 2573 co-

289 2602 361 2643 pias
377 2617 417 2624 —
435 2601 593 2630 Pelusium
614 2597 747 2628 addua-it
766 2608 774 2630 ,·
808 2605 872 2626 nee
899 2596 997 2625 :iliter

292 2651 487 2684 emendavit
515 2649 661 2689 Lipsius.
721 2647 812 2680 Quin
843 2651 878 2677 ct
910 2646 997 2686 Gry-

293 2703 392 2745 pliius
407 2701 486 2733 olim
503 2703 778 2740 repraeseutarat,
801 2706 929 2735 magnas
950 2707 997 2726 co-

292 2754 362 2795 pias
392 2770 435 2774 —
457 2749 615 2781 Pelusium
642 2748 788 2779 adduxit.
833 2746 995 2778 Attamen

294 2813 371 2835 euni
389 2801 444 2832 vix
465 2806 529 2841 est,
554 2804 591 2831 ut
606 2798 752 2831 Librarii
774 2797 806 2829 in
824 2797 996 2829 locutione

741 181 882 212 NOTAE
924 181 1187 211 vAmoRt‘M
1230 182 1280 211 ΙΝ

1040 282 1106 308 tani
1124 282 1203 308 nota
1218 275 1422 316 deminuat,
1446 286 1485 307 ac
1508 276 1632 307 Lovan.
1651 275 1738 308 Nor·

1039 329 1102 360 vic.
1134 328 1293 360 Beroald.
1330 329 1455 369 aliique
1497 327 1605 358 Codd.
1647 327 1739 358 exhi—

1040 378 1152 416 beant,
1175 390 1242 410 cum
1266 381 1386 418 mag-uis
1409 378 1504 419 copiis
1522 396 1563 400 —
1580 378 1740 409 Pelusium

1038 429 1178 466 adducit,
1219 429 1369 459 Hirtium
1399 429 1574 469 reliquisse
1605 437 1740 466 censeo,

1039 489 1105 509 cum
1123 480 1244 518 magnis
1257 480 1352 520 copiis
1368 498 1408 502 ——
1427 480 1584 510 Pelusium
1605 477 1739 510 adveni}-

1042 529 1152 559 Dazis.
1178 538 1249 560 cur.
1266 539 1333 560 sec.
1364 530 1442 561 Jam
1461 530 1539 560 olim
1552 530 1688 560 Vascos.
1706 533 1742 560 et

1042 578 1084 608 R.
1114 579 1307 618 Stephanus
1329 579 1511 610 ediderunt
1539 588 1668 618 magnas
1696 589 1742 609 co-

1038 630 1107 670 pias
1123 630 1268 660 adducit.-
1293 630 1395 670 idque
1414 630 1614 661 Ciacconius
1638 635 1743 662 testa-

1041 686 1095 711 tur
1111 690 1183 711 esse
1206 681 1238 710 in
1263 690 1321 711 suo
1338 680 1468 711 codice.
1513 680 1742 721 Glaudorpius

1041 736 1159 762 contra
1191 731 1341 771 conjecit
1370 730 1550 770 legendum
1588 731 1744 762 contendit

1041 792 1099 812 seu
1115 782 1267 822 peri-enit.
1314 783 1415 812 Certe
1432 790 1495 821 ego
1519 789 1654 822 quoque
1677 791 1744 812 ma-

1041 833 1098 863 lini
1125 834 1157 863 in
1184 833 1284 863 verbo
1303 842 1455 873 qua-rere
1483 831 1745 869 correctionem,

1042 893 1116 914 cuin
1134 892 1231 913 voces
1247 893 1313 913 cum
1329 883 1451 921 magnis
1474 882 1571 922 copiis
1587 891 1678 912 sanae
1698 881 1744 912 vi-

1041 933 1202 966 deantur:
1227 933 1310 963 licet
1327 932 1428 963 etiam
1445 933 1477 962 in
1495 932 1592 963 Leid.
1606 941 1676 963 sec.
1700 931 1744 962 sit

1041 993 1108 1013 cum
1124 992 1253 1020 magnas
1267 982 1380 1022 copias.
1425 981 1491 1011 Sed
1518 982 1603 1012 Mss.
1629 989 1744 1012 omues

1042 1038 1076 1065 et
1114 1033 1202 1064 Edd.
1242 1033 1386 1063 Veteres
1424 1031 1551 1063 habent
1594 1031 1720 1062 adducit
1735 1042 1746 1062 .·

1042 1084 1144 1123 unde,
1167 1084 1230 1114 nisi
1247 1083 1357 1124 potius
1382 1084 1425 1114 sit
1447 1083 1553 1123 ipsius
1583 1081 1746 1113 Auctoris

1042 1135 1293 1174 Anacolutlion,
1317 1135 1430 1175 aptius
1459 1134 1597 1165 verbum
1618 1134 1747 1165 exscul-

1041 1185 1188 1226 pendum
1211 1185 1358 1225 videtur,
1384 1195 1482 1226 quam
1504 1184 1664 1216 fecerunt
1691 1184 1748 1215 ad·

1041 1236 1105 1266 liuc
1130 1235 1193 1265 viri
1218 1234 1324 1266 docti.
1369 1234 1493 1271 Adii-it,
1515 1234 1641 1265 ocelim‘t
1665 1243 1747 1266 nou-

1042 1285 1121 1316 dum
1139 1286 1288 1326 placent.

1097 1340 1117 1368 8
1154 1337 1345 1377 Occupalum
1389 1334 1426 1366 ab
1465 1326 1622 1376 Achilla]
1660 1335 1747 1367 Mss.

1042 1388 1169 1418 Eliens.
1194 1391 1230 1418 et
1253 1386 1376 1427 Vossii,
1397 1391 1578 1428 occupatum
1606 1386 1749 1418 Achillae.

1045 1439 1153 1469 Clark.
1211 1438 1267 1469 Ita
1304 1438 1440 1469 restitui
1483 1437 1623 1476 Hirtio;
1671 1446 1746 1468 cum

1041 1488 1174 1518 Achilla*
1213 1488 1399 1519 exhibeant
1440 1498 1574 1530 quoque
1619 1487 1742 1520 Petav-

1043 1540 1168 1580 Scalig.
1193 1544 1229 1570 et
1254 1538 1348 1570 Leid.
1378 1548 1430 1580 pr.
1476 1538 1524 1569 At
1547 1538 1643 1569 Leia.
1676 1547 1746 1569 sec.

1043 1600 1119 1621 cum
1132 1591 1244 1621 Palat.
1256 1593 1458 1630 occupaverat
1469 1589 1630 1621 Achillas:
1657 1588 1745 1630 qnod

1045 1651 1086 1671 ex
1117 1640 1404 1681 interpretatione
1434 1645 1562 1672 natum.
1615 1639 1759 1679 Achiua,

1046 1696 1158 1721 tamen
1176 1699 1270 1720 sumo
1286 1688 1318 1721 in
1331 1689 1506 1729 Genitivo‚
1519 1694 1556 1720 ut
1573 1690 1749 1729 apraesidio

1046 1745 1198 1781 regatur.

1087 1793 1108 1821 9
1133 1791 1298 1821 Maritima
1322 1800 1439 1821 accessu
1469 1789 1583 1826 Pharo,
1611 1789 1748 1829 pedestri

1045 1840 1189 1880 Pelusio]
1215 1841 1362 1870 Pedestre
1385 1839 1439 1870 iiic
1461 1839 1618 1869 maritimo
1647 1847 1751 1879 oppo-

1045 1891 1149 1929 nitur,
1173 1894 1207 1920 et
1223 1889 1312 1921 idem
1329 1894 1425 1920 notat
1439 1898 1476 1920 ac
1493 1892 1647 1920 terrestre.
1692 1889 1748 1920 Sic

1046 1940 1159 1972 Caesar
1175 1941 1215 1971 B.
1229 1941 1264 1971 C.
1280 1949 1319 1970 ii.
1332 1942 1384 1971 32.
1408 1942 1415 1955 ⁴
1432 1940 1479 1970 Ut
1492 1949 1601 1980 neque
1612 1939 1748 1980 pedestri

1046 1991 1179 2030 itinere,
1204 2000 1313 2031 neque
1337 1990 1465 2020 nat-«ibus
1488 1997 1675 2020 commeatu
1693 1989 1750 2028 ju-

1047 2041 1118 2071 vari
1147 2039 1308 2080 possent.'
1361 2040 1465 2071 Corn.
1496 2039 1614 2079 Nepos
1643 2038 1746 2078 Ages.

1047 2100 1076 2121 c.
1094 2094 1125 2121 2.
1144 2094 1173 2121 l.
1212 2091 1220 2106 ‘
1238 2091 1341 2120 Fama
1374 2090 1506 2121 exierat
1523 2088 1748 2120 Artaxerxem

1047 2151 1242 2181 comparare
1267 2141 1409 2172 classem
1431 2139 1674 2180 pedestresque
1692 2149 1748 2170 ex-

1048 2192 1186 2230 ercitus,
1210 2200 1294 2231 quos
1319 2190 1351 2220 iu
1377 2190 1547 2221 Graeciam
1572 2190 1749 2221 mitterem·

1048 2241 1137 2272 Vide
1166 2247 1202 2272 et
1228 2241 1376 2272 Hannib.
1400 2250 1430 2271 c.
1450 2243 1500 2271 ll.
1527 2243 1558 2273 6.
1588 2249 1627 2271 ac
1653 2239 1688 2272 J.
1712 2240 1750 2272 F.

1049 2292 1257 2324 Gronovium
1274 2292 1315 2322 ad
1333 2291 1418 2322 Livii
1437 2299 1580 2322 xxxvu.
1597 2293 1649 2321 52.
1683 2290 1751 2321 Da·

1047 2345 1103 2374 ris.
1138 2343 1284 2374 Consule
1300 2341 1415 2373 Clark.
1435 2341 1476 2372 ad
1493 2341 1534 2372 13.
1549 2341 1623 2372 Civ.
1639 2349 1678 2372 ιι,
1695 2343 1747 2371 21.

1048 2399 1083 2426 et
1102 2393 1189 2425 infra
1207 2394 1247 2424 ad
1266 2404 1295 2424 c.
1315 2396 1368 2423 33.

1093 2448 1132 2475 18
1156 2445 1252 2474 Adest
1289 2444 1412 2480 victori,
1442 2442 1587 2483 pacarat]
1623 2441 1751 2481 Acme,

1048 2505 1111 2525 nec
1147 2495 1263 2534 inepte
1296 2495 1360 2524 Ms.
1391 2493 1537 2532 Brantii,
1561 2494 1685 2524 Lovau.
1715 2499 1752 2524 et

1048 2544 1142 2575 Lcid.
1162 2553 1229 2574 sec.
1247 2543 1375 2574 habent
1392 2543 1541 2573 victoriae.
1590 2543 1678 2574 Dein
1694 2554 1748 2583 pa-

1047 2597 1132 2625 carot
1161 2593 1272 2623 inveni
1306 2594 1339 2623 in
1380 2594 1449 2623 solo
1480 2593 1546 2624 Ms.
1573 2593 1750 2632 vossiano,

1048 2644 1136 2685 quod
1167 2649 1244 2673 ante
1276 2643 1483 2683 Scaligerum
1507 2643 1579 2682 jain
1614 2643 1751 2675 exliibu-

1049 2698 1148 2723 erunt
1178 2693 1314 2723 Vascos.
1347 2693 1464 2732 ampli.
1492 2693 1622 2733 Gryph.
1660 2698 1749 2734 post.

1049 2742 1189 2774 Strada‘.
1236 2743 1348 2773 Ceteri
1383 2744 1464 2773 Mas.
1501 2748 1570 2773 tarn
1607 2743 1748 2774 aliorum

1050 2805 1149 2837 quam
1180 2794 1246 2827 mei
1284 2799 1320 2826 ct
1351 2794 1438 2826 Edd.
1472 2796 1566 2826 Vett.
1598 2796 1748 2836 placarat.
