1850 3109
425 211 530 240 cn.
560 199 631 240 26.

110 305 218 336 omniu
230 303 353 341 bonos;
376 312 510 334 suorum
526 311 625 333 uuum
639 311 808 343 quemque

108 355 284 386 nominans
301 354 457 391 laudare;
487 353 692 384 admonebat
706 354 809 384 alium

111 404 296 443 egestatis!
355 403 440 433 Vide
467 404 566 434 etiam
586 404 705 433 Varius
730 404 811 434 Lec-

112 456 221 486 tione-x
253 453 340 484 infra
370 464 401 484 c,
431 456 482 484 36.
522 456 530 471 ‘
550 455 652 491 iegati
684 455 811 494 venire,

112 504 322 545 docentqch
371 504 478 534 Immo
492 514 520 535 c.
537 508 589 536 71.
614 507 622 521 ‘
642 505 814 536 Condoce-

111 554 234 585 facere‘
249 561 281 585 et
308 556 316 571 ‘
333 555 490 596 pru-cipit
507 555 525 586 :⁹
559 556 614 586 ubi
634 565 812 596 perperam

111 605 226 635 navis.
243 610 278 635 et
295 606 407 636 Clark.
421 607 598 646 proecipere.

153 662 254 685 xxvi.
279 659 298 684 8
324 656 425 690 Quum
454 661 545 688 σπῖρα
570 657 759 688 constitisset
782 657 816 688 in

107 705 232 735 stolicis
245 706 370 746 castris]
417 707 500 737 Mss.
534 708 610 738 Urs.
643 712 678 738 et
710 708 813 738 Norv.

109 756 317 786 comeituteset
344 759 373 786 in
400 758 524 788 statii-is
549 759 680 788 castris.-
714 758 813 788 editt.

110 811 223 837 autem
243 806 340 837 Rom.
359 808 442 838 ven.
465 808 623 839 Beroald.
646 819 739 848 quum
761 819 815 838 on-

110 861 159 887 tea
174 860 257 887 sture
272 858 482 888 constituisset
499 858 530 888 in
546 859 670 888 statii-is
693 859 816 897 castris,

112 911 215 947 atque
242 907 291 938 ita
318 917 394 938 cum
425 909 501 940 Pet.
520 909 702 939 Ciacconio
720 919 816 949 repo-

111 958 257 988 nendum
283 959 439 989 arbitror.
486 960 577 990 Male
605 965 718 990 autem
746 970 815 990 rem

111 1007 212 1047 gessit
227 1008 278 1037 vix·
295 1008 523 1048 ‹locti‹si11111.<,
546 1020 622 1040 cum
639 1011 817 1051 sequentia

111 1058 158 1088 sic
189 1058 345 1089 emendet
379 1063 407 1089 el
437 1063 547 1090 (estate
582 1061 816 1091 initu—bellum

110 1119 179 1139 cum
191 1109 378 1140 adversariis
392 1110 455 1139 suis
475 1120 610 1148 gerere;
631 1114 704 1141 tunc
720 1115 748 1141 et
766 1112 818 1141 Iit-

109 1162 193 1189 teras
220 1159 252 1188 in
281 1159 658 1199 Siciliain—conscripsit,
696 1165 725 1191 et
759 1170 818 1200 per

110 1211 301 1249 catast-opum
331 1209 428 1240 misit.
496 1209 536 1240 ln
570 1210 619 1241 iiis
652 1220 734 1241 sana
764 1215 818 1241 est

111 1259 214 1289 lectio
238 1260 374 1299 vulgata
401 1264 434 1289 et
464 1260 598 1290 omuino
629 1260 816 1292 renuenda.

112 1309 223 1340 Dat-is.
271 1310 346 1341 Nisi
365 1309 455 1350 quod
481 1319 540 1350 pro
563 1311 734 1350 litterisque
750 1311 817 1351 legi

112 1360 236 1392 debeat
251 1362 368 1392 litteris
381 1371 503 1401 quoque.
552 1361 650 1399 Idem,
662 1371 734 1392 cur.
749 1370 817 1393 see.

112 1410 178 1442 Ms.
196 1411 280 1451 Reg.
305 1415 341 1442 et
358 1411 464 1442 Editt.
481 1411 578 1442 Vett.
605 1415 711 1452 (antea
727 1417 815 1443 stare

111 1460 356 1501 constituisset)
385 1462 474 1502 quod
500 1462 621 1502 probat
647 1462 816 1493 Davisius.

113 1511 158 1542 Et
186 1510 276 1543 forte
305 1512 416 1543 verior
447 1517 499 1543 est
531 1513 644 1544 lectio.
691 1514 818 1544 Quam-

112 1570 210 1603 quam
242 1568 388 1604 utraque
425 1563 506 1594 satis
545 1563 662 1603 proba.
725 1563 817 1594 Dein

114 1613 222 1645 Editt.
248 1623 361 1644 omnes
381 1623 489 1653 gerere
511 1613 664 1649 instituit,
684 1613 819 1645 litteris-

115 1673 180 1705 que
195 1663 630 1703 celeriter-missis—Aaeque
647 1665 730 1703 ipse,
754 1666 818 1694 etc.

114 1716 200 1748 Quae
232 1714 339 1756 (quod
368 1715 488 1745 mirum
520 1714 676 1745 Editor-es
704 1724 819 1745 omnes

113 1763 257 1806 fugisse)
280 1764 430 1805 syntaxis
455 1770 506 1795 est
534 1765 634 1795 nulla.
691 1765 820 1803 Legen-

114 1816 192 1846 dum
211 1815 278 1853 vel,
295 1815 410 1846 deleta
427 1815 596 1855 particula
620 1825 678 1855 que
705 1824 820 1856 quem-

113 1868 292 1899 admodum
312 1868 384 1899 Nos
408 1867 587 1906 edidimus,
609 1877 760 1906 ——gerere
776 1867 821 1896 in-

113 1918 241 1953 sennim
275 1918 402 1950 litteris
434 1918 735 1957 celeriter-missis,
765 1935 818 1948 —.

113 1970 216 2009 Atque
229 1969 306 2009 ipse,
320 1970 372 2008 fise.
417 1969 494 2006 Vel,
509 1968 624 1999 deleta
639 1969 747 1999 altera
763 1968 821 1999 illa

114 2019 227 2059 Atque,
243 2019 458 2050 scribendum
472 2030 481 2057 ;
505 2028 656 2057 ——gerere
668 2019 819 2050 instituit.

115 2069 322 2111 Litterisque
351 2068 699 2104 celeriter—missis—;
733 2069 820 2108 ipse,

116 2120 168 2159 8513.
208 2120 316 2150 Clark.
364 2119 581 2150 Constitui-sset
597 2123 650 2150 est
666 2119 769 2149 etiam
786 2119 820 2149 in

117 2169 274 2200 Leidensi
288 2178 340 2208 pr.
355 2169 457 2199 Voss.
471 2169 560 2199 Scal.
588 2174 623 2200 at
647 2172 732 2199 stare
753 2179 822 2199 con-

115 2219 266 2250 stituit-ret
298 2218 393 2249 Leid.
421 2227 488 2248 sec.
515 2219 625 2249 Dorv.
651 2218 716 2249 Ed.
749 2219 821 2250 Me-

117 2270 197 2301 diol.
228 2275 264 2300 et
287 2270 406 2309 Margo
431 2269 571 2299 vascos.
615 2269 716 2299 Unde
742 2269 820 2309 Lip-

117 2321 184 2351 sius
201 2321 327 2350 rectius
344 2318 560 2350 scribendum
588 2319 738 2359 conjecit
765 2328 822 2349 oes-

116 2372 215 2402 citare
229 2371 438 2401 constituisset
462 2370 495 2400 in
518 2373 560 2400 st.
605 2370 733 2400 verum
757 2370 820 2401 hoc

117 2421 243 2454 Oaesari
261 2421 482 2452 constitutum
498 2418 600 2450 fuisse
624 2420 734 2450 nullus
751 2429 822 2450 cre-

118 2473 173 2503 do.
218 2472 301 2513 Ejus
326 2471 460 2511 ingenio
491 2479 556 2501 non
583 2470 820 2501 conveniebat.

120 2523 217 2556 More
241 2523 340 2554 solito
363 2521 564 2559 constitisset,
580 2520 671 2561 quod
692 2521 820 2562 optime

119 2574 256 2603 servant
271 2573 392 2603 Petav.
408 2576 443 2602 et
460 2571 586 2602 Lovan.
613 2581 714 2611 quum
731 2576 823 2602 esset

120 2622 341 2663 depravatum
370 2622 404 2653 in
433 2622 663 2652 constituisset:
693 2622 821 2653 librarii

122 2673 255 2712 quidam
279 2673 458 2703 voluerunt
484 2671 595 2703 sensui
622 2681 822 2703 succurrere

124 2721 288 2753 addentes
301 2725 395 2753 stare.
440 2723 510 2753 Pro
533 2722 567 2753 in
588 2722 718 2753 habent
733 2723 821 2754 Scal.

123 2777 160 2803 et
186 2771 282 2803 Leid.
307 2781 361 2812 pr.
375 2781 404 2804 e.
449 2772 495 2804 At
510 2773 644 2804 exsulat
660 2783 679 2804 a
693 2773 822 2805 Lovan.

666 208 760 238 [AB.
798 208 858 237 DF.
893 209 1049 238 nmmo
1084 209 1247 240 AFRlC.

1457 201 1569 242 1595

858 307 892 333 et
920 302 1024 334 Dorv.
1041 308 1075 335 et
1091 303 1190 334 facile
1208 314 1324 336 carere
1341 316 1528 344 possumus.

901 355 921 383 9
947 355 1076 384 Cunctis
1105 355 1202 394 copiis
1227 356 1411 396 auxiliisque
1439 359 1566 400 accitis]

863 405 971 435 Norv.
989 406 1100 443 auctis,
1120 406 1196 436 Pet.
1214 411 1249 436 ct
1269 407 1348 436 Lov.
1366 408 1465 437 actis.-
1496 408 1571 448 lege

861 457 984 486 coacti&
1034 456 1144 487 Duris.
1170 466 1241 488 cur.
1259 466 1326 488 sec.
1382 457 1501 488 Accitis
1525 458 1573 488 in-

864 511 994 536 trusum
1013 511 1064 536 est
1082 516 1099 536 a
1121 506 1308 545 Scaligero,
1325 516 1425 548 quem
1445 513 1572 539 temere

865 555 985 596 reliqui
1004 556 1110 586 secuti
1128 561 1226 586 sunt:
1262 557 1308 587 uti
1327 557 1486 588 emendat
1503 558 1573 588 Da-

866 606 981 643 visius,
1004 606 1129 643 cnut-tis,
1159 607 1286 637 habeut
1317 607 1491 639 Editiones
1517 617 1572 639 ve-

866 660 956 686 teres
988 661 1145 693 cunctam
1185 666 1248 687 nec
1281 667 1344 687 non
1378 657 1473 689 Leid.
1502 667 1571 689 sec.

867 703 906 734 Iu
927 704 1021 735 Voss.
1050 710 1102 735 est
1126 707 1282 744 cogitatis.
1331 708 1367 736 lu
1394 707 1490 738 Leid.
1522 717 1572 748 pr.

865 755 1060 793 aggregatis.
1108 755 1147 786 In
1162 757 1370 796 ScaLugitis.
1415 758 1480 788 Sed
1495 768 1572 789 cum

868 804 944 835 Pet.
976 809 1012 835 et
1038 806 1163 836 Lovan.
1188 806 1278 837 Actis
1305 807 1364 838 dat
1393 808 1500 838 Dorv.
1517 818 1573 839 ve-

867 855 1013 894 rissime,
1030 861 1066 886 ut
1084 862 1177 895 puto.
1226 858 1312 888 Actis
1326 859 1423 898 copiis
1437 863 1465 889 et
1483 858 1574 888 auxi·

866 905 930 942 liis,
957 907 976 936 i.
1007 906 1039 936 in
1069 907 1136 937 iter
1151 913 1187 938 et
1204 908 1459 948 expeditionem
1484 918 1573 940 com-

867 956 966 987 motis
981 967 1022 987 ex
1035 958 1183 996 stativis,
1206 958 1275 988 sive
1299 958 1332 989 in
1357 968 1478 999 agmen
1497 968 1574 999 pro-

867 1007 967 1036 motis
983 1007 1044 1043 eis,
1075 1018 1157 1047 quas
1187 1013 1256 1038 tum
1287 1009 1449 1040 habebat.
1496 1009 1572 1039 Hoc

867 1066 966 1087 sensu
983 1067 1077 1095 agere
1092 1058 1194 1098 copias
1210 1058 1289 1089 alibi
1307 1068 1440 1100 quoqne
1457 1068 1575 1090 occur·-

868 1109 926 1144 rit,
952 1113 987 1138 et
1012 1108 1102 1147 apud
1128 1109 1237 1148 ipsum
1264 1109 1425 1149 Hirtium,
1441 1114 1479 1140 ut
1505 1110 1577 1150 qui-

868 1155 943 1186 dem
958 1157 1084 1188 habent
1100 1158 1238 1197 optimae
1256 1160 1473 1191 membranae.
1490 1168 1574 1192 viu.

868 1208 898 1236 7.
922 1206 931 1221 ⁴
946 1206 1005 1236 Sin
1020 1207 1162 1247 majores
1176 1209 1289 1248 copias
1304 1210 1447 1249 ageret!
1482 1210 1574 1242 Hinc

869 1261 967 1296 patet
992 1256 1111 1296 etiam,
1135 1262 1264 1289 rectum
1291 1268 1366 1290 esse
1392 1259 1576 1300 litterisque.

870 1307 1024 1338 Instituit
1051 1307 1175 1338 bellum
1203 1318 1337 1348 gerere,
1364 1311 1497 1341 cunctis
1520 1320 1576 1343 co-

870 1358 944 1398 piis,
975 1368 1057 1399 quas
1086 1368 1201 1389 secum
1237 1359 1399 1400 habebat,
1430 1360 1577 1403 eductis,

868 1408 1062 1450 litterisque
1093 1409 1213 1449 missis,
1242 1414 1280 1441 ut
1308 1415 1435 1442 ceterae
1467 1412 1576 1452 copiae

870 1463 1195 1499 transportarentur.
1240 1460 1419 1492 Praeterea
1431 1461 1496 1492 suis
1518 1462 1577 1493 ad-

869 1510 940 1541 didi
971 1519 1084 1542 rursus
1118 1511 1187 1542 fide
1218 1511 1388 1544 Mstorum
1420 1519 1455 1544 et
1484 1513 1575 1544 Edd.

869 1561 1016 1591 omnium
1045 1566 1125 1593 ante
1152 1563 1239 1594 Scal.
1264 1563 1320 1604 qui
1345 1564 1450 1595 etiam
1473 1573 1491 1595 e
1516 1573 1577 1595 suo

868 1610 982 1641 forsan
999 1611 1117 1643 codice
1134 1613 1262 1653 primus
1277 1614 1390 1654 ejecit.

913 1664 952 1692 13
984 1663 1050 1693 Aut
1079 1664 1141 1694 ulla
1167 1662 1249 1703 exa]
1296 1664 1416 1695 Petav.
1448 1665 1576 1696 Lovan.

872 1713 968 1744 Leid.
985 1724 1036 1754 pr.
1062 1715 1161 1744 Voss.
1189 1719 1226 1745 et
1250 1715 1338 1746 Edd.
1358 1715 1455 1747 Rom.
1480 1717 1577 1748 Med.

871 1770 907 1794 et
921 1764 1007 1795 Edd.
1033 1768 1075 1795 et.
1103 1765 1188 1795 Ven.
1205 1766 1366 1796 Beroaldi
1383 1777 1429 1797 ac.
1474 1767 1578 1807 Atque

872 1814 966 1845 Leid.
981 1825 1047 1846 sec.
1094 1815 1183 1845 Dein
1200 1816 1282 1846 uuna
1295 1815 1393 1847 Leid.
1407 1825 1459 1856 pr.
1478 1816 1578 1848 Voss.

875 1866 962 1896 Edd.
992 1866 1089 1896 Rom.
1115 1866 1210 1897 Med.
1242 1866 1326 1898 Ven.
1348 1867 1414 1897 sine
1430 1866 1494 1898 Ed.
1510 1867 1577 1898 Be·

872 1917 989 1947 roaldi.
1026 1916 1099 1947 Sine
1117 1918 1199 1948 nulla
1215 1918 1243 1948 si
1259 1927 1341 1948 vera
1358 1923 1448 1949 esset
1463 1918 1579 1958 lectio,

863 1967 976 2008 juvari
993 1976 1034 1998 ea
1048 1973 1164 2008 posset
1176 1969 1343 1999 Mstorum
1356 1973 1391 1999 et
1403 1968 1580 2002 Saresber.

871 2027 912 2049 11.
943 2021 996 2049 25.
1028 2018 1130 2050 lectio
1167 2020 1256 2060 apud
1287 2020 1414 2051 Lucan.
1447 2029 1471 2051 1.
1503 2023 1578 2052 642.

870 2071 879 2085 ‘
897 2069 1000 2100 Nulla
1015 2069 1087 2100 sine
1102 2070 1202 2109 lege!
1257 2071 1314 2102 De
1332 2071 1462 2112 duplici
1477 2080 1581 2111 nega-

872 2119 964 2150 tione
996 2119 1072 2150 vide
1103 2130 1179 2161 quae
1207 2120 1352 2152 diximus
1379 2121 1419 2152 ad
1461 2131 1495 2152 v.
1522 2124 1578 2153 23.

870 2170 937 2200 Sed
954 2170 1067 2201 malim
1084 2171 1150 2202 sine
1172 2181 1259 2202 mora
1280 2182 1316 2203 ac
1339 2172 1408 2203 sirae
1431 2173 1493 2203 ulla
1507 2181 1578 2203 etc.

873 2221 1017 2251 Consule
1033 2221 1075 2252 Β.
1092 2221 1136 2253 G.
1155 2230 1210 2253 111.
1228 2225 1258 2253 l.

915 2274 955 2301 18
978 2271 1315 2310 Reliquumfutur·um.
1349 2274 1452 2313 Atque
1464 2273 1531 2313 ipse
1545 2274 1581 2304 in

872 2324 960 2352 tanta
976 2325 1043 2352 erat
1057 2321 1278 2362 festinatione]
1323 2323 1462 2355 Mutata
1477 2324 1582 2355 inter-

873 2371 1059 2411 punctione
1088 2372 1273 2412 voculaque
1307 2372 1433 2411 deleta,
1463 2374 1580 2414 legen-

874 2421 951 2452 dum
968 2422 1119 2461 reliquum
1139 2420 1310 2459 futurum;
1342 2422 1407 2462 ipse
1430 2423 1464 2454 in
1490 2426 1581 2455 tanta

873 2474 939 2502 erut
958 2471 1176 2511 festinatione,
1202 2472 1255 2511 ἔμ’.
1303 2472 1357 2502 lta
1373 2472 1432 2503 dat
1451 2473 1580 2504 Lovan.

873 2531 913 2552 ac
930 2522 978 2553 ita
1004 2522 1192 2562 Gryphius,
1209 2522 1414 2562 Stephanus,
1439 2527 1476 2554 ct
1491 2523 1583 2563 Lug-

874 2571 1041 2602 dunenses
1057 2574 1151 2603 151'6.
1164 2576 1464 2611 repraesentarunt.
1491 2572 1583 2604 Quin

874 2627 910 2653 et
937 2623 987 2653 ΕΙ.
1005 2622 1164 2653 Clarkius
1191 2621 1239 2652 ita
1262 2621 1330 2661 legi
1357 2631 1454 2661 posse
1479 2621 1581 2661 vidit,

874 2673 956 2703 licet
972 2672 1070 2703 aliam
1088 2674 1134 2703 sit
1157 2672 1229 2712 ipse
1247 2675 1384 2702 secutus
1401 2671 1581 2705 rationem.

874 2722 986 2753 Datis.
1012 2731 1085 2753 cur.
1103 2731 1172 2752 sec.
1217 2721 1297 2751 Non
1324 2730 1408 2760 opus
1432 2731 1506 2753 esse
1522 2722 1580 2754 de-

874 2771 935 2802 leri
947 2775 1050 2812 atque,
1068 2775 1165 2811 patet
1178 2779 1220 2801 ex
1236 2779 1338 2811 supra
1350 2770 1473 2804 dictis:
1496 2773 1581 2806 licet
