1850 3109
562 188 624 217 na
658 188 772 216 vrrs⁸
803 186 935 216 sumi
980 189 1211 222 cAEsAms.
1488 183 1610 228 *1851

158 283 337 333 explicari
356 295 401 320 ex
422 282 666 319 incommodo
698 282 794 319 inter
815 283 1005 333 angustias
1036 296 1109 320 non
1144 285 1478 333 18μοεερρρηιιιίηυ
1497 301 1612 338 expe-

157 347 272 384 ditior
291 358 378 396 pars
399 346 517 382 altera
539 345 740 382 videretur.
799 346 888 383 Erat
917 346 1046 383 classis
1074 347 1237 384 Rhodia„-
1259 349 1465 393 praesectns
1486 352 1610 390 ”ileu

158 410 296 455 sravor,
317 416 354 446 et
384 409 585 460 disciplina
623 410 674 446 rei
711 410 858 447 bellica:
888 417 927 447 et
959 411 1096 447 xirtute
1126 412 1239 448 ainiini
1264 412 1438 448 Romano
1458 414 1613 452 similior

158 486 273 523 quani
295 475 450 518 Graeco,
485 473 546 511 liic
581 474 803 511 dilationem
826 474 969 519 videns,
1005 482 1042 511 et
1077 488 1230 512 causam
1261 475 1454 513 dilationis
1476 477 1614 514 intelli-

157 550 262 588 gens,
300 538 353 574 sic
393 538 580 575 Caesarem
620 538 850 586 alloquitur:
899 544 906 557 ¹
929 539 1075 575 Sentire
1114 540 1204 575 milii
1244 539 1376 576 videor
1411 541 1612 577 eonsilium

157 608 279 644 tuum,
297 602 442 638 Caesar:
464 601 678 639 dubitasne
695 602 724 638 si
745 602 929 639 lizecvada
951 603 1063 652 primi
1084 603 1315 649 ingredimur
1331 611 1416 641 ante
1433 617 1615 653 cogamur

158 664 196 701 in
230 665 421 714 proelium‚
456 678 569 714 quam
605 665 738 714 reliqui
773 665 879 715 sequi
906 666 1063 715 possint,
1086 673 1203 715 atque
1238 667 1290 703 ita
1323 668 1453 716 iniquo
1489 669 1614 706 Marte

156 740 391 778 pugnemus:
422 728 486 764 sed
523 728 615 764 milii
653 741 798 771 curam,
833 729 974 773 Caesar,
1010 729 1157 779 linque:
1191 743 1265 767 non
1299 737 1335 767 te
1368 731 1508 776 sullam,
1543 746 1613 782 ego

157 792 322 829 hostium
345 791 528 841 impetum
547 792 743 830 sustinebo
765 793 855 830 dum
878 794 1039 831 comites
1061 802 1359 844 consequantur,
1385 796 1452 832 lios
1474 796 1614 846 ⁴Egyp-

156 856 228 894 tios
249 863 380 893 contra
402 870 469 893 nos
490 870 536 894 ex
557 870 670 906 :equo
690 863 800 902 stare,
835 864 872 894 et
900 858 980 895 haec
1001 858 1151 907 gloriari
1173 871 1298 907 posse,
1320 859 1432 895 doleo
1452 861 1615 908 graviter

155 927 192 958 et
213 920 416 968 indignor.'
474 920 696 957 Delectatus
730 922 862 958 Caesar
893 921 960 957 viri
990 922 1129 965 animo,
1163 921 1332 958 laudavit
1364 923 1614 972 hortatusque

156 991 228 1022 est.
286 985 382 1020 Cum
403 997 492 1021 vero
513 997 682 1022 rumores
703 985 873 1022 nondum
896 985 1076 1022 Romanis
1097 986 1175 1022 noti
1198 986 1233 1022 in
1254 986 1422 1023 exercitu
1444 986 1613 1023 hostium

158 1048 454 1091 crebrescerent,
486 1060 507 1084 e
535 1048 645 1098 Syria
678 1054 794 1097 atque
822 1048 957 1086 Cilicia
987 1048 1194 1086 adventare
1229 1050 1391 1087 Caesaris
1425 1050 1612 1099 legiones:

155 1111 393 1148 sollicitiores
414 1111 526 1147 solito
547 1112 713 1161 AEgyptii
736 1112 921 1149 instructa
940 1113 1064 1150 classe
1085 1113 1364 1151 commeatibus
1385 1113 1616 1150 insidiaban-

157 1181 236 1212 tur:
269 1173 372 1225 quod
414 1174 574 1211 audieus
611 1176 756 1220 Caesar,
796 1188 842 1212 eo
877 1176 1037 1213 classem
1073 1176 1220 1226 dirigit:
1250 1177 1286 1213 in
1327 1190 1403 1226 qua
1436 1177 1613 1214 Rhodius

157 1240 386 1289 Euphranor
425 1245 466 1275 ut
504 1238 726 1288 promiserat
766 1238 910 1288 primus
943 1252 1111 1289 pugnam
1148 1241 1242 1284 iniit,
1281 1253 1429 1290 semper
1467 1240 1614 1278 vincere

154 1304 314 1342 solitus:
345 1304 410 1341 sed
431 1303 584 1340 fortuna
616 1315 704 1339 eum
736 1302 840 1352 quod
870 1302 917 1339 de
941 1304 1067 1341 multis
1089 1303 1182 1342 facit
1216 1305 1253 1340 in
1286 1304 1360 1342 tine
1395 1305 1613 1354 reliquerat,

156 1368 331 1418 quamvis
364 1374 402 1404 et
436 1374 527 1403 tunc
561 1366 675 1403 etiam
697 1365 801 1410 vicit,
838 1378 925 1402 nam
961 1373 1000 1403 et
1019 1368 1170 1404 obviam
1204 1368 1393 1404 ³0navium
1430 1368 1544 1417 fregit
1577 1375 1616 1405 et

155 1431 349 1469 demersit.
406 1432 453 1467 Et
476 1430 568 1466 (lum
600 1428 805 1465 animosius
838 1428 949 1465 aliam
979 1438 1168 1479 perurget,
1199 1431 1302 1468 nullo
1322 1444 1434 1480 opem
1457 1431 1613 1477 ferente,

157 1509 223 1534 seu
244 1494 348 1545 quod
370 1495 500 1532 virtuti
521 1494 604 1543 ejus
636 1492 734 1530 adeo
765 1492 986 1537 ³¹viderent,
1022 1493 1133 1544 [¹216]
1169 1501 1209 1532 ut
1243 1495 1443 1532 crederent
1473 1495 1614 1532 auxilio

157 1572 233 1597 non
255 1572 378 1610 egere,
412 1571 478 1595 seu
512 1557 616 1607 quod
651 1556 779 1607 potius
817 1570 915 1602 reor,
949 1566 1054 1595 metu
1085 1559 1167 1595 illos
1197 1558 1404 1603 detinente,
1426 1559 1614 1596 vincendo

153 1630 271 1673 atque
292 1622 527 1672 insequendo
557 1621 719 1671 deperiit
750 1621 912 1667 ³2unius,
943 1628 982 1659 et
1001 1623 1098 1660 bene
1118 1630 1234 1672 gestae
1254 1623 1306 1660 rei
1326 1622 1480 1660 laudem
1500 1623 1617 1673 adep-

157 1694 217 1725 tus
237 1693 294 1724 est
315 1693 490 1723 mortem,
550 1686 641 1722 Erat
671 1686 774 1734 apud
809 1685 1001 1722 Caesarem
1040 1686 1288 1731 Ptolomaeus,
1325 1685 1431 1735 quod
1466 1686 1615 1735 ³³pleris

155 1759 290 1789 natura
309 1750 447 1795 evenit,
473 1755 586 1787 aetate
605 1762 713 1799 puer,
735 1748 948 1786 calliditate
968 1763 1083 1787 senex
1102 1764 1146 1788 ac
1167 1750 1351 1800 nequitia,
1379 1756 1461 1787 crat
1489 1756 1615 1787 autem

153 1815 252 1853 forte
275 1827 431 1865 sperans
460 1814 621 1864 gratiam
651 1813 812 1851 Caesaris
848 1814 1024 1864 Pompeji
1059 1821 1179 1852 morte
1212 1814 1490 1864 promeruisse:
1523 1814 1615 1851 huic

155 1879 300 1917 bellum
335 1891 380 1915 eo
414 1885 589 1928 tempore
623 1891 713 1915 cum
744 1877 950 1928 Cleopatra
981 1892 1112 1916 sorore
1131 1885 1212 1916 erat
1230 1885 1265 1916 et
1288 1879 1468 1928 conjuge,
1499 1890 1615 1927 quam

155 1942 312 1993 quidam
345 1942 382 1978 in
417 1955 571 1979 carcere
606 1947 698 1978 tune
733 1941 850 1978 fuisse
871 1941 1120 1979 confirmant:
1152 1941 1219 1978 sed
1252 1941 1474 1990 ubicunque
1501 1947 1614 1983 esset,

155 2014 307 2046 constat
328 2019 413 2043 eam
434 2005 481 2042 ad
506 2006 698 2043 Caesarem
720 2012 952 2054 penetrasse,
975 2019 1092 2055 seque
1125 2005 1173 2042 ad
1197 2005 1315 2054 ipsius
1345 2018 1469 2054 genua
1489 2004 1616 2054 proje-

157 2071 269 2115 cisse,
291 2076 462 2107 orautem
484 2076 526 2107 ut
545 2069 579 2106 ei
599 2076 745 2119 partem
771 2069 876 2119 regni
906 2070 1106 2107 restituere
1133 2070 1304 2119 juberet,
1326 2075 1367 2106 ut
1400 2068 1616 2106 communis

155 2140 384 2172 testamento
403 2133 521 2183 patris
543 2139 698 2170 cautum
718 2140 932 2184 appareret,
953 2140 991 2171 et
1010 2133 1144 2184 petitio
1157 2133 1267 2183 justa
1285 2139 1378 2178 erat,
1399 2139 1436 2170 et
1456 2131 1616 2182 insignis

156 2199 282 2236 forma
302 2196 484 2234 34Αιιάίῑο
503 2197 587 2245 ejus
619 2197 780 2247 imperio
813 2204 852 2234 et
883 2198 1132 2247 Cleopatram
1152 2197 1262 2234 simul
1282 2196 1457 2234 timentes
1478 2202 1514 2233 et
1534 2197 1620 2234 Cae·

156 2274 291 2306 sarem,
313 2274 384 2298 nec
412 2261 496 2310 jam
529 2273 645 2298 morae
678 2261 810 2298 locum
844 2273 928 2298 esse
961 2261 1201 2306 extimantes,
1230 2260 1280 2297 ad
1311 2268 1483 2310 apertam
1511 2259 1616 2297 ³⁵viri

158 2325 347 2370 conversi,
368 2331 482 2362 noete
511 2325 686 2376 proxima
707 2325 810 2362 illum
833 2324 933 2363 iutra
949 2325 1090 2375 regiam
1111 2324 1359 2363 obsederunt.
1416 2324 1502 2361 Fuit
1523 2330 1615 2361 tunc

157 2389 322 2427 maxime
342 2389 480 2426 virtute
512 2401 609 2439 opus
634 2389 785 2433 eximia,
808 2402 895 2439 quae
915 2395 972 2427 tot
992 2390 1158 2441 hostium
1179 2395 1261 2427 tota
1280 2395 1396 2427 nocte
1417 2402 1504 2426 cum
1524 2401 1618 2438 pau-

157 2453 212 2491 cis
233 2452 418 2502 impetum
439 2453 644 2499 tolleraret,
675 2453 934 2504 incendioque
962 2453 1191 2505 propelleret
1222 2453 1432 2492 vicinarum
1453 2452 1613 2490 aedium:

157 2656 160 2658 .
200 2631 242 2659 28
267 2629 369 2669 Lege,
396 2631 595 2668 posset.—29
618 2629 723 2669 Lege,
753 2631 1038 2671 &parumn—30
1061 2631 1165 2670 Lege,
1191 2628 1387 2659 natm-31
1414 2627 1518 2665 Lege,
1534 2625 1617 2666 fide·

157 2684 324 2725 nate-32
345 2682 451 2723 Lege,
489 2685 662 2715 urium-33
687 2683 803 2723 Forte,
831 2685 1088 2726 plerisque—34
1111 2680 1254 2722 Aliquid
1284 2680 1477 2711 deest.-—35
1502 2679 1619 2719 Forte,

163 2743 234 2765 erm.
