1850 3109
241 191 355 236 1436

232 296 366 336 judicio.
408 295 475 328 Sed
501 296 686 328 deditionem
711 301 847 327 servant
875 295 940 326 Pe-

243 354 310 380 tav.
323 348 445 388 Scalig.
462 353 499 378 ut
515 355 548 379 et
568 347 660 378 Leid.
679 357 746 377 sec.
767 348 864 377 Voss.
883 347 938 387 qui

243 397 310 429 dno
323 398 449 429 habeut
465 408 539 429 curn
557 397 651 428 Leid.
673 406 724 436 pr.
750 396 940 436 proejudicia,

243 448 364 489 quibus
380 447 542 487 intelligit
558 446 701 476 adversa
719 445 940 485 Pompeiano-

242 506 316 527 rum
341 506 415 536 cap.
433 499 485 526 25.
503 500 538 526 et
553 498 604 525 26.
632 494 760 534 proelia.
803 494 838 525 Si
865 495 939 535 quis

242 552 355 578 tamen
383 546 480 576 malit
498 555 538 575 αη
565 545 690 586 ubique
711 545 850 585 ejicere,
865 554 941 576 auc-

244 596 373 628 toribus
390 596 474 626 Mss.
493 594 663 636 plerisque
687 604 751 625 non
774 594 939 635 refragor:

242 646 322 687 quia
338 655 403 677 non
420 645 576 685 obposita
601 645 675 675 haec
696 649 784 683 sunt,
803 644 862 675 sed
886 654 942 675 ex-

243 695 460 737 aggerantia;
507 700 734 736 praeterquam
774 694 863 736 quod
900 704 942 726 ex

244 743 439 777 Accusativi
458 745 572 776 littera
589 756 629 785 m,
656 751 770 777 natum
788 745 942 776 videatur

242 796 333 827 istud
360 806 411 827 an.
467 797 521 827 De
548 805 608 825 usu
637 796 727 826 vocis
754 795 866 826 militis
888 795 943 825 adi

242 846 424 887 Spanlrem.
466 846 507 876 de
523 846 624 877 Num.
641 845 732 877 Diss.
751 854 800 876 xx.
818 855 851 886 p.
868 847 942 877 318.

243 895 281 927 T.
296 898 328 927 2.

286 955 428 978 xxxrn.
445 949 465 977 6
487 948 641 977 Consensu
655 956 770 977 summo
784 947 945 977 constituit

245 995 356 1036 Curio]
400 996 455 1026 Ita
469 996 570 1036 vulgo
587 995 694 1026 edunt
709 1006 727 1026 e
744 996 945 1036 conjectura

243 1047 465 1079 Hotomanni.
517 1046 665 1077 Faernus
692 1055 772 1077 vero
804 1055 822 1076 e
851 1046 944 1076 Msto

241 1096 380 1137 legebat
397 1097 432 1127 C.
448 1106 584 1134 snorum,
601 1100 638 1127 ut
652 1096 730 1127 alibi
745 1106 846 1137 saepe.
879 1097 944 1128 Ve-

243 1157 316 1178 rum
334 1148 416 1178 Mss.
431 1157 546 1178 omnes
561 1151 596 1178 ct
609 1147 694 1178 Edd.
708 1147 804 1178 Vett.
820 1146 945 1178 habent

240 1208 310 1229 suo:
334 1197 423 1230 unde
450 1196 680 1237 Glandorpius
706 1195 854 1227 faciebat
877 1207 944 1227 cum

240 1258 327 1280 sensu
342 1257 417 1285 suo:
437 1251 475 1279 ut
491 1246 634 1279 dicimus
652 1257 765 1277 mecum
781 1247 944 1286 constituo,

240 1299 292 1337 ὅγε.
337 1298 465 1328 Verum
495 1297 541 1327 nil
572 1297 782 1328 mutandum.
838 1297 941 1328 Curio

241 1352 321 1379 ante
351 1357 418 1378 non
448 1352 669 1378 consenserat
697 1347 730 1377 in
768 1347 940 1387 proelium;

242 1397 321 1429 vide
351 1407 426 1438 cap.
456 1405 561 1437 praec.
614 1397 692 1428 Jam
720 1407 800 1428 vero
827 1397 945 1428 videns

243 1447 482 1489 praefectorum
500 1451 535 1478 et
548 1446 692 1478 militum
710 1452 839 1478 mentes
858 1458 943 1488 proe-

240 1499 276 1529 lii
293 1498 452 1538 cupidine
469 1497 628 1537 flagrare,
642 1498 786 1529 mutavit
810 1503 944 1529 seuten-

242 1548 335 1588 tiam,
351 1554 386 1580 et
409 1548 587 1580 constituit
614 1549 736 1588 proelio
760 1558 829 1579 rem
856 1558 943 1579 coni-

241 1599 392 1638 mittere,
425 1609 514 1629 suum
540 1599 622 1629 (laus
647 1609 843 1630 consensum:
867 1609 943 1630 nam

242 1654 277 1680 et
291 1650 459 1690 potuisset
476 1659 591 1680 eorum
607 1649 776 1680 desiderio
789 1649 943 1690 obsequi,

241 1700 324 1731 licet
347 1700 419 1740 ipse
437 1699 526 1730 aliud
545 1699 626 1739 quid
643 1699 815 1731 sensisset.

284 1759 414 1781 xxxxv.
440 1753 460 1781 2
496 1750 626 1788 Magno,
655 1753 687 1779 nt
710 1749 832 1790 difficili
855 1753 885 1780 et
912 1760 941 1780 a.

240 1798 402 1839 adscensu]
448 1799 569 1829 Placet
591 1798 759 1829 Ciacconii
786 1799 943 1829 emenda-

241 1849 301 1889 tio,
317 1858 418 1890 quam
443 1848 567 1879 tacitus
593 1848 625 1878 in
652 1851 783 1878 textum
808 1848 944 1879 admisit

243 1900 399 1932 Clarkius
423 1910 536 1939 magna
565 1908 583 1929 e
609 1909 639 1929 c.
657 1901 709 1930 27.
733 1899 833 1930 ‘Una
857 1899 942 1929 valle

241 1960 308 1981 non
337 1960 458 1991 magna
485 1948 687 1989 interjecta?
733 1949 826 1980 Dein
853 1950 944 1981 istud

241 2003 275 2030 at
314 2008 332 2030 e
363 1998 535 2030 vincentii
573 1998 710 2038 Piuelli,
748 2002 785 2030 et
822 1999 943 2031 Fae'rui

242 2050 491 2087 emendatione,
542 2048 707 2088 probante
749 2049 943 2088 Ciacconio‚

240 2104 336 2131 recte
353 2103 557 2139 receperunt
573 2098 634 2129 viri
651 2097 754 2139 docti,
767 2099 942 2131 confirma-

243 2155 365 2191 turque
393 2150 459 2181 Ms.
485 2150 582 2180 Voss.
612 2148 746 2189 Reliqui
774 2149 881 2181 Codd.
907 2154 942 2181 et

241 2198 329 2231 Edd.
348 2200 440 2230 Vett.
457 2202 521 2229 ant.
550 2198 611 2228 nisi
629 2198 718 2238 quod
742 2199 772 2229 in
798 2200 907 2241 Bong.
923 2210 942 2231 a

241 2260 285 2280 m.
303 2259 370 2281 sec.
399 2249 443 2280 sit
466 2253 520 2286 ια,-
546 2248 633 2289 quod
663 2248 814 2280 Grutero
837 2249 942 2291 magis

240 2300 370 2331 adrisit.

284 2353 323 2380 10
348 2349 464 2380 Relicta·
479 2348 517 2379 ‹tl›
541 2349 594 2387 iis,
617 2350 668 2389 qui
698 2359 758 2379 una
780 2360 941 2390 procurre-

240 2403 324 2437 rant,
339 2399 413 2430 levis
425 2399 607 2438 arumna-a]
653 2400 794 2440 Equites
811 2400 854 2431 ad
866 2411 942 2433 suos

240 2449 455 2490 1·et'uge1·ant;
481 2449 536 2489 qui
554 2449 658 2488 igitur
676 2449 800 2487 relicti,
817 2460 858 2480 ex
875 2451 939 2482 levi

241 2505 338 2531 erant
368 2504 549 2529 armatura.
616 2499 734 2529 Scribe
766 2509 841 2529 cum
873 2501 938 2531 Ms.

242 2549 382 2582 Norvic.
404 2549 518 2579 Rclz'ctt'
530 2548 566 2577 ab
584 2549 632 2589 iis,
645 2551 695 2588 qui
711 2560 769 2580 mm
785 2561 941 2589 procurre-

239 2603 324 2640 rant,
339 2599 413 2630 letis
429 2602 606 2635 arnmtura;
631 2604 665 2630 et
681 2604 733 2629 est
746 2601 854 2638 σχῆμα
869 2599 942 2640 πρὸς

240 2649 278 2680 τὸ
300 2648 531 2688 σημαινόμενον,
562 2649 681 2679 velites
706 2649 793 2680 enirn
817 2650 940 2681 intelli-

241 2704 376 2742 guntur.
423 2699 501 2730 Non
531 2699 618 2729 male
645 2698 747 2729 ctiam
778 2709 813 2731 se
838 2700 940 2730 habet

241 2750 379 2791 vulgata
396 2750 510 2790 lectio,
527 2748 554 2781 si
568 2749 645 2781 let-is
654 2753 822 2781 armatura²
838 2751 940 2782 nonii-

722 201 862 233 NO'I'AE
895 200 1156 232 VARIORUM
1191 201 1242 231 IN

989 295 1092 326 nativi
1121 295 1259 335 pluralis
1286 304 1360 326 esse
1388 299 1594 335 statuantur,
1609 305 1686 328 nam

989 346 1104 385 paucis
1121 346 1219 383 latet,
1236 350 1368 376 veteres
1397 346 1428 376 in
1451 347 1591 387 hujusce
1618 346 1687 378 for·

989 404 1050 426 111ae
1075 395 1252 436 adjectivis
1276 405 1351 426 eum
1378 406 1490 427 casum
1508 396 1688 437 aliquando

989 444 1036 474 sic
1055 445 1262 475 terminasse.
1317 446 1411 476 Lei-es
1425 450 1600 478 armaturas
1616 446 1690 478 dix-

990 497 1090 524 erunt
1108 493 1242 524 Hirtius
1259 495 1299 524 13.
1318 493 1426 526 Afric.
1440 506 1471 526 c.
1495 499 1546 527 59.
1570 501 1605 527 et
1632 496 1688 527 Li-

990 543 1062 573 vius
1095 551 1171 573 xxr.
1203 548 1253 575 55.
1289 545 1399 575 Daris.
1466 546 1533 577 Sed
1567 552 1689 578 neutro

991 603 1091 634 opus:
1117 593 1318 625 subauditur
1333 596 1433 635 enirn,
1450 597 1574 628 milites.
1622 597 1689 628 Mi-

991 645 1068 676 lites
1093 645 1167 675 let-is
1190 646 1434 684 armatw·ae,85c.
1461 646 1567 678 Clark.
1622 648 1690 679 Ne-

992 704 1157 736 quaquam
1174 695 1287 735 placct
1302 695 1377 726 letis
1393 695 1478 726 sumi
1494 696 1527 726 iu
1549 706 1690 728 numero

992 745 1122 785 plurali.
1169 746 1329 785 Praestat,
1345 746 1370 776 si
1383 746 1462 787 quid
1479 745 1690 785 mutandum,

991 798 1151 827 armatura
1172 804 1233 834 per
1251 794 1509 835 adpositionem‚
1535 795 1625 837 quod
1640 804 1691 827 re-

992 850 1060 877 stat
1078 845 1110 876 in
1138 845 1264 877 Petav.
1291 846 1387 876 Leid.
1406 855 1456 886 pr.
1479 855 1545 877 sec.
1562 845 1691 877 Lovan.

992 900 1028 927 et
1045 896 1190 927 Dorvill.
1214 895 1274 927 uisi
1301 900 1336 926 et
1362 896 1425 926 hoc
1452 896 1495 926 sit
1522 905 1540 927 e
1564 904 1692 937 praece-

993 947 1095 977 dente
1118 946 1289 985 scriptura
1313 946 1469 977 codicum
1495 946 1571 978 let-is
1592 955 1693 976 arma-

994 998 1065 1026 tura
1081 998 1110 1026 et
1128 995 1292 1032 interjecti.

1037 1047 1078 1077 20
1095 1045 1333 1085 Fra-occupatus
1342 1045 1460 1076 animus
1471 1064 1512 1068 —
1521 1044 1694 1088 cogitabat]

994 1095 1085 1126 Edit.
1103 1095 1201 1126 Rom.
1225 1097 1448 1136 prcroccupatis
1468 1096 1579 1127 animis
1591 1114 1633 1119 —
1646 1107 1695 1127 cv-

991 1144 1136 1184 gitabant
1164 1145 1229 1176 Ms.
1256 1145 1338 1185 Reg.
1366 1145 1572 1185 proeoccupati
1594 1145 1693 1178 animi

994 1213 1036 1216 —
1058 1194 1246 1233 cogitabant.
1292 1196 1378 1227 Quae
1405 1194 1494 1226 forte
1522 1199 1557 1227 et
1581 1196 1694 1226 verior

994 1244 1107 1275 lectio.
1148 1245 1255 1274 Clark.
1321 1245 1504 1285 Vulgatum
1542 1245 1695 1278 restituit

995 1295 1136 1326 Ursinus
1153 1305 1171 1326 e
1187 1305 1247 1326 suo
1265 1295 1403 1333 Codice,
1415 1295 1448 1326 id
1466 1296 1554 1336 quod
1572 1293 1691 1327 confir·

994 1350 1104 1376 matur
1130 1346 1214 1377 Mss.
1238 1345 1372 1376 Brantii
1388 1350 1423 1376 et
1439 1346 1521 1376 ineis
1538 1345 1692 1376 omnibus

996 1400 1120 1436 praeter
1140 1395 1232 1427 Leid.
1258 1405 1323 1426 sec.
1349 1396 1405 1435 qui
1421 1395 1559 1426 exhibet
1579 1405 1694 1435 proeoc-

994 1447 1097 1487 cupuli
1113 1447 1225 1477 animis
1239 1446 1427 1485 cogitabant.
1474 1447 1629 1478 Priorem
1644 1451 1694 1478 ta-

994 1506 1070 1527 men
1096 1497 1276 1528 lectionem
1299 1501 1491 1537 propugnat
1508 1497 1694 1528 Hotoman·-

995 1557 1076 1585 nus3
1102 1552 1136 1578 et
1153 1547 1243 1586 vido,
1267 1557 1342 1588 quae
1364 1547 1550 1578 notavimus
1567 1548 1608 1578 ad
1628 1557 1692 1580 vu.

994 1599 1025 1628 4,
1050 1596 1117 1628 Sed
1136 1597 1236 1627 Mstis
1253 1597 1452 1628 cedendum.

1039 1655 1156 1677 xxxv.
1184 1650 1204 1678 6
1228 1648 1399 1678 Humerum
1428 1652 1568 1688 apertum
1586 1649 1694 1687 gladio

994 1697 1128 1737 appetit]
1174 1697 1248 1729 Hoc
1266 1702 1319 1729 est
1335 1698 1505 1739 dextrum,
1526 1699 1583 1740 qui
1597 1703 1693 1730 scuto

995 1758 1060 1778 non
1077 1748 1269 1789 tegebatur.
1314 1749 1407 1780 Malo
1423 1749 1512 1780 enim
1529 1749 1576 1780 ita
1591 1757 1694 1789 expo-

995 1808 1087 1838 nere,
1101 1809 1199 1840 quam
1213 1804 1250 1830 ut
1262 1799 1373 1830 dicam
1386 1803 1524 1839 apertum
1535 1799 1588 1830 hic
1602 1798 1692 1830 idem

994 1858 1067 1880 esse
1083 1853 1185 1890 atque
1210 1849 1302 1888 illud,
1331 1849 1419 1890 quod
1437 1849 1479 1879 de
1494 1849 1582 1880 bello
1600 1849 1693 1881 Gau.

994 1898 1016 1928 l.
1033 1907 1099 1930 vn.
1129 1899 1175 1929 ait
1194 1900 1308 1930 Caesar
1324 1899 1366 1930 de
1381 1899 1509 1937 AEduis,
1531 1903 1538 1916 ‘
1556 1899 1692 1930 tametsi

994 1947 1125 1979 dextris
1145 1949 1289 1979 humeris
1305 1949 1431 1980 exertis
1447 1950 1695 1981 animadverte-

994 1999 1136 2031 bantur.'
1181 2001 1300 2040 Neque
1321 2005 1403 2040 puto
1419 2000 1599 2041 quicquam
1615 2001 1694 2032 huic

994 2049 1068 2080 loco
1095 2059 1270 2080 commuue
1297 2059 1371 2080 (·11111
1396 2050 1452 2081 illo
1479 2049 1602 2081 fuisse:
1629 2051 1693 2081 etsi

994 2099 1039 2139 id,
1054 2100 1087 2130 ni
1111 2099 1220 2138 fallor,
1245 2100 1463 2132 existimabat
1477 2100 1694 2132 doctissimus

991 2149 1295 2181 JauusGriitei·1is.
1325 2151 1458 2181 Vossius.
1497 2151 1588 2191 Lege
1600 2161 1692 2191 appe-

992 2199 1055 2229 tiit.
1072 2199 1182 2243 Duris.
1199 2209 1269 2230 cur.
1287 2209 1354 2230 sec.
1379 2199 1427 2230 At
1442 2200 1518 2231 vide
1535 2200 1577 2231 ad
1593 2210 1622 2231 c.
1638 2203 1692 2232 26.

1037 2252 1076 2280 10
1099 2249 1345 2289 Acfitgientimn
1364 2250 1561 2281 multitudine
1579 2260 1615 2281 ac
1627 2254 1692 2281 tnr-

992 2299 1045 2340 ba]
1090 2301 1182 2338 Lego
1209 2310 1251 2330 ex
1279 2299 1463 2340 Cujaciano
1490 2301 1546 2331 lure
1562 2300 1692 2339 fugien-

992 2350 1070 2380 tium
1086 2351 1172 2380 mult.
1189 2360 1219 2380 a.
1236 2353 1259 2380 t.
1290 2350 1371 2380 Voss.
1415 2350 1540 2389 Vulgg.
1557 2360 1592 2381 ac
1601 2350 1691 2388 sugi-

991 2400 1124 2430 entinm:
1140 2399 1199 2430 sed
1218 2399 1397 2430 lectionem
1415 2409 1434 2429 a
1449 2409 1500 2430 mc
1518 2406 1690 2439 receptam

992 2450 1024 2480 111
1040 2459 1097 2480 suo
1115 2449 1242 2480 Codice
1270 2449 1398 2479 invenit
1427 2449 1518 2479 Fulv.
1543 2449 1693 2488 Ursinus,

993 2499 1026 2529 in
1064 2500 1155 2530 Msto
1187 2500 1263 2539 Cuj.
1295 2499 1443 2539 Vossius,
1477 2509 1515 2530 ac
1548 2500 1620 2539 ipse
1658 2499 1691 2529 in

996 2551 1098 2580 Norv.
1127 2554 1163 2581 et
1191 2548 1370 2580 mauit'esto
1388 2559 1464 2580 vera
1491 2554 1554 2580 est.
1578 2549 1690 2579 Dat-is.

993 2599 1076 2630 Huc.
1122 2598 1334 2638 Suffragatur
1369 2599 1434 2629 Ms.
1471 2599 1605 2640 Regius.
1648 2599 1692 2631 In

991 2650 1160 2680 nonnullis
1177 2648 1356 2679 Codicibus
1372 2654 1436 2687 est,
1450 2648 1691 2689 Asugientium,

990 2700 1042 2736 δῖε.
1089 2700 1173 2731 Quae
1201 2703 1233 2729 ct
1265 2698 1335 2738 ipsa
1363 2698 1479 2729 Lectio
1503 2709 1568 2728 non
1592 2699 1690 2730 mala.

991 2750 1114 2791 Vulgg.
1150 2749 1286 2787 liabent,
1319 2748 1367 2780 Ac
1401 2748 1608 2790 fugientium,
1635 2750 1688 2789 &c-
