1850 3109
547 194 608 225 nn
641 192 756 224 vra-A
791 192 923 223 sumt
959 193 1191 226 CAESARts.
1478 184 1591 231 1853

138 290 368 335 scendisset3
399 296 522 339 utque
555 290 591 327 in
625 290 690 327 tali
710 290 880 340 periculo
900 289 980 329 fieri
1000 291 1097 329 solet
1116 293 1323 330 multorum
1345 302 1503 344 aggestu
1523 303 1590 335 aut

137 355 331 405 impulsus,
353 353 463 404 [218]
480 360 546 390 aut
567 354 676 391 alveo
695 354 834 392 obruta
854 355 1048 392 demersus
1063 356 1100 392 in
1122 355 1293 406 pelagus,
1313 369 1381 406 per
1401 357 1589 397 ducentos

137 431 272 469 passus
301 418 429 456 enavit
462 418 510 455 ad
546 419 805 469 propinquam
838 419 977 456 navim.
1034 420 1130 457 Sunt
1161 420 1227 470 qui
1256 420 1532 470 paludamento
1554 423 1589 459 in

136 480 317 520 fluctibus
353 482 527 528 dimisso,
548 491 721 520 enatasse
755 483 859 520 illurn
895 482 1043 520 dicant:
1078 483 1196 533 idque
1227 497 1294 521 seu
1333 483 1493 522 fortuitu
1524 498 1590 522 seu

134 546 322 591 consulto,
355 552 395 583 ut
427 547 554 583 hostes
590 547 626 583 in
662 546 754 583 illud
789 547 936 596 sagittis
957 560 1002 584 ac
1024 547 1220 596 lapidibus
1250 549 1413 586 intentos
1434 549 1590 586 faceret.

135 610 234 648 Sunt
255 610 320 659 qui
354 609 664 659 paludamentum
698 611 894 647 mordicus
926 617 1070 655 tenens,
1104 623 1151 647 ne
1182 611 1278 648 hanc
1302 611 1456 661 quidem
1478 612 1593 662 glori·

134 673 224 710 andi
254 674 448 710 materiam
480 673 654 710 hostibus
689 673 886 723 reliquisse
924 673 1257 711 “confirmissentz
1289 675 1371 712 haec
1404 676 1592 725 vulgatior

134 743 172 775 et
192 737 419 774 certioribus
441 738 602 774 testibus
624 736 782 773 suffulta
798 737 986 774 sententia
1007 744 1082 775 est:
1114 750 1200 775 nam
1222 737 1270 775 de
1291 752 1336 776 eo
1357 739 1461 776 nulla
1481 739 1593 777 dnbi-

133 806 229 844 etas,
251 800 352 837 illum
374 800 526 837 sinistra
547 813 658 837 manu
688 798 906 845 ⁴⁶enavisse,
940 813 987 838 ne
1019 801 1181 847 libellos,
1217 816 1313 852 quos
1334 816 1379 840 ea
1400 804 1589 852 gestabat,

133 863 247 901 maris
265 877 365 914 aqua
396 864 658 913 perfunderet.
717 865 812 901 Mox
845 871 1029 913 exceptus
1064 878 1084 902 a
1117 866 1193 903 suis
1225 866 1278 902 nil
1311 873 1493 911 moratus,
1524 867 1591 904 sed

132 927 417 965 *famulatibus
439 928 499 964 illa
520 941 587 965 sna
609 927 804 964 celeritate
825 939 872 964 ac
895 927 1074 966 felicitate
1095 942 1223 966 versus
1245 929 1282 966 in
1305 930 1445 974 hostes,
1467 930 1592 967 incre·

134 990 266 1036 dibile,
300 1004 418 1040 quam
458 991 587 1028 subito
621 990 785 1027 classem
825 991 964 1039 regiam
994 993 1183 1042 oppressit
1219 993 1421 1043 '‘Saccepit.
1477 994 1594 1032 Periit

134 1055 207 1091 hoc
228 1067 438 1105 congressu
457 1054 689 1091 Theodotus
711 1054 828 1091 totius
851 1055 938 1092 muli
971 1056 1106 1093 artifex
1141 1057 1361 1101 commenti,
1382 1070 1592 1107 omnesque

135 1118 246 1155 simul
283 1118 462 1168 Pompeji
499 1118 766 1155 interfectores
800 1119 1002 1156 interfecti.
1060 1120 1248 1158 Photinus
1283 1127 1323 1158 et
1357 1120 1591 1159 Ganimedes

133 1182 294 1220 evasisse
329 1182 570 1227 videbantur,
606 1182 673 1220 sed
708 1182 745 1218 in
781 1182 872 1231 suga
906 1183 978 1232 ipsi
1010 1184 1128 1220 etiam
1163 1185 1294 1221 misera
1326 1191 1445 1222 morte
1477 1184 1592 1222 deleti

135 1254 240 1284 sunt:
271 1259 341 1284 nec
364 1247 486 1284 minus
506 1246 642 1284 ⁴⁹intra
663 1247 803 1284 bellum
825 1254 919 1285 erat.
976 1247 1320 1285 Alexandrinorum
1341 1256 1468 1286 castra
1488 1249 1593 1287 celso

133 1311 222 1348 loco
242 1311 363 1361 posita
384 1311 595 1361 expugnari
629 1310 710 1347 sine
731 1323 868 1360 magno
891 1311 1051 1348 militum
1085 1312 1258 1360 periculo
1290 1324 1367 1349 non
1397 1319 1590 1361 poterant.

135 1375 331 1413 Sollicitus
367 1376 436 1412 bac
471 1375 518 1412 de
552 1388 590 1412 re
626 1375 767 1419 Caesar,
798 1374 963 1412 advertit
1000 1388 1191 1412 summum
1222 1382 1430 1413 castrorum
1461 1376 1590 1413 locum

133 1452 298 1477 vacuum
319 1439 558 1484 derelictum,
580 1452 624 1475 eo
647 1439 751 1489 quod
773 1445 910 1488 suapte
932 1445 1063 1476 natura
1085 1445 1193 1476 tutus
1216 1439 1419 1484 videretur,
1441 1453 1593 1477 omnes-

135 1517 211 1554 que
232 1503 291 1540 vel
318 1516 458 1553 pugnae
479 1503 537 1540 vel
569 1503 781 1553 spectaculi
804 1504 1001 1553 voluptate
1021 1503 1068 1540 ad
1089 1502 1220 1540 infima
1240 1503 1506 1540 descendisse:
1538 1503 1592 1540 ire

133 1568 200 1606 illo
220 1567 363 1617 aliqum=
385 1568 564 1605 cohortes
593 1567 710 1616 jubet
743 1575 780 1605 et
810 1568 967 1606 occulto
996 1567 1145 1604 ambitu
1174 1567 1383 1617 pervenire,
1407 1566 1592 1616 praefecto

136 1631 194 1670 his
214 1631 459 1681 Curplleleno
479 1630 568 1668 forti
586 1631 663 1668 viro
683 1638 719 1668 et
743 1631 906 1668 bel-laudi
926 1644 1067 1681 gnaro:
1091 1631 1196 1681 quod
1218 1644 1305 1668 cum
1326 1630 1472 1668 factum
1493 1637 1594 1668 esset

135 1696 242 1733 locus
264 1708 359 1745 pene
379 1695 539 1732 ”nultus
559 1695 836 1739 defensoribus,
862 1696 943 1733 ⁵¹ex
965 1696 1020 1732 his
1039 1695 1132 1745 ipsis
1155 1695 1303 1739 tenuis,
1325 1702 1478 1744 repente
1510 1707 1594 1731 cor-

134 1759 293 1810 ripitur3
321 1766 358 1796 et
377 1759 542 1796 clamore
561 1759 723 1804 sublato,
746 1766 782 1796 et
804 1759 869 1809 qui
893 1758 988 1796 infra
1009 1765 1115 1796 erant
1135 1758 1249 1796 solito
1281 1759 1405 1797 acrius
1424 1770 1595 1808 pugnan-

134 1824 252 1870 tibus,
274 1823 364 1862 totis
385 1824 518 1862 castris
535 1823 613 1860 sine
642 1823 806 1861 ⁵²‹leletu
827 1823 951 1860 exitus
981 1822 1071 1872 fuga
1090 1821 1147 1867 fit,
1168 1829 1204 1860 et
1226 1822 1311 1859 hinc
1334 1835 1489 1872 quoque
1510 1821 1593 1858 aliis

137 1900 252 1938 super
283 1888 378 1925 alios
411 1889 620 1931 ruentibus,
644 1894 787 1937 strages
820 1887 950 1936 ingens
971 1898 1049 1923 xx.
1073 1897 1123 1923 Μ.
1165 1886 1328 1923 hostium
1357 1886 1430 1923 hoc
1461 1885 1594 1935 proelio

136 1965 237 1992 caesa
256 1958 360 1990 suot:
384 1964 469 1990 ΧΠ.
490 1963 540 1989 Μ.
562 1951 709 1996 dedita,
732 1965 819 1988 cum
844 1962 951 1988 Lxx.
972 1950 1094 1999 longis
1115 1950 1294 1987 navibus:
1317 1959 1353 1986 vc
1375 1962 1420 1986 ex
1442 1948 1595 1986 victeri-

136 2015 208 2054 bus
229 2015 387 2066 periere.
420 2016 501 2052 Rex
521 2016 602 2064 ipse
623 2014 756 2052 castris
777 2014 962 2063 effugiens
985 2014 1020 2050 in
1038 2014 1223 2062 scapham
1240 2012 1456 2060 conjectus,
1478 2011 1593 2063 [219]

137 2088 177 2119 et
196 2080 416 2131 urgentibus
436 2080 502 2129 qui
522 2080 683 2117 evadere
715 2079 824 2116 simul
858 2078 1088 2116 festinabant
1108 2078 1145 2115 in
1166 2090 1269 2115 mare
1288 2077 1485 2125 dejectu55
1515 2088 1593 2114 non

136 2144 185 2183 ad
206 2157 297 2182 suos
319 2150 360 2181 ut
380 2144 522 2188 Caesar,
544 2143 610 2180 sed
631 2142 679 2180 ad
699 2143 823 2193 pisces
842 2150 878 2179 et
901 2141 949 2179 ad
981 2142 1144 2178 fundum
1163 2141 1282 2178 abiit:
1312 2146 1429 2190 atque
1457 2139 1596 2190 impul-

135 2222 219 2246 sum
253 2207 434 2246 fluctibus
463 2206 629 2244 cadaver
661 2206 858 2243 inventum
892 2205 929 2241 in
963 2205 1058 2254 ripa,
1080 2211 1117 2241 et
1150 2204 1279 2241 loricae
1299 2216 1423 2240 aureae
1451 2202 1594 2240 indicio

138 2271 354 2323 cognitum:
385 2271 440 2308 sic
473 2269 629 2320 puerilis
661 2268 763 2306 fraus
798 2268 835 2304 iu
870 2267 954 2317 ipso
975 2266 1067 2304 flore
1089 2267 1269 2317 nequitiae
1289 2267 1472 2305 extincta.
1529 2266 1594 2304 Sic

137 2343 176 2374 et
195 2335 299 2373 aliud
319 2348 436 2385 agens
456 2335 598 2378 Caesar,
620 2334 747 2383 genesi
769 2333 871 2370 ultor
888 2331 1060 2376 effectus,
1093 2338 1131 2368 et
1161 2331 1260 2368 illius
1282 2331 1409 2381 magni
1430 2330 1496 2368 viri
1517 2343 1595 2368 ma-

138 2399 252 2437 nibus
274 2398 627 2436 nocentissimorum
647 2397 842 2435 hominum
863 2395 1044 2445 sanguine
1061 2402 1302 2445 parentatum
1319 2402 1393 2432 est.

187 2463 373 2501 Posthaec
403 2461 667 2500 Alexandriam
707 2461 831 2498 victor
872 2461 1003 2498 Caesar
1035 2459 1257 2510 ingreditur,
1289 2466 1397 2498 tanta
1424 2458 1593 2496 omnium

181 2635 224 2664 ‘⁴5
249 2631 651 2673 LegefconfirmenL-—46
675 2630 796 2670 Deest,
809 2631 997 2661 elata—47
1022 2629 1137 2666 Forte,
1154 2624 1410 2664 furniliuri.—48
1434 2623 1537 2660 Lege,
1558 2629 1594 2650 Μ

140 2686 318 2726 cepit—49
342 2687 446 2727 Lege,
459 2685 496 2716 in
506 2687 688 2715 terrm-5⁰
706 2683 1035 2724 ·Forte,·nudus.-51
1057 2682 1162 2721 Lege,
1177 2683 1206 2710 et
1222 2678 1269 2708 laia
1282 2676 1454 2718 ipsis.-52
1477 2674 1594 2713 Forte,

133 2738 269 2770 damu.
