1850 3109
198 203 307 241 158ἒῖ
624 212 660 241 J.
696 212 832 242 [13le
868 212 1217 241 coluxttssx'ltxntt

196 321 314 346 manu
332 314 371 346 et
389 317 546 359 pectore
566 310 693 360 fugam
715 311 864 354 sistens,
897 317 936 348 et
957 310 1087 360 fugere
1108 311 1334 360 incipientes
1355 311 1390 348 in
1414 311 1587 361 proelinm
1609 312 1647 348 vi

194 380 434 422 retorquens,
467 373 685 424 ³⁷tanquam
707 374 873 423 denique
906 373 1113 422 trepidatio
1139 374 1231 411 lucis
1252 375 1348 412 illius
1368 375 1452 419 fuit,
1489 382 1647 424 tamque

195 436 262 474 diu
281 437 480 486 ambiguus
500 451 638 487 pugnae
659 437 757 481 finis,
780 443 819 473 ut
841 436 1030 485 cogitasse
1051 437 1243 475 Caesarcm
1265 439 1311 475 de
1331 439 1505 475 extremis
1527 440 1648 488 scrip-

196 506 322 538 torum
357 502 605 550 plurimorum
639 500 938 544 ³⁸tradiderunt;
969 507 1007 537 et
1040 514 1085 537 eo
1106 501 1215 537 vultu
1250 500 1381 545 fuisse,
1400 503 1513 551 [¹254]
1539 502 1645 552 quod

192 564 270 613 jam
302 572 459 601 mortem
493 563 565 600 sibi
596 564 842 601 ³9consistere
862 563 1064 614 cogitaret,
1100 576 1333 613 quamquam
1367 565 1471 614 apud
1493 580 1558 601 eos
1579 567 1648 614 qui

195 628 330 677 proelio
351 628 605 666 interfuerunt
635 627 742 664 nulla
761 628 913 677 penitus
930 628 981 664 rei
1015 628 1128 676 hujus
1148 635 1205 664 est
1225 628 1391 665 mentio:
1423 635 1459 665 et
1482 636 1537 665 est
1560 641 1649 666 sane

195 690 361 735 difficile,
397 704 472 728 non
493 698 641 728 tantuin
662 691 899 735 absentibus,
932 691 998 728 scd
1022 692 1273 741 praesentibus
1297 692 1461 729 diffinire
1483 691 1576 742 quid
1597 705 1649 730 se-

195 767 296 800 cum,
315 753 477 805 quisque
510 755 666 804 cogitet.
734 755 816 803 Ego
851 763 977 792 autem
1008 756 1110 792 haud
1143 755 1298 792 difficile
1332 756 1379 793 ad
1414 756 1648 793 eredendum

195 817 326 862 ducar,
349 818 453 868 quod
489 819 517 855 si
548 819 596 856 de
619 818 777 856 victoria
799 819 930 856 Caesar
951 819 1088 863 timuit,
1112 819 1223 856 simul
1244 826 1282 856 et
1299 820 1346 857 de
1369 827 1488 857 morte
1505 819 1649 869 cogita-

195 881 272 919 vit:
302 882 499 932 quomodo
533 882 632 919 enim
661 896 786 933 quove
815 883 942 920 animo
976 883 1038 920 uni
1074 883 1309 920 adolescenti
1338 889 1442 933 terga
1477 884 1650 920 vertisset

193 944 239 989 is,
260 946 326 995 qui
346 953 543 995 parentem
564 947 649 995 ejus
671 946 786 983 talem
809 947 942 990 virum,
965 946 1030 996 qui
1051 953 1108 983 tot
1129 959 1247 995 reges,
1267 946 1332 994 qui
1351 951 1410 982 tot
1428 945 1558 990 duces,
1582 946 1649 996 qui

193 1009 357 1058 populos
377 1023 452 1046 non
474 1009 625 1047 urbium
647 1010 764 1047 modo
786 1011 850 1047 sed
878 1023 1080 1060 regnorum
1116 1011 1253 1047 totiens
1288 1017 1393 1058 terga
1414 1009 1487 1046 sibi
1507 1018 1649 1048 vertere

194 1072 412 1122 coegisset?
443 1073 576 1123 utique
610 1073 724 1123 igitur
744 1074 773 1110 si
806 1075 904 1112 vinci
926 1074 1066 1119 timuit,
1103 1076 1197 1112 mori
1219 1075 1367 1124 optaxit
1389 1075 1540 1111 vincere
1561 1075 1653 1112 soli-

193 1143 269 1181 tus,
290 1149 367 1173 non
388 1136 512 1176 vinei:
544 1137 609 1174 sed
631 1150 678 1174 an
695 1138 792 1175 vinci
822 1139 987 1176 timuerit
1007 1139 1091 1189 quis
1110 1139 1244 1176 novit?
1273 1140 1418 1176 Dicunt
1439 1145 1580 1183 tamen,
1610 1146 1649 1176 et

192 1199 385 1249 “quidem
406 1201 517 1238 etiam
539 1214 611 1252 pro
630 1209 831 1252 comperto
851 1210 1034 1248 asserunt,
1057 1203 1201 1241 tamdiu
1221 1203 1304 1241 tuaec
1321 1215 1444 1240 rerum
1465 1202 1651 1252 ambigui-

194 1270 250 1300 tas
269 1262 433 1309 duravit,
455 1263 577 1302 donec
598 1266 768 1315 quinque
789 1267 964 1304 cohortes
983 1267 1149 1304 hostium
1165 1279 1187 1303 a
1203 1267 1374 1304 Labieno
1395 1267 1524 1303 castris
1546 1266 1652 1303 labo·

193 1326 366 1364 rantibus
386 1327 656 1365 ”auxiliorum
684 1328 858 1373 directae,
897 1329 1138 1379 mediamque
1172 1330 1208 1367 in
1231 1330 1354 1367 aciem
1384 1337 1648 1380 properantes,

194 1388 296 1439 fugae
318 1391 487 1440 speciem
518 1392 857 1441 ⁴²praetenderunt.
914 1394 950 1431 O
988 1394 1139 1431 fortuna
1172 1401 1212 1431 ut
1242 1394 1409 1431 creditur
1428 1394 1464 1430 in
1487 1395 1591 1431 omni
1610 1407 1649 1431 re

192 1460 344 1502 potens,
366 1453 431 1491 sed
462 1454 499 1492 in
519 1455 621 1493 bello
640 1457 920 1506 potentissima.
977 1457 1177 1507 Siquidem
1199 1457 1340 1503 Caesar,
1362 1458 1438 1495 sive
1460 1458 1544 1494 illas
1564 1469 1649 1495 vere

192 1516 321 1566 sugere
339 1518 559 1565 arbitratus,
582 1520 659 1557 sive
673 1519 980 1559 “crudelitatem
1003 1521 1183 1567 similans,
1201 1521 1344 1559 ducum
1367 1522 1646 1571 sagacissimus,

194 1581 296 1619 velut
318 1581 355 1618 in
387 1582 572 1632 profugas
592 1582 776 1633 impetum
798 1583 904 1629 facit,
937 1585 1161 1636 animosque
1181 1593 1219 1623 et
1240 1585 1317 1623 suis
1337 1585 1488 1622 addidit
1522 1593 1561 1622 ut
1593 1584 1650 1622 su·

192 1658 279 1694 gere
302 1645 430 1684 hostes
451 1646 524 1683 rati
544 1654 807 1697 sequerentur,
829 1654 866 1685 et
884 1647 1099 1686 44hostibus
1121 1648 1320 1699 depressit,
1344 1655 1384 1686 ut
1404 1648 1496 1685 dum
1519 1648 1649 1697 sugere

191 1721 280 1746 suos
313 1711 560 1759 suspicantur
594 1710 783 1760 fugerent.
840 1713 977 1762 Itaque
1010 1713 1203 1750 Labienus
1223 1713 1390 1750 ”Ca-sar
1410 1712 1584 1749 desertor
1603 1725 1648 1750 ac

190 1772 400 1823 transfuga,
421 1773 556 1823 suique
575 1774 723 1824 pristini
743 1775 853 1813 ducis
876 1776 995 1814 hostis
1015 1776 1275 1821 inexorabilis,
1309 1776 1370 1814 cui
1399 1788 1534 1825 parare
1566 1788 1651 1826 per-

192 1836 330 1874 niciem
353 1838 566 1887 quaerebat,
598 1839 798 1876 victoriam
819 1839 1066 1889 insperatam,
1098 1839 1167 1876 ⁴⁶si
1188 1854 1277 1878 vero
1308 1846 1466 1876 mortem
1489 1839 1647 1888 peperit.

193 1900 249 1937 Eo
268 1901 366 1939 enim
388 1901 521 1952 proelio
542 1909 581 1940 et
609 1903 691 1952 ipse
719 1903 904 1948 concidit,
939 1917 1091 1954 unaque
1123 1917 1252 1942 secum
1284 1904 1420 1941 Actius
1442 1903 1581 1949 VaruS,
1609 1911 1648 1941 et

192 1976 280 2001 cum
314 1965 366 2002 eis
401 1966 554 2015 triginta
588 1967 694 2003 milia
725 1966 919 2005 hominum
941 1968 1141 2006 cecidere:
1172 1968 1404 2005 cecidissent
1424 1966 1550 2016 plures
1580 1967 1648 2004 nisi

192 2034 268 2065 tam
291 2028 506 2077 proximum
543 2029 644 2067 urbis
678 2029 897 2080 profugium
919 2031 1072 2068 fnisset:
1105 2031 1154 2069 de
1182 2032 1389 2068 victoribus
1410 2031 1456 2068 ad
1481 2029 1521 2072 ιΤι
1544 2032 1645 2075 caesi,

190 2091 316 2141 piures
337 2092 456 2129 saucii
487 2094 660 2142 equitum
681 2107 725 2131 ac
746 2095 933 2143 peditum.
993 2097 1128 2145 Itaque
1149 2108 1234 2133 eum
1257 2095 1388 2133 Caesar
1409 2095 1524 2132 muris
1544 2095 1648 2132 obsi-

191 2154 344 2193 dionem
363 2155 607 2203 admovisset,
628 2170 742 2208 agger
762 2157 898 2195 flebitis
917 2166 955 2196 et
975 2159 1186 2196 horrendus
1207 2173 1226 2196 e
1248 2159 1502 2196 cadaveribus
1523 2158 1646 2196 factus

190 2227 258 2261 est,
287 2220 400 2270 [255]
432 2233 500 2270 per
520 2235 635 2271 quem
666 2221 714 2259 ad
743 2224 1069 2273 oppugnationem
1092 2224 1196 2261 urbis
1230 2223 1525 2260 ascenderetur:
1557 2235 1645 2272 quae

189 2283 272 2320 telis
305 2296 351 2321 ac
384 2286 645 2331 mucronibus,
680 2287 787 2325 velut
817 2288 923 2325 calce
944 2294 1164 2338 compacta,
1201 2288 1361 2325 invicem
1384 2286 1645 2330 cohaerebant,

190 2346 366 2396 murique
386 2348 602 2398 cujuspiam
623 2349 789 2388 officium
813 2351 1091 2390 ministrabant.
1150 2353 1206 2389 lte
1240 2365 1338 2388 nunc
1370 2351 1493 2388 miseri
1527 2357 1565 2387 et
1597 2349 1649 2387 ci-

190 2408 327 2446 vilibus
349 2411 457 2448 bellis
477 2412 709 2451 incumbite:
741 2415 912 2466 dumque
932 2417 1013 2453 aliis
1034 2415 1209 2453 invidetis
1230 2415 1401 2464 vosipsos
1421 2414 1644 2465 opprimite.

192 2473 292 2511 Ecce
309 2473 358 2511 de
381 2475 511 2512 vestris
532 2476 785 2515 cadaveribus
805 2480 1031 2528 superstites
1051 2481 1084 2501 ⁴⁷
1099 2478 1438 2528 oppugnantibus:
1469 2490 1516 2514 an
1539 2476 1644 2514 aliud

231 2579 272 2607 37
298 2578 413 2615 Forte,
438 2582 567 2610 tanta.—
585 2582 625 2609 38
651 2581 753 2611 Forte
779 2580 983 2619 addendum,
1011 2584 1301 2611 monumenta—80
1326 2581 1429 2620 Lege,
1455 2579 1646 2610 c¹›,⁷.·5c·''sc‹re'.

194 2633 272 2660 -10
298 2631 630 2671 Lege.quidum.ss-ll
659 2633 771 2671 Forte,
787 2634 1002 2664 aua-iliade
1028 2635 1223 2674 Foru-‚pne
1237 2644 1268 2663 se
1285 2635 1432 2663 helcrunt.
1480 2636 1518 2662 ⁴22
1549 2633 1647 2671 Lege,

188 2684 496 2715 crcaetutitatemf-tt
525 2685 628 2723 Lege,
645 2686 870 2717 lwstironff--ts
891 2688 994 2721 Lege.
1016 2688 1248 2719 ‘'cesaria—46
1266 2686 1545 2727 Forte,sibi.›—47
1569 2686 1647 2715 For-

193 2741 237 2775 te,
252 2741 469 2777 oppugnantur
485 2751 493 2769 :
513 2750 550 2770 an
568 2741 652 2770 uliud
665 2739 798 2781 petitis!
822 2751 860 2771 un
880 2741 1048 2781 quievit-nm.
