1850 3109
188 161 302 207 18⁴4
617 176 656 207 ι.
689 174 827 207 cust
860 176 1210 208 communen

187 268 312 309 amnis
341 269 390 307 ad
425 270 546 322 ripam
565 269 650 308 ⁶⁵de
680 271 815 309 eodem
838 277 1032 321 nutenquc
1054 272 1151 310 ultro
1172 273 1344 323 citroque
1371 272 1508 324 legatis
1529 286 1640 324 agere

187 333 393 373 voluisset:
424 342 542 385 atque
563 336 645 373 haec
667 337 792 373 omnia
812 348 887 372 non
910 343 1011 372 metu
1032 336 1173 386 aliquo,
1197 336 1261 374 sed
1281 338 1445 387 pietate;
1467 335 1581 387 [206]
1601 343 1643 375 ut

187 397 291 435 civili
310 396 569 449 ⁶⁶sanguinum
608 405 841 448 parceretur,
877 410 922 434 ex
952 396 1115 434 adverso
1147 407 1272 437 autem
1311 414 1423 450 quam
1460 401 1642 450 superbe,

188 474 383 513 quamque
414 463 529 511 impie
551 462 608 498 vel
635 462 821 511 neglectae
842 461 1043 510 petitiones
1064 475 1154 505 suae,
1178 463 1237 499 vel
1256 464 1417 500 telorum
1438 464 1549 501 etiam
1573 464 1642 501 im·

186 526 364 565 missione
398 524 572 573 repulsae,
596 537 770 574 maguam
799 524 993 562 nobilibus
1021 525 1152 561 animis
1187 525 1410 574 indignandi
1445 527 1644 564 materiam

184 589 462 638 praebuissent:
496 587 551 624 his
569 588 774 637 explicitis,
794 588 1167 638 obsecrautibusque
1188 588 1385 634 militibus,
1408 602 1546 640 pugnae
1575 589 1648 639 sig-

185 664 276 688 num
296 650 420 688 dedit.
477 651 568 688 Erat
588 650 684 688 forte
718 651 753 688 in
783 651 953 689 exercitu
973 652 1182 698 Crastinus,
1217 653 1282 703 qui
1321 653 1438 702 priori
1473 660 1644 704 tempore

185 715 346 753 honesto
372 714 495 765 gradu
524 715 594 752 sub
623 716 775 753 Caesare
813 716 1024 761 militasset,
1065 723 1154 754 tuuc
1193 730 1282 754 vero
1313 730 1388 754 non
1416 716 1560 754 militiae
1587 730 1643 754 sa-

186 786 397 824 cramento,
420 792 498 829 quo
527 779 675 816 solutus
705 786 797 822 erat,
826 780 890 816 sed
923 781 1013 828 jure
1051 781 1218 830 quodam
1249 781 1426 818 amicitiae
1463 787 1643 819 evocatus

183 841 329 887 aderat,
368 842 426 879 vir
464 843 598 880 bellica
641 844 780 880 virtute
817 844 1103 881 memorabilis:
1147 845 1209 882 hic.
1251 846 1412 882 Caesaris
1456 846 1644 883 concione

183 904 389 951 intellecta,
425 913 462 944 et
494 907 602 957 signo
639 907 761 956 proelii
796 906 957 951 audito:
999 907 1116 944 alacri
1154 908 1260 945 vultu
1299 920 1344 944 ac
1384 921 1495 945 voce:
1536 914 1546 928 ‘
1579 909 1645 946 Se·-

185 969 450 1018 quimiuime,’
470 970 607 1020 inquit,
630 971 904 1020 ‘manipulares
938 972 1028 1008 olim
1062 972 1148 1016 mei,
1187 979 1227 1009 et
1258 972 1481 1023 imperatori
1517 978 1644 1009 vestro

186 1045 301 1082 quam
319 1033 465 1071 debetis
480 1048 636 1084 operam
653 1035 857 1072 exhibete:
881 1035 1056 1072 ultimum
1075 1036 1148 1073 lioc
1167 1036 1342 1086 proelium
1364 1043 1443 1075 est:
1465 1049 1543 1087 quo
1563 1049 1647 1086 per-

183 1103 273 1134 acto
312 1098 373 1135 ille
410 1111 518 1136 suam
552 1099 796 1150 dignitatem,
832 1113 902 1137 nos
937 1108 1106 1138 nostram
1146 1101 1457 1151 recuperabimus
1489 1100 1644 1138 liberta-

183 1164 288 1199 tem.'
341 1163 490 1200 Dehinc
518 1177 647 1201 versus
677 1164 713 1200 in
753 1164 966 1201 Caesarem:
1000 1171 1010 1184 ‘
1033 1164 1211 1209 Faciam,'
1240 1165 1376 1214 inquit,
1412 1164 1645 1214 ‘imperator

182 1224 316 1269 hodie3
348 1226 450 1263 unde
482 1227 541 1264 vel
563 1227 649 1264 vivo
678 1227 770 1264 milii
792 1228 850 1265 vel
884 1234 1037 1265 mortuo
1071 1228 1210 1278 gratias
1242 1231 1365 1279 agasz'
1395 1229 1476 1266 haec
1510 1227 1642 1266 dicens

181 1288 350 1337 primum
381 1290 420 1327 in
454 1291 581 1328 hostes
613 1291 797 1341 impetum
828 1290 934 1328 fecit:
964 1305 1130 1341 eumque
1164 1292 1296 1329 dilecti
1334 1292 1470 1330 milites
1491 1292 1644 1330 circiter

181 1359 337 1390 centum
360 1353 490 1403 viginti
510 1355 720 1392 voluntarie
743 1355 940 1405 prosecuti
974 1362 1076 1392 sunt.
1134 1357 1273 1393 Fuerat
1305 1362 1346 1393 ut
1377 1356 1493 1406 aliqui
1529 1356 1644 1394 tradi-

182 1415 270 1454 dere
290 1420 376 1465 (nee
398 1418 580 1456 dissimile
595 1419 671 1456 veri
692 1423 765 1465 est)
784 1417 977 1470 ⁶⁷quidam
1002 1420 1197 1470 utriusque
1217 1420 1252 1457 iu
1274 1421 1357 1470 ipso
1371 1433 1510 1471 puguae
1533 1418 1636 1471 prin-

181 1479 283 1529 cipio
303 1480 390 1531 pius
411 1487 558 1532 torpor,
589 1483 655 1533 qui
677 1483 830 1520 strictos
857 1483 942 1532 jam
963 1483 1113 1534 gladios
1135 1484 1367 1522 contineret:
1398 1497 1531 1534 nempe
1553 1498 1642 1523 cum

179 1544 345 1592 germani
362 1558 451 1583 suos
473 1545 608 1584 fratres
626 1547 674 1583 ab
695 1547 857 1584 adversa
876 1547 967 1593 acie,
986 1554 1163 1596 parentes
1186 1547 1298 1593 filios,
1318 1554 1356 1585 et
1377 1555 1553 1598 parentes
1574 1546 1642 1586 filii

179 1606 372 1645 viderent:
404 1609 528 1647 donec
563 1611 761 1649 Crastinus
797 1612 859 1648 liic
888 1612 1145 1661 praecipitanti
1176 1612 1281 1649 rabie
1318 1625 1451 1649 vocem
1487 1612 1640 1650 tolleret

179 1670 377 1720 pilumque
398 1679 612 1722 torqueret:
644 1675 696 1711 ita
730 1675 905 1724 proelium
942 1682 1111 1726 coepturn
1146 1683 1217 1713 est.
1276 1677 1389 1720 Quod
1423 1676 1493 1713 nisi
1528 1677 1638 1714 unius

178 1734 283 1772 furor
302 1735 473 1774 homines
490 1735 733 1785 ⁶⁸micuisset,
748 1746 899 1789 poterat
916 1739 1073 1777 fortasse
1093 1740 1261 1778 ducibus
1283 1741 1373 1790 ipsis
1390 1741 1639 1790 patientibus,

178 1798 274 1836 citra
303 1801 465 1838 Romani
497 1802 645 1852 imperii
679 1803 912 1854 humanique
943 1804 1090 1854 generis
1112 1805 1321 1850 excidium,
1344 1812 1475 1842 mutua
1497 1804 1637 1855 pietate

179 1864 377 1913 componi:
410 1865 476 1902 sed
507 1867 603 1916 proh
637 1864 799 1913 ⁶⁹dulor‚
832 1868 1008 1905 inventus
1040 1874 1111 1913 est,
1146 1868 1212 1918 qui
1245 1870 1394 1907 Caesare
1427 1869 1512 1918 ipso
1533 1868 1641 1907 diffe-

176 1933 296 1972 rente,
319 1937 551 1978 properaret,
573 1944 697 1979 ueque
731 1931 812 1981 ipse
846 1938 973 1970 tamen
1004 1934 1097 1970 tanti
1130 1933 1216 1970 mali
1236 1941 1369 1970 auctor
1387 1933 1479 1969 abiit
1504 1932 1640 1970 immu-

177 1990 257 2027 nis:
289 1990 404 2028 infixo
426 1993 463 2028 in
495 2007 537 2029 os
557 1994 685 2042 gladio
716 1995 811 2031 iuter
832 1995 1020 2032 cadavera
1050 2009 1137 2032 mox
1172 1995 1346 2032 iuventus
1369 2002 1486 2045 atque
1508 2007 1639 2043 recog-

175 2054 299 2091 nitus:
330 2063 596 2106 notatumque,
637 2058 711 2094 oris
746 2058 901 2096 vulnere
940 2058 1014 2096 oris
1051 2060 1236 2109 impetum
1274 2059 1452 2109 punitum
1492 2059 1636 2096 ultione

169 2119 397 2168 justissima.
419 2120 533 2170 [¹207]
555 2122 795 2159 Concursum
824 2129 883 2160 est
913 2123 948 2160 in
981 2123 1126 2172 campis
1145 2123 1371 2166 Thessaliae,
1392 2135 1489 2172 quos
1510 2122 1638 2160 7οΡὺί-

175 2182 303 2232 lippos
324 2192 483 2221 vocant:
514 2184 618 2222 illum
641 2184 713 2222 sibi
735 2185 877 2230 locum,
900 2186 1035 2223 Roma:
1057 2185 1232 2223 invidens
1253 2185 1407 2223 fortuna
1427 2185 1633 2235 delegerat,

178 2247 240 2284 ubi
261 2246 310 2284 ab
332 2248 506 2285 hostibus
527 2248 686 2286 imictas
710 2249 899 2286 Romanas
921 2262 1012 2299 opes
1034 2249 1210 2287 manibus
1232 2250 1413 2287 Romanis
1433 2256 1633 2295 everteret,

176 2309 456 2360 imperiumque
477 2325 698 2362 supremum
727 2313 964 2362 irreparabili
985 2312 1095 2350 clade
1115 2319 1340 2363 protereret.
1397 2313 1455 2349 De
1476 2325 1633 2350 numero

177 2374 375 2424 copiarum
410 2375 520 2423 louge
552 2376 659 2413 aliter
693 2382 845 2413 narrant
879 2382 1079 2413 auctores:
1109 2376 1144 2412 iu
1181 2375 1444 2424 magnitudine
1474 2375 1635 2425 periculi

176 2450 306 2474 omnes
326 2446 558 2475 consonant:
591 2439 705 2487 plena
725 2439 853 2475 omnia
875 2445 965 2475 sunt
985 2438 1179 2475 lamentis:
1210 2445 1247 2475 et
1269 2440 1335 2487 qui
1357 2438 1539 2476 minorem
1562 2452 1634 2475 nu-

176 2514 321 2538 merum
356 2500 504 2545 dicunt,
539 2502 689 2538 addunt
724 2510 847 2539 tamen
869 2503 886 2519 ¹*
909 2502 1024 2539 nostri
1059 2503 1284 2539 immensum
1319 2502 1475 2551 quidum
1509 2502 1634 2539 lector

174 2564 295 2613 possit
316 2572 439 2602 niente
461 2565 680 2615 concipere.
738 2565 861 2602 Annei
890 2565 1044 2614 quidem
1080 2565 1194 2610 Hori,
1229 2566 1295 2615 qui
1332 2567 1428 2603 lianc
1457 2578 1535 2603 rem
1558 2566 1633 2603 ele-

216 2683 256 2710 65
283 2680 399 2719 Forte,
420 2681 458 2711 de
475 2680 733 2711 metendis—66
758 2680 874 2719 Forte,
897 2680 1139 2719 sanguina-267
1167 2680 1284 2717 Forte,
1306 2679 1505 2719 parlim-68
1529 2678 1630 2719 Lege,

171 2731 441 2765 minuma—69
466 2733 571 2774 Lege,
587 2735 769 2765 dolon—70
795 2734 900 2774 Lege,
915 2734 1116 2774 Philippicos,
1133 2739 1191 2765 aut
1208 2733 1394 2774 Philippeos.
