1850 3109
371 175 462 206 mu.
487 175 560 205 111.
592 174 697 205 CAP.
727 164 795 204 Ψ.
830 174 892 204 DE
927 175 1082 205 animo
1116 177 1286 209 cuim.

109 286 207 317 qnam
224 276 374 308 molliori.
419 276 508 308 Illud
523 276 632 316 potius
659 276 739 307 mihi
756 276 802 307 vi-

109 326 211 357 detur
231 326 343 357 dicere
361 326 495 363 Caesar3
522 335 647 356 moram
667 336 801 369 suorum

107 376 425 417 idcirc-ojustiorcm
442 377 596 407 habuisse
620 378 802 417 reprehen-

105 427 246 466 sionem,
260 426 349 468 quod
365 426 480 457 durius
493 427 643 467 quotidie
659 433 802 468 tempus,

105 481 140 508 et
157 487 221 518 quo
238 477 329 507 venti
346 477 387 507 ad
407 477 705 516 transportandum
722 478 802 509 leni-

102 535 178 557 ores
195 526 303 556 rarius
316 525 449 566 flarent,
465 537 538 558 esse
557 527 629 567 jam
648 537 707 568 pro
723 528 801 558 anni

105 580 309 616 tempestate
351 577 627 616 exspectandum.
690 578 798 609 Clark.

101 625 207 658 Quasi
227 625 356 656 diceret
373 626 508 657 Caesar:
545 627 636 658 Dum
660 636 800 667 exspec-

101 673 220 705 tabant
242 675 386 706 leniores
415 682 533 707 ventos
560 677 601 707 ad
628 681 800 717 transpor-

102 724 252 764 tandum,
302 726 534 765 exspectando
584 727 800 767 accipiebant

100 767 252 815 quotidie
269 775 382 805 durius
400 780 543 815 tempus
589 776 681 807 Male
703 777 799 808 Ciac-

100 824 218 855 eonius
249 824 387 864 conjicit
414 825 648 865 exspectabatur
679 826 798 857 eodem

101 883 210 913 sensu,
235 883 301 915 quo
326 875 381 904 alii
409 884 470 915 per
497 875 660 915 sperabant
691 877 798 916 expli-

101 928 192 955 cant.

109 991 112 994 ·
145 976 182 1004 14
221 974 256 1005 Si
288 975 333 1004 rel
363 977 402 1006 ml
434 974 527 1004 litora
555 975 798 1015 Apolloniatium

97 1035 218 1055 cmsum
233 1025 416 1064 dirigerent,
432 1028 508 1065 qood
537 1036 572 1056 eo
586 1036 676 1056 nave-s·
690 1027 798 1064 ejicere

94 1074 233 1114 possent]
264 1075 338 1105 Sive
360 1078 399 1106 ad
427 1077 533 1106 liltora
554 1076 797 1115 Apolloniatium

95 1119 216 1155 cursum
231 1125 378 1164 dirigere,
401 1129 492 1164 alque
514 1135 546 1155 eo
574 1135 665 1156 nares
689 1127 798 1165 digere

93 1178 235 1214 possent:
273 1174 320 1204 sic
351 1174 418 1204 Ms.
459 1175 575 1215 Cujac.
613 1180 648 1206 et
679 1177 796 1207 caeteri

96 1234 210 1256 onmes
226 1236 233 1255 ε
259 1225 322 1256 nisi
338 1225 427 1265 quod
442 1225 474 1255 in
490 1225 602 1256 Palat.
619 1230 670 1257 est
683 1227 795 1266 (licere,

97 1274 131 1305 ‘rn
155 1276 262 1315 Bong.
289 1275 409 1314 elicere,
424 1275 457 1305 in
483 1276 602 1307 Petav.
619 1276 743 1315 eligere,
760 1282 796 1308 et

96 1325 145 1356 sic
176 1335 308 1366 quoque
336 1326 369 1356 in
395 1331 510 1356 nostro
536 1336 565 1356 v.
592 1335 622 1356 c.
652 1327 795 1366 reperio.

96 1376 240 1416 Vulgata
259 1380 408 1416 praestat.
455 1376 584 1406 Vossius.
629 1376 721 1407 Edit.
738 1376 795 1407 Al-

95 1426 164 1457 din.
181 1426 282 1457 habet
297 1429 327 1456 et
348 1427 388 1456 ad
406 1425 532 1456 Oricum
556 1427 618 1456 sice
634 1428 674 1456 ad
685 1427 795 1458 littora

95 1477 342 1517 ‚Apolloniatium
357 1486 489 1515 cursum,
505 1477 556 1515 &a
591 1476 647 1506 Sic
664 1481 699 1507 et
715 1476 794 1507 Am-

97 1527 352 1558 stelodamensis
378 1526 420 1557 A.
445 1527 491 1557 D.
519 1528 613 1557 1697.
630 1526 690 1556 sed
707 1527 792 1557 hanc

95 1577 274 1609 lectionem
304 1577 430 1617 rejicio,
457 1576 536 1617 quia
563 1576 704 1607 Oricum
720 1576 793 1608 fere

95 1635 228 1668 semper
245 1626 512 1657 adversariorum
534 1626 696 1657 classibus
710 1627 795 1657 obsi-

96 1677 254 1716 debatur,
271 1682 499 1717 praetcrquam
517 1676 605 1717 qnod
621 1685 678 1707 eas
694 1685 794 1707 voces

97 1736 162 1757 non
179 1727 361 1757 exhibeant
384 1727 466 1757 Mss.
494 1732 528 1756 et
547 1732 683 1756 veteres
711 1726 794 1758 cusi.

96 1776 213 1807 Codex
230 1777 393 1816 Bougars.
417 1781 452 1806 et
468 1776 568 1806 editt.
594 1777 689 1806 Rom.
707 1776 793 1806 Ven.

94 1827 252 1859 Beroald.
280 1827 498 1864 Dimitterent,
525 1825 589 1856 sive
617 1827 657 1856 ad
686 1826 795 1856 littora

92 1878 333 1919 Apolloniatium
363 1877 431 1918 (vel
453 1875 697 1916 Apolloniatum)
726 1885 793 1906 cur-

91 1937 160 1958 sum
181 1928 318 1967 dlrigere
333 1931 423 1967 atque
439 1936 472 1956 eo
488 1935 580 1956 naves
594 1926 703 1956 elicere
725 1936 793 1966 pos·

90 1979 166 2008 mut.
210 1976 266 2007 sic
283 1981 318 2007 et
335 1976 392 2006 alii
406 1985 537 2015 omncs,
550 1975 626 2014 nisi,
651 1975 740 2016 quod
757 1976 791 2006 in

94 2027 216 2058 P'etav.
237 2027 375 2058 Nox-vic.
392 2032 426 2057 et
444 2027 540 2056 Voss.
559 2026 602 2056 sit
617 2025 740 2064 eligere,
756 2025 791 2056 in

94 2076 210 2118 Cujae.
225 2077 342 2116 digere,
358 2077 390 2106 iu
407 2076 518 2107 Palat.
533 2076 633 2106 dicere
655 2079 790 2115 possent.

94 2126 361 2158 &scribendum
389 2125 492 2156 credo
531 2126 738 2165 dimitterent,
763 2127 792 2156 si

93 2177 140 2207 tel
153 2177 193 2207 ud
209 2177 315 2206 littora
339 2176 583 2216 Apolloniatium
608 2186 729 2206 cursum
744 2176 790 2206 di-

92 2226 206 2267 rigere,
235 2231 325 2266 atque
349 2237 381 2256 «o
406 2236 496 2256 naves
523 2226 633 2263 ejicere
655 2230 797 2266 possent,-

92 2284 192 2318 quam
209 2278 388 2307 lectionem
407 2277 462 2306 Fr.
479 2278 580 2307 etiam
604 2277 796 2306 Hotoman-⁷

92 2335 152 2357 nus
169 2327 203 2357 in
221 2332 337 2358 velere
354 2336 412 2357 suo
436 2327 604 2357 iuventam
623 2326 790 2365 probavit.

93 2378 202 2410 Dacis.
239 2380 273 2410 Si
292 2381 345 2410 vel
368 2381 407 2409 ad
421 2380 527 2409 littora
543 2379 789 2418 Apolloniatium

91 2428 212 2460 cursum
229 2429 326 2468 dirige
334 2439 377 2467 re,
401 2434 501 2469 atque
517 2439 549 2458 eo
574 2439 666 2459 nares
680 2429 789 2465 ejicere

87 2478 219 2519 poSsent.
258 2479 354 2510 Hanc
376 2480 552 2509 lectionem
576 2480 690 2509 intulit
718 2480 788 2510 Ho-

93 2533 268 2559 tomannus
283 2535 318 2560 et
332 2529 503 2568 Davisius,
519 2539 560 2559 ex
576 2529 680 2560 Editt.
694 2530 787 2560 Vett.

94 2584 129 2608 et
141 2579 223 2610 Mss.
239 2582 312 2611 suis.
346 2581 553 2613 Quibuscum
571 2586 788 2611 consentiunt

94 2628 176 2658 Mss.
195 2633 276 2669 heg.
304 2636 339 2660 et
366 2631 488 2660 voss-1.
536 2630 609 2660 Msi
639 2630 729 2670 quod
754 2630 787 2660 in

94 2676 178 2708 Mss.
202 2685 362 2719 corrupte
377 2681 420 2711 sit
434 2681 498 2710 sice
524 2681 627 2720 prosi
653 2682 722 2716 vel;
753 2686 788 2711 et

93 2727 201 2759 elicere
226 2729 280 2760 vel
307 2730 430 2770 eligere,
453 2739 515 2770 pro
528 2731 647 2769 ejicere.
693 2730 785 2762 Edit.

1436 171 1547 213 1471

855 268 991 307 Aldina,
1007 274 1043 300 et
1063 269 1396 303 Amstelaedamensis
1411 284 1550 315 nupera,

854 324 889 350 et
900 319 1047 358 CcHarii,
1061 320 1240 359 exhibent;
1264 323 1552 361 ut—-dimittereut;

854 373 889 399 et
906 369 948 399 ad
968 369 1106 400 Oricum
1123 371 1193 401 sive
1220 373 1261 401 ad
1285 373 1552 413 littora—dirige-

853 422 934 456 rent,
957 419 1047 459 quod
1064 429 1097 449 eo
1112 422 1276 459 nares,t5·c.
1311 422 1378 452 Sed
1398 432 1494 454 voces
1509 424 1552 455 is-

855 473 911 507 tue,
926 472 957 499 et
979 470 1019 499 azl
1037 470 1175 509 Oricum,
1190 470 1222 500 in
1241 471 1320 502 Mss.
1337 481 1400 502 non
1417 482 1552 513 compa-

854 523 929 548 rent
944 529 952 555 ;
977 524 1012 549 et
1029 524 1209 558 praeterea,
1226 520 1280 561 (ut
1296 528 1389 553 recte
1411 523 1553 555 adnotat

853 568 1037 609 Davisius‚)
1056 570 1184 600 Oricum
1196 580 1330 612 semper
1343 572 1415 604 fere
1431 573 1552 605 adver-

852 622 1019 652 sariorum
1048 623 1209 654 classibus
1247 624 1482 665 obsidebatur,
1514 631 1552 658 ut

851 671 942 701 nullo
959 672 1058 703 modo
1086 673 1261 713 probabile
1286 676 1329 706 sit
1351 681 1484 715 portum
1513 678 1552 708 il-

850 721 918 751 lum
943 724 1169 763 appetituros.
1214 727 1365 765 Scaliger
1388 732 1423 758 et
1450 729 1550 768 pleri-

852 781 914 812 que
931 773 1113 805 ediderunt
1128 778 1163 806 ut
1185 777 1390 817 dimitterent,
1402 778 1430 808 si
1449 780 1494 810 vel
1509 781 1550 811 ad

850 821 887 852 L.
902 823 942 853 A.
962 825 998 854 C.
1015 824 1212 864 dirigerent;
1244 829 1334 867 quod,
1349 830 1400 867 ξε.
1426 839 1492 870 qua
1514 830 1548 860 in

849 871 994 904 lectione
1020 874 1176 906 vitiosum
1209 876 1306 915 illud,
1333 880 1412 917 quod
1434 879 1549 919 dirige-

849 926 917 953 rent
940 930 1087 964 ponatur
1115 926 1170 957 vix
1190 928 1309 958 Latine
1335 938 1396 968 pro
1411 930 1550 968 dirigere

844 977 978 1012 possent.
1014 976 1122 1006 Clarlc.
1172 978 1214 1007 Et
1237 979 1277 1008 ad
1309 979 1435 1009 Oricum
1466 980 1550 1010 inse-

851 1029 929 1054 runt
951 1026 1053 1056 etiam
1070 1027 1210 1059 Vascos.
1229 1029 1346 1069 steph.
1369 1031 1438 1061 Str.
1454 1031 1547 1062 Man.

850 1074 1123 1114 Grypii.scili‹·et
1142 1078 1220 1118 quia
1245 1080 1405 1119 supplere
1433 1081 1548 1112 conati

849 1128 940 1161 sunt,
957 1134 1030 1164 quae
1048 1127 1249 1167 credebant,
1273 1131 1465 1168 pram-edere
1491 1132 1548 1161 de-

851 1171 929 1203 bere
946 1173 1003 1203 illa
1018 1175 1104 1211 επὶ-ε,-
1134 1178 1182 1207 uti
1199 1184 1249 1208 est
1267 1188 1399 1219 quoque
1415 1181 1447 1210 in
1466 1182 1549 1212 Mss.

847 1224 929 1253 meis
947 1225 1110 1256 omnibus.
1162 1227 1216 1257 Vel
1239 1228 1374 1268 quidem
1396 1230 1547 1261 restituit

846 1283 913 1304 non
929 1275 1016 1305 male
1034 1276 1280 1309 Hotomannns.
1327 1280 1547 1319 Quasidicat,

845 1324 880 1354 Si
896 1325 995 1356 aliter
1010 1336 1075 1357 non
1094 1333 1243 1367 possent,
1257 1330 1375 1367 saltem,
1390 1331 1484 1361 etiam
1507 1333 1547 1361 act

845 1374 948 1413 litora,
975 1377 1028 1415 δῖε,
1075 1378 1163 1407 Vide
1202 1379 1325 1417 Veget.
1360 1388 1382 1410 1.
1412 1383 1462 1410 13.
1504 1381 1546 1411 aa

846 1424 965 1455 Front.
990 1435 1028 1456 11.
1046 1428 1175 1467 3.§1(5:
1202 1437 1249 1457 1v.
1270 1433 1300 1458 5.
1322 1432 1353 1459 6.
1393 1429 1545 1461 Doctiss.

846 1474 996 1515 Cauneg.
1030 1476 1176 1507 Dissert.
1202 1478 1243 1508 de
1273 1478 1402 1509 Aviano
1422 1489 1454 1518 p.
1472 1482 1545 1510 263.

846 1523 951 1555 Plura
973 1525 1049 1556 vide
1076 1526 1110 1556 in
1136 1527 1265 1558 sanctii
1295 1528 1380 1558 Min.
1398 1537 1447 1559 ιν.
1464 1532 1494 1559 7.
1510 1533 1546 1560 et

845 1573 891 1603 ibi
917 1574 1028 1605 Periz,
1044 1576 1061 1615 §
1076 1578 1126 1606 15.
1145 1579 1196 1607 16.
1245 1577 1454 1617 Quamquam
1480 1588 1544 1617 ego

846 1624 957 1663 potius
983 1626 1047 1656 sice
1072 1635 1148 1656 cum
1173 1627 1255 1657 Mss.
1281 1633 1318 1658 et
1335 1628 1421 1658 Edd.
1447 1629 1542 1659 Vett.

847 1674 988 1712 retineo,
1015 1675 1133 1706 eodem
1164 1676 1236 1707 fere
1268 1687 1381 1715 sensu,
1415 1682 1450 1708 et
1481 1688 1544 1718 pro

845 1723 940 1753 etiam
952 1726 989 1753 si.
1033 1725 1089 1755 Sic
1104 1734 1155 1755 seu
1171 1727 1275 1757 semel
1293 1727 1437 1765 positum
1452 1727 1544 1758 idem

845 1777 942 1803 notat
969 1773 1058 1812 apud
1083 1774 1241 1814 Propert.
1272 1777 1322 1807 El.
1352 1785 1391 1806 11.
1411 1780 1462 1807 20.
1488 1780 1542 1808 29.

845 1824 931 1853 ‘seu
960 1833 1053 1854 mare
1072 1834 1131 1864 pei·
1159 1826 1293 1865 longum
1318 1836 1393 1857 mea
1413 1827 1544 1867 cogitet

844 1872 894 1903 ire
911 1875 1036 1913 puella,
1058 1874 1156 1905 Hanc
1182 1885 1312 1916 sequar,
1329 1883 1363 1907 et
1377 1877 1460 1907 fidos
1478 1888 1544 1908 una

843 1927 920 1962 aget
939 1933 1020 1954 aura
1035 1924 1144 1955 duos?
1186 1926 1259 1956 Msi
1271 1936 1312 1956 ex
1324 1930 1424 1966 atque,
1438 1928 1542 1967 quod,

843 1973 894 2002 uti
909 1978 945 2003 et
959 1973 1108 2014 dirigere,
1124 1975 1227 2005 etiam
1244 1982 1296 2006 est
1322 1977 1354 2006 in
1379 1978 1460 2008 meis
1478 1978 1542 2009 Co-

843 2023 988 2063 dicibus,
1015 2025 1099 2055 velis
1130 2026 1296 2066 retingeie
1327 2031 1391 2057 aut.
1453 2028 1542 2058 Nam

843 2080 919 2114 post
934 2076 999 2106 sire
1014 2076 1163 2107 secundo
1179 2077 1253 2107 loco
1278 2077 1458 2117 aliquando
1481 2088 1541 2118 po-

842 2126 934 2156 nitur
951 2130 1051 2157 nutet
1072 2127 1130 2157 vel.
1175 2127 1243 2158 Adi
1261 2128 1331 2158 Cel.
1348 2128 1478 2159 Duker.
1497 2129 1538 2160 ad

843 2176 932 2207 Flor.
950 2186 999 2207 ιν.
1017 2178 1075 2217 2.§
1090 2179 1142 2207 79.
1181 2178 1338 2218 Denique
1359 2188 1420 2217 pro
1434 2178 1541 2215 efficere

843 2231 895 2256 est
924 2235 1055 2267 quoque
1078 2228 1186 2257 elicere
1209 2228 1241 2256 iu
1259 2229 1338 2258 Lov.
1364 2228 1458 2259 Leid.
1487 2238 1538 2268 pr.

841 2283 908 2305 sec.
925 2276 1031 2306 Dorv.
1049 2280 1084 2306 et
1112 2277 1201 2307 Edd.
1226 2277 1368 2308 Medioi.
1392 2288 1430 2308 ac
1450 2279 1538 2309 Ven.

841 2325 978 2364 dirigere
1004 2326 1101 2358 Voss.
1129 2326 1189 2357 sed
1216 2336 1331 2367 prave.
1380 2326 1465 2358 Vide
1484 2328 1539 2359 hic

843 2375 1000 2406 Ciaccon.
1025 2381 1060 2406 et
1082 2385 1115 2406 v.
1134 2379 1186 2407 10.
1219 2378 1232 2393 ⁴
1250 2385 1351 2407 naves
1377 2387 1409 2406 m
1437 2377 1538 2408 litore

841 2427 968 2467 ejectas
979 2426 1079 2457 esse!
1108 2426 1204 2461 lut'ra
1220 2436 1247 2457 c.
1263 2430 1316 2458 28.
1341 2428 1350 2444 ‘
1368 2437 1488 2457 navem
1502 2428 1538 2458 in

841 2483 965 2508 terrani
981 2478 1108 2518 ejicere
1120 2482 1246 2518 cogunt
1258 2477 1278 2508 ε’
1301 2484 1335 2508 et
1350 2479 1402 2508 cl.
1418 2478 1536 2508 Burm.

840 2527 881 2558 ud
898 2528 998 2558 Oviu.
1017 2528 1127 2568 Epist.
1154 2537 1217 2558 vn.
1242 2530 1294 2558 59.
1339 2532 1347 2544 ‘
1365 2527 1535 2558 Fluctibus

840 2579 985 2618 ejeclum
1014 2584 1087 2609 tuta
1113 2579 1255 2608 statium
1278 2577 1412 2616 recepi!
1458 2577 1535 2606 Bel-

840 2630 915 2668 gice
941 2630 1047 2668 ejicere
1062 2639 1169 2659 narem
1184 2633 1318 2658 notaret
1334 2630 1385 2656 net
1398 2625 1482 2664 schip
1498 2636 1536 2664 op

838 2681 947 2709 strand
962 2682 1087 2710 :etteru
1110 2684 1147 2709 ut
1169 2679 1221 2708 vel
1244 2678 1291 2706 sic
1315 2676 1437 2706 milites
1461 2683 1535 2714 pos-

839 2734 917 2760 sent
937 2729 1073 2770 exponi,
1088 2729 1115 2759 si
1138 2732 1273 2768 portum
1289 2723 1469 2766 quemdam
1484 2728 1534 2755 at-
